169116,3.16480000,23.23000000,73.51830400,1609459220410,True,True
169117,3.14330000,57.00000000,179.16810000,1609459243951,True,True
169118,3.14250000,15.58000000,48.96015000,1609459250428,True,True
169119,3.14250000,7.65000000,24.04012500,1609459250439,True,True
169120,3.12850000,15.54000000,48.61689000,1609459250439,True,True
169121,3.12850000,0.04000000,0.12514000,1609459250439,True,True
169122,3.12910000,100.00000000,312.91000000,1609459291717,True,True
169123,3.12900000,100.00000000,312.90000000,1609459291725,True,True
169124,3.12870000,100.00000000,312.87000000,1609459292507,True,True
169125,3.12850000,23.23000000,72.67505500,1609459292507,True,True
169126,3.12850000,99.97000000,312.75614500,1609459292507,True,True
169127,3.13180000,50.60000000,158.46908000,1609459442107,True,True
169128,3.15480000,273.43000000,862.61696400,1609459703786,False,True
169129,3.15490000,23.23000000,73.28832700,1609459703998,False,True
169130,3.15500000,138.97000000,438.45035000,1609459703998,False,True
169131,3.14910000,4.50000000,14.17095000,1609459725725,False,True
169132,3.14910000,0.07000000,0.22043700,1609459736983,False,True
169133,3.15010000,23.20000000,73.08232000,1609459741326,True,True
169134,3.15000000,94.00000000,296.10000000,1609459741376,True,True
169135,3.14990000,97.19000000,306.13878100,1609459741384,True,True
169136,3.15000000,97.72000000,307.81800000,1609459743341,True,True
169137,3.15010000,94.00000000,296.10940000,1609459744409,True,True
169138,3.14950000,88.25000000,277.94337500,1609459744419,True,True
169139,3.15500000,0.06000000,0.18930000,1609459749753,False,True
169140,3.17100000,79.74000000,252.85554000,1609459754777,False,True
169141,3.17150000,23.23000000,73.67394500,1609459754786,False,True
169142,3.17980000,250.00000000,794.95000000,1609459754924,False,True
169143,3.17980000,165.23000000,525.39835400,1609459754924,False,True
169144,3.17980000,320.18000000,1018.10836400,1609459754924,False,True
169145,3.17980000,186.73000000,593.76405400,1609459754924,False,True
169146,3.17980000,351.96000000,1119.16240800,1609459754924,False,True
169147,3.18000000,116.79000000,371.39220000,1609459774942,False,True
169148,3.18330000,94.82000000,301.84050600,1609459774942,False,True
169149,3.18330000,0.01000000,0.03183300,1609459774943,False,True
169150,3.18570000,94.96000000,302.51407200,1609459775072,False,True
169151,3.20000000,50.00000000,160.00000000,1609459777712,False,True
169152,3.20320000,90.83000000,290.94665600,1609459777727,False,True
169153,3.21140000,23.23000000,74.60082200,1609459780112,False,True
169154,3.21150000,75.23000000,241.60114500,1609459780124,False,True
169155,3.21460000,79.70000000,256.20362000,1609459788633,False,True
169156,3.21460000,0.05000000,0.16073000,1609459788649,False,True
169157,3.22510000,11.82000000,38.12068200,1609459793490,False,True
169158,3.22510000,87.69000000,282.80901900,1609459793493,False,True
169159,3.23580000,15.61000000,50.51083800,1609459793510,False,True
169160,3.22540000,23.00000000,74.18420000,1609459793632,True,True
169161,3.22530000,25.50000000,82.24515000,1609459793632,True,True
169162,3.23330000,88.80000000,287.11704000,1609459796088,False,True
169163,3.23330000,0.16000000,0.51732800,1609459796097,False,True
169164,3.24030000,23.23000000,75.27216900,1609459802792,False,True
169165,3.24030000,25.50000000,82.62765000,1609459802792,False,True
169166,3.24040000,71.60000000,232.01264000,1609459802818,False,True
169167,3.21640000,79.55000000,255.86462000,1609459803769,True,True
169168,3.21750000,15.58000000,50.12865000,1609459833141,False,True
169169,3.19550000,321.00000000,1025.75550000,1609459893257,True,True
169170,3.19540000,206.27000000,659.11515800,1609459893272,True,True
169171,3.19540000,239.92000000,766.64036800,1609459893272,True,True
169172,3.19530000,23.23000000,74.22681900,1609459908792,True,True
169173,3.21740000,25.65000000,82.52631000,1609459914389,False,True
169174,3.22430000,100.00000000,322.43000000,1609459922288,False,True
169175,3.20530000,239.47000000,767.57319100,1609459931588,True,True
169176,3.20530000,166.77000000,534.54788100,1609459931588,True,True
169177,3.20530000,210.29000000,674.04253700,1609459931588,True,True
169178,3.20530000,496.55000000,1591.59171500,1609459931588,True,True
169179,3.18840000,16.14000000,51.46077600,1609459931593,True,True
169180,3.20690000,97.49000000,312.64068100,1609459931641,True,True
169181,3.19150000,97.49000000,311.13933500,1609459931643,True,True
169182,3.19170000,16.25000000,51.86512500,1609459931682,True,True
169183,3.19160000,13.65000000,43.56534000,1609459931682,True,True
169184,3.18960000,15.61000000,49.78965600,1609459985258,True,True
169185,3.18950000,130.59000000,416.51680500,1609459985258,True,True
169186,3.18950000,200.70000000,640.13265000,1609459985270,True,True
169187,3.18950000,321.94000000,1026.82763000,1609459985284,True,True
169188,3.18950000,130.50000000,416.22975000,1609459987740,True,True
169189,3.19210000,5.65000000,18.03536500,1609460071842,True,True
169190,3.19210000,25.92000000,82.73923200,1609460071878,True,True
169191,3.19210000,25.91000000,82.70731100,1609460071921,True,True
169192,3.19210000,25.90000000,82.67539000,1609460071956,True,True
169193,3.19210000,7.93000000,25.31335300,1609460071999,True,True
169194,3.21880000,15.70000000,50.53516000,1609460098913,True,True
169195,3.21870000,5.97000000,19.21563900,1609460099912,True,True
169196,3.21860000,9.73000000,31.31697800,1609460099912,True,True
169197,3.21830000,15.70000000,50.52731000,1609460101163,True,True
169198,3.21000000,7.40000000,23.75400000,1609460102158,True,True
169199,3.20990000,8.30000000,26.64217000,1609460102158,True,True
169200,3.21820000,61.99000000,199.49621800,1609460109804,True,True
169201,3.21820000,34.98000000,112.57263600,1609460109824,True,True
169202,3.21700000,99.24000000,319.25508000,1609460110646,True,True
169203,3.21000000,13.13000000,42.14730000,1609460116876,True,True
169204,3.21120000,78.50000000,252.07920000,1609460119280,True,True
169205,3.20620000,9.95000000,31.90169000,1609460141991,True,True
169206,3.20260000,5.75000000,18.41495000,1609460141991,True,True
169207,3.20260000,15.70000000,50.28082000,1609460142998,True,True
169208,3.20260000,15.70000000,50.28082000,1609460143999,True,True
169209,3.20270000,15.70000000,50.28239000,1609460145000,True,True
169210,3.20200000,7.67000000,24.55934000,1609460197724,True,True
169211,3.21840000,94.00000000,302.52960000,1609460340225,False,True
169212,3.21280000,94.00000000,302.00320000,1609460556748,False,True
169213,3.21750000,23.23000000,74.74252500,1609460587286,False,True
169214,3.21750000,70.77000000,227.70247500,1609460587286,False,True
169215,3.21070000,98.20000000,315.29074000,1609460601309,True,True
169216,3.20500000,91.44000000,293.06520000,1609460609794,True,True
169217,3.18920000,321.00000000,1023.73320000,1609460610047,True,True
169218,3.18910000,7.16000000,22.83395600,1609460610057,True,True
169219,3.18910000,100.14000000,319.35647400,1609460610057,True,True
169220,3.18900000,10.00000000,31.89000000,1609460610068,True,True
169221,3.18840000,15.66000000,49.93034400,1609460610080,True,True
169222,3.18940000,15.18000000,48.41509200,1609460610367,False,True
169223,3.18940000,8.05000000,25.67467000,1609460610398,False,True
169224,3.18950000,15.65000000,49.91567500,1609460610398,False,True
169225,3.20380000,59.61000000,190.97851800,1609460610403,True,True
169226,3.20380000,0.01000000,0.03203800,1609460610403,True,True
169227,3.17080000,78.12000000,247.70289600,1609460612393,True,True
169228,3.16140000,95.26000000,301.15496400,1609460615099,True,True
169229,3.15920000,83.52000000,263.85638400,1609460616170,True,True
169230,3.16030000,97.78000000,309.01413400,1609460617433,True,True
169231,3.15920000,85.10000000,268.84792000,1609460618850,True,True
169232,3.17540000,94.00000000,298.48760000,1609460619203,False,True
169233,3.15860000,92.49000000,292.13891400,1609460619741,True,True
169234,3.15470000,80.94000000,255.34141800,1609460620338,True,True
169235,3.15020000,15.42000000,48.57608400,1609460620372,True,True
169236,3.15000000,50.00000000,157.50000000,1609460620380,True,True
169237,3.14990000,93.38000000,294.13766200,1609460621579,True,True
169238,3.14680000,89.72000000,282.33089600,1609460623088,True,True
169239,3.14600000,99.27000000,312.30342000,1609460625366,True,True
169240,3.14570000,80.24000000,252.41096800,1609460626667,True,True
169241,3.14340000,76.08000000,239.14987200,1609460627080,True,True
169242,3.14290000,85.71000000,269.37795900,1609460628153,True,True
169243,3.14120000,75.17000000,236.12400400,1609460631098,True,True
169244,3.13960000,86.00000000,270.00560000,1609460633721,True,True
169245,3.13950000,76.48000000,240.10896000,1609460633870,True,True
169246,3.13930000,94.72000000,297.35449600,1609460634271,True,True
169247,3.13880000,83.50000000,262.08980000,1609460637560,True,True
169248,3.13850000,86.09000000,270.19346500,1609460637943,True,True
169249,3.14130000,82.00000000,257.58660000,1609460640887,True,True
169250,3.13810000,60.75000000,190.63957500,1609460642436,True,True
169251,3.13810000,903.25000000,2834.48882500,1609460642441,True,True
169252,3.13780000,80.25000000,251.80845000,1609460642454,True,True
169253,3.13560000,80.60000000,252.72936000,1609460642683,True,True
169254,3.13540000,92.56000000,290.21262400,1609460644833,True,True
169255,3.13320000,10.24000000,32.08396800,1609460650141,True,True
169256,3.13750000,84.62000000,265.49525000,1609460659794,True,True
169257,3.16110000,96.20000000,304.09782000,1609460730904,False,True
169258,3.17650000,23.23000000,73.79009500,1609460774376,False,True
169259,3.16950000,23.23000000,73.62748500,1609460876826,False,True
169260,3.16960000,24.07000000,76.29227200,1609460876826,False,True
169261,3.16960000,73.05000000,231.53928000,1609460877007,False,True
169262,3.17210000,97.20000000,308.32812000,1609460895449,False,True
169263,3.17210000,0.03000000,0.09516300,1609460895452,False,True
169264,3.14530000,12.98000000,40.82599400,1609460977790,False,True
169265,3.14530000,5.46000000,17.17333800,1609460977790,False,True
169266,3.13720000,95.75000000,300.38690000,1609461049076,True,True
169267,3.13550000,77.36000000,242.56228000,1609461052560,True,True
169268,3.13300000,87.18000000,273.13494000,1609461059936,True,True
169269,3.13020000,95.85000000,300.02967000,1609461066916,True,True
169270,3.13080000,84.38000000,264.17690400,1609461067626,True,True
169271,3.13050000,78.59000000,246.02599500,1609461067857,True,True
169272,3.11210000,17.64000000,54.89744400,1609461120232,True,True
169273,3.11210000,74.79000000,232.75395900,1609461120238,True,True
169274,3.10090000,15.39000000,47.72285100,1609461120258,True,True
169275,3.10000000,11.51000000,35.68100000,1609461120258,True,True
169276,3.10000000,26.98000000,83.63800000,1609461120565,True,True
169277,3.10000000,11.51000000,35.68100000,1609461120665,True,True
169278,3.10960000,23.20000000,72.14272000,1609461120842,False,True
169279,3.06570000,8.33000000,25.53728100,1609461137558,True,True
169280,3.06560000,40.73000000,124.86188800,1609461137558,True,True
169281,3.06550000,49.54000000,151.86487000,1609461137558,True,True
169282,3.06690000,53.17000000,163.06707300,1609461139577,True,True
169283,3.06690000,35.99000000,110.37773100,1609461139577,True,True
169284,3.05030000,21.19000000,64.63585700,1609461140713,True,True
169285,3.05000000,100.00000000,305.00000000,1609461149045,True,True
169286,3.05000000,22.38000000,68.25900000,1609461149045,True,True
169287,3.07440000,22.53000000,69.26623200,1609461210839,False,True
169288,3.07110000,23.61000000,72.50867100,1609461266956,False,True
169289,3.06010000,12.39000000,37.91463900,1609461271068,True,True
169290,3.06000000,521.21000000,1594.90260000,1609461271068,True,True
169291,3.06000000,94.00000000,287.64000000,1609461290430,True,True
169292,3.06000000,94.00000000,287.64000000,1609461308183,True,True
169293,3.06000000,107.87000000,330.08220000,1609461313541,True,True
169294,3.05540000,182.85000000,558.67989000,1609461313590,True,True
169295,3.05240000,50.00000000,152.62000000,1609461313741,True,True
169296,3.05850000,76.20000000,233.05770000,1609461381841,False,True
169297,3.05010000,14.81000000,45.17198100,1609461545724,True,True
169298,3.05010000,18.30000000,55.81683000,1609461545732,False,True
169299,3.05010000,10.49000000,31.99554900,1609461554287,True,True
169300,3.05010000,83.49000000,254.65284900,1609461554291,False,True
169301,3.05010000,0.02000000,0.06100200,1609461554291,False,True
169302,3.06260000,94.00000000,287.88440000,1609461563407,False,True
169303,3.07890000,94.00000000,289.41660000,1609461681521,False,True
169304,3.08270000,21.17000000,65.26075900,1609461710350,False,True
169305,3.08270000,74.48000000,229.59949600,1609461710687,False,True
169306,3.08780000,94.00000000,290.25320000,1609461710698,False,True
169307,3.08810000,230.73000000,712.51731300,1609461710705,False,True
169308,3.08810000,16.97000000,52.40505700,1609461710705,False,True
169309,3.08810000,84.93000000,262.27233300,1609461710705,False,True
169310,3.10220000,21.19000000,65.73561800,1609461710787,False,True
169311,3.10230000,250.00000000,775.57500000,1609461710799,False,True
169312,3.10210000,23.23000000,72.06178300,1609461710821,False,True
169313,3.10210000,1000.00000000,3102.10000000,1609461710825,False,True
169314,3.08780000,93.14000000,287.59769200,1609461710890,False,True
169315,3.11180000,98.31000000,305.92105800,1609461711005,False,True
169316,3.11190000,249.26000000,775.67219400,1609461711012,False,True
169317,3.11190000,4.90000000,15.24831000,1609461711012,False,True
169318,3.11200000,964.00000000,2999.96800000,1609461711020,False,True
169319,3.11210000,5.00000000,15.56050000,1609461711027,False,True
169320,3.11210000,49.75000000,154.82697500,1609461711027,False,True
169321,3.11210000,40.00000000,124.48400000,1609461711027,False,True
169322,3.11210000,49.75000000,154.82697500,1609461711027,False,True
169323,3.11200000,94.00000000,292.52800000,1609461711197,False,True
169324,3.11180000,83.75000000,260.61325000,1609461713065,False,True
169325,3.12770000,93.62000000,292.81527400,1609461717019,False,True
169326,3.13190000,83.50000000,261.51365000,1609461727574,False,True
169327,3.13070000,94.19000000,294.88063300,1609461757415,False,True
169328,3.13240000,92.82000000,290.74936800,1609461806208,False,True
169329,3.13400000,23.97000000,75.12198000,1609461806238,True,True
169330,3.13400000,38.80000000,121.59920000,1609461806244,True,True
169331,3.13400000,19.91000000,62.39794000,1609461806247,True,True
169332,3.13400000,10.14000000,31.77876000,1609461806255,True,True
169333,3.13480000,81.59000000,255.76833200,1609461861563,False,True
169334,3.14220000,88.34000000,277.58194800,1609461869911,False,True
169335,3.14870000,94.55000000,297.70958500,1609461956603,False,True
169336,3.15340000,87.96000000,277.37306400,1609461959280,False,True
169337,3.15870000,95.54000000,301.78219800,1609461964137,False,True
169338,3.15910000,50.00000000,157.95500000,1609461969297,False,True
169339,3.15910000,38.25000000,120.83557500,1609461969301,False,True
169340,3.17150000,75.63000000,239.86054500,1609461987593,False,True
169341,3.20000000,50.00000000,160.00000000,1609462073539,False,True
169342,3.20330000,90.79000000,290.82760700,1609462073824,False,True
169343,3.20500000,5.02000000,16.08910000,1609462100048,False,True
169344,3.21040000,79.66000000,255.74046400,1609462103685,False,True
169345,3.21420000,79.66000000,256.04317200,1609462104329,False,True
169346,3.22740000,15.56000000,50.21834400,1609462129590,False,True
169347,3.24930000,5.64000000,18.32605200,1609462375125,True,True
169348,3.24930000,86.11000000,279.79722300,1609462375126,True,True
169349,3.23620000,23.23000000,75.17692600,1609462375143,True,True
169350,3.23610000,51.41000000,166.36790100,1609462375143,True,True
169351,3.23350000,17.11000000,55.32518500,1609462375143,True,True
169352,3.24790000,84.98000000,276.00654200,1609462375449,True,True
169353,3.23380000,84.98000000,274.80832400,1609462375462,True,True
169354,3.24750000,81.78000000,265.58055000,1609462384726,True,True
169355,3.24430000,81.78000000,265.31885400,1609462384740,True,True
169356,3.24580000,81.04000000,263.03963200,1609462384923,True,True
169357,3.24630000,85.98000000,279.11687400,1609462385024,True,True
169358,3.24600000,88.78000000,288.17988000,1609462385241,True,True
169359,3.24450000,94.00000000,304.98300000,1609462390598,True,True
169360,3.25000000,50.00000000,162.50000000,1609462396815,False,True
169361,3.25000000,44.00000000,143.00000000,1609462396815,False,True
169362,3.25000000,46.20000000,150.15000000,1609462408607,False,True
169363,3.25000000,9.80000000,31.85000000,1609462411977,False,True
169364,3.25840000,15.34000000,49.98385600,1609462425300,False,True
169365,3.24890000,94.00000000,305.39660000,1609462437356,True,True
169366,3.24880000,95.80000000,311.23504000,1609462437356,True,True
169367,3.24700000,88.11000000,286.09317000,1609462437649,True,True
169368,3.23730000,5.00000000,16.18650000,1609462438065,True,True
169369,3.25120000,50.00000000,162.56000000,1609462475999,False,True
169370,3.25100000,97.92000000,318.33792000,1609462554747,True,True
169371,3.25040000,47.48000000,154.32899200,1609462554781,True,True
169372,3.25130000,81.43000000,264.75335900,1609462554806,True,True
169373,3.24990000,91.75000000,298.17832500,1609462555080,True,True
169374,3.25100000,94.00000000,305.59400000,1609462555117,True,True
169375,3.24990000,82.34000000,267.59676600,1609462555584,True,True
169376,3.24920000,82.32000000,267.47414400,1609462556020,True,True
169377,3.24970000,83.25000000,270.53752500,1609462556408,True,True
169378,3.24940000,92.44000000,300.37453600,1609462556712,True,True
169379,3.24910000,81.35000000,264.31428500,1609462559746,True,True
169380,3.24630000,23.23000000,75.41154900,1609462559758,True,True
169381,3.24540000,55.78000000,181.02841200,1609462559765,True,True
169382,3.24820000,77.79000000,252.67747800,1609462559919,True,True
169383,3.24680000,78.50000000,254.87380000,1609462561171,True,True
169384,3.24630000,98.63000000,320.18256900,1609462561451,True,True
169385,3.24130000,94.00000000,304.68220000,1609462564167,True,True
169386,3.24120000,79.03000000,256.15203600,1609462564174,True,True
169387,3.23910000,92.94000000,301.04195400,1609462564595,True,True
169388,3.24040000,39.79000000,128.93551600,1609462588644,True,True
169389,3.24190000,46.42000000,150.48899800,1609462588718,True,True
169390,3.23810000,42.94000000,139.04401400,1609462589252,True,True
169391,3.24240000,36.70000000,118.99608000,1609462619326,True,True
169392,3.24240000,45.02000000,145.97284800,1609462619326,True,True
169393,3.24800000,88.70000000,288.09760000,1609462654689,False,True
169394,3.24800000,0.06000000,0.19488000,1609462654935,False,True
169395,3.26310000,97.00000000,316.52070000,1609462669534,False,True
169396,3.25630000,88.35000000,287.69410500,1609462721487,True,True
169397,3.25500000,89.70000000,291.97350000,1609462749444,True,True
169398,3.25400000,94.00000000,305.87600000,1609462791808,False,True
169399,3.25760000,82.30000000,268.10048000,1609462804410,False,True
169400,3.26260000,67.20000000,219.24672000,1609462839977,False,True
169401,3.25590000,9.83000000,32.00549700,1609462865297,True,True
169402,3.24900000,15.61000000,50.71689000,1609462869856,True,True
169403,3.24690000,75.20000000,244.16688000,1609462933147,False,True
169404,3.25470000,9.46000000,30.78946200,1609462993014,False,True
169405,3.24750000,11.49000000,37.31377500,1609463021720,False,True
169406,3.25150000,6.37000000,20.71205500,1609463050647,False,True
169407,3.24870000,90.47000000,293.90988900,1609463373431,True,True
169408,3.24480000,75.20000000,244.00896000,1609463389989,True,True
169409,3.24480000,4.67000000,15.15321600,1609463390006,True,True
169410,3.23890000,98.90000000,320.32721000,1609463398821,True,True
169411,3.24010000,74.94000000,242.81309400,1609463413753,False,True
169412,3.24010000,0.67000000,2.17086700,1609463413908,False,True
169413,3.24010000,93.33000000,302.39853300,1609463414098,True,True
169414,3.24050000,86.21000000,279.36350500,1609463436254,False,True
169415,3.24250000,77.83000000,252.36377500,1609463448773,True,True
169416,3.23520000,76.20000000,246.52224000,1609463515551,True,True
169417,3.22920000,94.00000000,303.54480000,1609463562966,True,True
169418,3.22650000,77.50000000,250.05375000,1609463579280,False,True
169419,3.21790000,88.55000000,284.94504500,1609463604058,True,True
169420,3.22920000,5.00000000,16.14600000,1609463606549,False,True
169421,3.22920000,5.79000000,18.69706800,1609463613888,False,True
169422,3.23780000,61.77000000,199.99890600,1609463654573,False,True
169423,3.22600000,90.40000000,291.63040000,1609463721552,True,True
169424,3.22240000,23.23000000,74.85635200,1609463721573,True,True
169425,3.20830000,67.17000000,215.50151100,1609463721573,True,True
169426,3.20830000,82.83000000,265.74348900,1609463721610,True,True
169427,3.20830000,7.57000000,24.28683100,1609463721610,True,True
169428,3.22150000,94.00000000,302.82100000,1609463774114,True,True
169429,3.22130000,84.45000000,272.03878500,1609463774131,True,True
169430,3.20140000,9.55000000,30.57337000,1609463774131,True,True
169431,3.20140000,94.00000000,300.93160000,1609463774135,True,True
169432,3.22120000,23.20000000,74.73184000,1609463774305,False,True
169433,3.22120000,0.03000000,0.09663600,1609463774549,False,True
169434,3.22130000,84.45000000,272.03878500,1609463774549,False,True
169435,3.22260000,2.28000000,7.34752800,1609463774563,True,True
169436,3.20240000,80.02000000,256.25604800,1609463924282,True,True
169437,3.20660000,90.86000000,291.35167600,1609463936625,False,True
169438,3.20660000,3.06000000,9.81219600,1609463936648,False,True
169439,3.20430000,50.00000000,160.21500000,1609463975941,True,True
169440,3.20430000,44.17000000,141.53393100,1609463975942,True,True
169441,3.20290000,81.16000000,259.94736400,1609464277615,True,True
169442,3.20410000,88.50000000,283.56285000,1609464329726,True,True
169443,3.20400000,89.80000000,287.71920000,1609464334799,True,True
169444,3.20100000,89.37000000,286.07337000,1609464418786,True,True
169445,3.19800000,75.23000000,240.58554000,1609464425492,True,True
169446,3.20330000,88.93000000,284.86946900,1609464438713,True,True
169447,3.20100000,95.85000000,306.81585000,1609464480668,True,True
169448,3.20070000,96.74000000,309.63571800,1609464480907,True,True
169449,3.19810000,50.00000000,159.90500000,1609464491552,True,True
169450,3.19810000,42.01000000,134.35218100,1609464491578,True,True
169451,3.19710000,47.80000000,152.82138000,1609464493592,True,True
169452,3.19710000,50.00000000,159.85500000,1609464493596,True,True
169453,3.19600000,80.85000000,258.39660000,1609464507563,True,True
169454,3.18620000,86.23000000,274.74602600,1609464529133,True,True
169455,3.18390000,96.34000000,306.73692600,1609464530880,True,True
169456,3.17810000,78.41000000,249.19482100,1609464541586,True,True
169457,3.16110000,78.41000000,247.86185100,1609464541596,True,True
169458,3.17580000,75.00000000,238.18500000,1609464543608,True,True
169459,3.18030000,92.43000000,293.95512900,1609464573112,True,True
169460,3.17790000,80.50000000,255.82095000,1609464604435,False,True
169461,3.17690000,42.29000000,134.35110100,1609464605253,False,True
169462,3.17690000,50.27000000,159.70276300,1609464605253,False,True
169463,3.17140000,19.70000000,62.47658000,1609464613795,True,True
169464,3.17140000,77.89000000,247.02034600,1609464613805,True,True
169465,3.15810000,19.80000000,62.53038000,1609464616805,True,True
169466,3.15810000,58.47000000,184.65410700,1609464616805,True,True
169467,3.15010000,23.23000000,73.17682300,1609464616805,True,True
169468,3.15000000,50.00000000,157.50000000,1609464616805,True,True
169469,3.15000000,224.74000000,707.93100000,1609464616845,False,True
169470,3.15000000,250.91000000,790.36650000,1609464616847,False,True
169471,3.15000000,310.61000000,978.42150000,1609464616848,False,True
169472,3.15000000,224.07000000,705.82050000,1609464616848,False,True
169473,3.15000000,110.39000000,347.72850000,1609464616851,False,True
169474,3.15000000,423.84000000,1335.09600000,1609464616852,False,True
169475,3.15000000,92.02000000,289.86300000,1609464616854,False,True
169476,3.15000000,6.33000000,19.93950000,1609464616859,False,True
169477,3.15000000,19.92000000,62.74800000,1609464616863,False,True
169478,3.15000000,9.96000000,31.37400000,1609464616882,False,True
169479,3.15000000,12.00000000,37.80000000,1609464616886,False,True
169480,3.15000000,5.04000000,15.87600000,1609464616896,False,True
169481,3.15000000,8.06000000,25.38900000,1609464616911,False,True
169482,3.15000000,4.98000000,15.68700000,1609464616911,False,True
169483,3.15000000,9.96000000,31.37400000,1609464616925,False,True
169484,3.15000000,9.96000000,31.37400000,1609464616936,False,True
169485,3.15000000,15.00000000,47.25000000,1609464616950,False,True
169486,3.15000000,141.77000000,446.57550000,1609464616952,False,True
169487,3.15890000,44.84000000,141.64507600,1609464622816,False,True
169488,3.15470000,83.40000000,263.10198000,1609464622862,True,True
169489,3.15650000,88.77000000,280.20250500,1609464628982,False,True
169490,3.15990000,94.05000000,297.18859500,1609464629960,False,True
169491,3.15850000,83.42000000,263.48207000,1609464655023,False,True
169492,3.15800000,89.06000000,281.25148000,1609464699199,True,True
169493,3.15770000,85.19000000,269.00446300,1609464704966,True,True
169494,3.15280000,55.70000000,175.61096000,1609464708247,True,True
169495,3.15280000,29.49000000,92.97607200,1609464708266,True,True
169496,3.15100000,77.27000000,243.47777000,1609464716970,False,True
169497,3.15160000,78.50000000,247.40060000,1609464718874,False,True
169498,3.16040000,76.30000000,241.13852000,1609464832748,False,True
169499,3.15730000,92.39000000,291.70294700,1609464941624,False,True
169500,3.19160000,94.00000000,300.01040000,1609464941650,False,True
169501,3.16890000,92.39000000,292.77467100,1609464941741,True,True
169502,3.19150000,23.23000000,74.13854500,1609464941746,False,True
169503,3.19160000,109.90000000,350.75684000,1609464941746,False,True
169504,3.19160000,102.87000000,328.31989200,1609464941746,False,True
169505,3.19150000,23.23000000,74.13854500,1609464941845,False,True
169506,3.19160000,114.81000000,366.42759600,1609464941845,False,True
169507,3.19200000,776.96000000,2480.05632000,1609464941845,False,True
169508,3.16110000,257.20000000,813.03492000,1609464941880,True,True
169509,3.19200000,75.00000000,239.40000000,1609464941927,False,True
169510,3.16890000,94.00000000,297.87660000,1609464941967,False,True
169511,3.18430000,83.86000000,267.03539800,1609464944428,False,True
169512,3.18430000,8.46000000,26.93917800,1609464944437,False,True
169513,3.18490000,83.62000000,266.32133800,1609464946985,False,True
169514,3.19000000,77.93000000,248.59670000,1609464951203,False,True
169515,3.19290000,57.60000000,183.91104000,1609464958287,False,True
169516,3.19290000,25.09000000,80.10986100,1609464958364,False,True
169517,3.19470000,76.80000000,245.35296000,1609464973493,False,True
169518,3.19470000,11.04000000,35.26948800,1609464973496,False,True
169519,3.20000000,50.00000000,160.00000000,1609464973516,False,True
169520,3.19670000,98.80000000,315.83396000,1609464981153,False,True
169521,3.19740000,30.16000000,96.43358400,1609464988660,False,True
169522,3.19740000,50.00000000,159.87000000,1609464988664,False,True
169523,3.18410000,4.71000000,14.99711100,1609465059682,True,True
169524,3.17770000,95.65000000,303.94700500,1609465190012,False,True
169525,3.17660000,86.40000000,274.45824000,1609465291615,False,True
169526,3.18110000,90.30000000,287.25333000,1609465326636,True,True
169527,3.17670000,94.00000000,298.60980000,1609465356145,True,True
169528,3.17460000,94.00000000,298.41240000,1609465737527,True,True
169529,3.17450000,91.75000000,291.26037500,1609465737595,True,True
169530,3.17460000,94.00000000,298.41240000,1609465741732,False,True
169531,3.17280000,84.99000000,269.65627200,1609465806765,True,True
169532,3.16480000,19.48000000,61.65030400,1609465806773,True,True
169533,3.17560000,95.88000000,304.47652800,1609465869892,False,True
169534,3.16960000,21.80000000,69.09728000,1609465924233,True,True
169535,3.16960000,22.50000000,71.31600000,1609465924237,True,True
169536,3.16960000,21.80000000,69.09728000,1609465924237,True,True
169537,3.16960000,21.46000000,68.01961600,1609465924239,True,True
169538,3.16850000,15.66000000,49.61871000,1609466779709,True,True
169539,3.16850000,78.34000000,248.22029000,1609466779710,True,True
169540,3.16840000,15.66000000,49.61714400,1609466779713,True,True
169541,3.16840000,15.66000000,49.61714400,1609466779714,True,True
169542,3.16840000,15.66000000,49.61714400,1609466779714,True,True
169543,3.16840000,15.66000000,49.61714400,1609466779715,True,True
169544,3.16840000,15.66000000,49.61714400,1609466779716,True,True
169545,3.16840000,18.79000000,59.53423600,1609466779721,True,True
169546,3.16170000,59.23000000,187.26749100,1609466779734,True,True
169547,3.16080000,34.77000000,109.90101600,1609466779734,True,True
169548,3.16080000,16.05000000,50.73084000,1609466779739,True,True
169549,3.16050000,158.49000000,500.90764500,1609466779739,True,True
169550,3.15740000,964.00000000,3043.73360000,1609466779739,True,True
169551,3.15730000,5.00000000,15.78650000,1609466779739,True,True
169552,3.15730000,9.98000000,31.50985400,1609466779739,True,True
169553,3.13710000,65.81000000,206.45255100,1609466779739,True,True
169554,3.14530000,59.23000000,186.29611900,1609466779758,True,True
169555,3.16790000,78.30000000,248.04657000,1609466780116,True,True
169556,3.16790000,0.02000000,0.06335800,1609466780116,True,True
169557,3.14570000,78.32000000,246.37122400,1609466780134,True,True
169558,3.15740000,94.00000000,296.79560000,1609466780177,True,True
169559,3.14560000,7.50000000,23.59200000,1609466780194,True,True
169560,3.14550000,49.93000000,157.05481500,1609466780194,True,True
169561,3.14810000,91.63000000,288.46040300,1609466781732,True,True
169562,3.14600000,93.16000000,293.08136000,1609466782947,True,True
169563,3.13960000,77.99000000,244.85740400,1609466793012,True,True
169564,3.13730000,75.00000000,235.29750000,1609466796497,True,True
169565,3.14210000,37.31000000,117.23175100,1609466813432,False,True
169566,3.14210000,41.01000000,128.85752100,1609466816421,False,True
169567,3.14560000,82.07000000,258.15939200,1609466816644,False,True
169568,3.15150000,62.70000000,197.59905000,1609466818252,True,True
169569,3.13950000,20.79000000,65.27020500,1609466818265,True,True
169570,3.13410000,41.91000000,131.35013100,1609466818265,True,True
169571,3.15070000,37.79000000,119.06495300,1609466824961,True,True
169572,3.15140000,38.25000000,120.54105000,1609466828263,True,True
169573,3.13840000,65.60000000,205.87904000,1609466968915,True,True
169574,3.13690000,93.78000000,294.17848200,1609467004905,True,True
169575,3.13360000,52.15000000,163.41724000,1609467004912,True,True
169576,3.13360000,52.15000000,163.41724000,1609467004912,True,True
169577,3.13360000,52.15000000,163.41724000,1609467004915,True,True
169578,3.13360000,52.15000000,163.41724000,1609467004915,True,True
169579,3.13360000,52.15000000,163.41724000,1609467004916,True,True
169580,3.13360000,12.63000000,39.57736800,1609467004918,True,True
169581,3.13330000,52.67000000,165.03091100,1609467004921,True,True
169582,3.13020000,30.57000000,95.69021400,1609467004921,True,True
169583,3.10750000,10.54000000,32.75305000,1609467004921,True,True
169584,3.10750000,86.16000000,267.74220000,1609467004924,True,True
169585,3.10740000,10.64000000,33.06273600,1609467004924,True,True
169586,3.13500000,48.51000000,152.07885000,1609467004933,True,True
169587,3.10760000,96.50000000,299.88340000,1609467004946,True,True
169588,3.10760000,500.00000000,1553.80000000,1609467004947,True,True
169589,3.10760000,116.30000000,361.41388000,1609467004960,True,True
169590,3.10770000,32.16000000,99.94363200,1609467004977,True,True
169591,3.10770000,360.79000000,1121.22708300,1609467004983,True,True
169592,3.10710000,89.21000000,277.18439100,1609467004984,True,True
169593,3.10010000,26.20000000,81.22262000,1609467004988,True,True
169594,3.10720000,25.22000000,78.36358400,1609467005012,True,True
169595,3.10720000,347.57000000,1079.96950400,1609467005013,True,True
169596,3.10010000,67.80000000,210.18678000,1609467005022,True,True
169597,3.10000000,100.00000000,310.00000000,1609467005022,True,True
169598,3.09100000,30.77000000,95.11007000,1609467005022,True,True
169599,3.09090000,42.10000000,130.12689000,1609467005022,True,True
169600,3.09060000,152.28000000,470.63656800,1609467005022,True,True
169601,3.09060000,86.08000000,266.03884800,1609467005044,True,True
169602,3.10720000,37.99000000,118.04252800,1609467005086,True,True
169603,3.09060000,315.87000000,976.22782200,1609467005086,True,True
169604,3.09040000,9.66000000,29.85326400,1609467005177,True,True
169605,3.09110000,94.00000000,290.56340000,1609467005293,True,True
169606,3.09110000,149.02000000,460.63572200,1609467005293,True,True
169607,3.09040000,103.30000000,319.23832000,1609467005293,True,True
169608,3.09040000,150.06000000,463.74542400,1609467005318,True,True
169609,3.11080000,93.84000000,291.91747200,1609467006616,True,True
169610,3.09070000,42.10000000,130.11847000,1609467006674,True,True
169611,3.08270000,5.00000000,15.41350000,1609467006674,True,True
169612,3.08270000,46.74000000,144.08539800,1609467006674,True,True
169613,3.09580000,87.68000000,271.43974400,1609467008620,True,True
169614,3.09470000,86.76000000,268.49617200,1609467009274,True,True
169615,3.10210000,27.51000000,85.33877100,1609467014896,True,True
169616,3.08660000,23.23000000,71.70171800,1609467014904,True,True
169617,3.08650000,4.27000000,13.17935500,1609467014904,True,True
169618,3.09840000,53.34000000,165.26865600,1609467025180,True,True
169619,3.11340000,89.22000000,277.77754800,1609467027577,False,True
169620,3.12690000,42.76000000,133.70624400,1609467039974,True,True
169621,3.12430000,50.24000000,156.96483200,1609467045834,True,True
169622,3.10860000,23.23000000,72.21277800,1609467076469,True,True
169623,3.09930000,10.91000000,33.81336300,1609467102565,True,True
169624,3.10370000,23.23000000,72.09895100,1609467197302,True,True
169625,3.10370000,70.77000000,219.64884900,1609467197310,False,True
169626,3.10130000,61.65000000,191.19514500,1609467230492,True,True
169627,3.10130000,32.35000000,100.32705500,1609467230499,False,True
169628,3.09780000,10.33000000,32.00027400,1609467231557,True,True
169629,3.09800000,25.20000000,78.06960000,1609467232027,False,True
169630,3.09800000,10.02000000,31.04196000,1609467232037,False,True
169631,3.09800000,7.62000000,23.60676000,1609467232045,False,True
169632,3.09800000,6.74000000,20.88052000,1609467232056,False,True
169633,3.09800000,50.15000000,155.36470000,1609467232063,False,True
169634,3.10120000,23.19000000,71.91682800,1609467344397,True,True
169635,3.10120000,70.80000000,219.56496000,1609467344403,False,True
169636,3.10120000,0.01000000,0.03101200,1609467344403,False,True
169637,3.10040000,380.04000000,1178.27601600,1609467482341,True,True
169638,3.10040000,291.70000000,904.38668000,1609467482341,True,True
169639,3.10040000,36.57000000,113.38162800,1609467482341,True,True
169640,3.10040000,6.40000000,19.84256000,1609467482351,True,True
169641,3.10030000,49.86000000,154.58095800,1609467482351,True,True
169642,3.09940000,84.01000000,260.38059400,1609467482351,True,True
169643,3.09850000,36.20000000,112.16570000,1609467482351,True,True
169644,3.09600000,44.95000000,139.16520000,1609467482351,True,True
169645,3.08280000,299.12000000,922.12713600,1609467482351,True,True
169646,3.09950000,64.52000000,199.97974000,1609467482366,False,True
169647,3.09920000,86.92000000,269.38246400,1609467482456,True,True
169648,3.08290000,86.92000000,267.96566800,1609467482470,True,True
169649,3.09860000,84.40000000,261.52184000,1609467617827,False,True
169650,3.08920000,82.46000000,254.73543200,1609467651412,True,True
169651,3.08920000,11.54000000,35.64936800,1609467651421,False,True
169652,3.09490000,81.90000000,253.47231000,1609467670001,False,True
169653,3.09490000,0.08000000,0.24759200,1609467670004,False,True
169654,3.08590000,81.76000000,252.30318400,1609467700732,True,True
169655,3.08450000,43.04000000,132.75688000,1609467700733,True,True
169656,3.08270000,3.26000000,10.04960200,1609467700743,True,True
169657,3.08270000,60.00000000,184.96200000,1609467700743,True,True
169658,3.08270000,18.50000000,57.02995000,1609467700743,True,True
169659,3.08270000,21.50000000,66.27805000,1609467700743,True,True
169660,3.08270000,193.05000000,595.11523500,1609467700743,True,True
169661,3.08580000,81.70000000,252.10986000,1609467700749,False,True
169662,3.08260000,46.21000000,142.44694600,1609467700760,True,True
169663,3.07740000,59.64000000,183.53613600,1609467700766,True,True
169664,3.07430000,49.17000000,151.16333100,1609467700766,True,True
169665,3.06350000,0.31000000,0.94968500,1609467700766,True,True
169666,3.06360000,46.21000000,141.56895600,1609467700778,True,True
169667,3.06360000,59.64000000,182.71310400,1609467700798,True,True
169668,3.08100000,23.23000000,71.57163000,1609467701893,False,True
169669,3.08110000,46.21000000,142.37763100,1609467701893,False,True
169670,3.08450000,12.32000000,38.00104000,1609467701893,False,True
169671,3.07840000,38.20000000,117.59488000,1609467744320,True,True
169672,3.07600000,78.34000000,240.97384000,1609467754736,True,True
169673,3.07480000,38.31000000,117.79558800,1609467754757,True,True
169674,3.07460000,91.89000000,282.52499400,1609467767952,True,True
169675,3.07060000,15.37000000,47.19512200,1609467772340,True,True
169676,3.07050000,91.89000000,282.14824500,1609467772343,True,True
169677,3.06660000,15.37000000,47.13364200,1609467772351,True,True
169678,3.06660000,24.58000000,75.37702800,1609467772352,True,True
169679,3.06180000,50.33000000,154.10039400,1609467772936,True,True
169680,3.06150000,42.45000000,129.96067500,1609467772948,True,True
169681,3.06990000,76.26000000,234.11057400,1609467773149,True,True
169682,3.05010000,28.68000000,87.47686800,1609467773165,True,True
169683,3.05000000,10.40000000,31.72000000,1609467773165,True,True
169684,3.03200000,18.35000000,55.63720000,1609467773165,True,True
169685,3.06150000,6.53000000,19.99159500,1609467773878,False,True
169686,3.06030000,89.40000000,273.59082000,1609467775716,True,True
169687,3.06010000,95.70000000,292.85157000,1609467776972,True,True
169688,3.06150000,53.47000000,163.69840500,1609467777052,False,True
169689,3.06180000,50.00000000,153.09000000,1609467777052,False,True
169690,3.06180000,39.93000000,122.25767400,1609467777052,False,True
169691,3.06180000,0.07000000,0.21432600,1609467777059,False,True
169692,3.06840000,6.52000000,20.00596800,1609467783919,False,True
169693,3.06840000,6.52000000,20.00596800,1609467789649,False,True
169694,3.06840000,6.52000000,20.00596800,1609467789751,False,True
169695,3.06840000,22.34000000,68.54805600,1609467789857,False,True
169696,3.07090000,63.20000000,194.08088000,1609467794138,False,True
169697,3.06680000,21.14000000,64.83215200,1609467803071,True,True
169698,3.06850000,86.89000000,266.62196500,1609467809473,True,True
169699,3.06720000,92.20000000,282.79584000,1609467849839,True,True
169700,3.06190000,48.70000000,149.11453000,1609467849847,True,True
169701,3.05930000,43.50000000,133.07955000,1609467849847,True,True
169702,3.05930000,6.40000000,19.57952000,1609467849852,True,True
169703,3.05930000,98.89000000,302.53417700,1609467849855,True,True
169704,3.05930000,25.16000000,76.97198800,1609467849872,True,True
169705,3.05890000,37.93000000,116.02407700,1609467849872,True,True
169706,3.05360000,28.18000000,86.05044800,1609467849872,True,True
169707,3.05140000,34.08000000,103.99171200,1609467849872,True,True
169708,3.03940000,14.40000000,43.76736000,1609467849872,True,True
169709,3.03930000,0.25000000,0.75982500,1609467849872,True,True
169710,3.03930000,600.38000000,1824.73493400,1609467849888,True,True
169711,3.03890000,51.32000000,155.95634800,1609467849888,True,True
169712,3.03650000,91.28000000,277.17172000,1609467849888,True,True
169713,3.02300000,99.39000000,300.45597000,1609467849888,True,True
169714,3.01610000,26.33000000,79.41391300,1609467849888,True,True
169715,3.03940000,124.05000000,377.03757000,1609467849895,True,True
169716,3.03940000,473.35000000,1438.69999000,1609467849909,True,True
169717,3.01620000,9.58000000,28.89519600,1609467849910,True,True
169718,3.01610000,505.14000000,1523.55275400,1609467849910,True,True
169719,3.01610000,460.12000000,1387.76793200,1609467849948,True,True
169720,3.01640000,98.90000000,298.32196000,1609467849988,True,True
169721,3.03940000,14.52000000,44.13208800,1609467850303,True,True
169722,3.01650000,14.52000000,43.79958000,1609467850313,True,True
169723,3.06640000,94.28000000,289.10019200,1609467850494,True,True
169724,3.06640000,0.01000000,0.03066400,1609467850495,True,True
169725,3.01650000,15.29000000,46.12228500,1609467850505,True,True
169726,3.01640000,26.91000000,81.17132400,1609467850505,True,True
169727,3.01610000,52.09000000,157.10864900,1609467850505,True,True
169728,3.01610000,6.60000000,19.90626000,1609467850514,True,True
169729,3.03930000,96.70000000,293.90031000,1609467852342,True,True
169730,3.00040000,96.70000000,290.13868000,1609467852354,True,True
169731,3.01620000,50.00000000,150.81000000,1609467853032,False,True
169732,3.03740000,88.39000000,268.47578600,1609467853078,True,True
169733,3.03600000,75.20000000,228.30720000,1609467857346,True,True
169734,3.04730000,89.69000000,273.31233700,1609467859541,False,True
169735,3.04730000,21.85000000,66.58350500,1609467859541,False,True
169736,3.04800000,26.91000000,82.02168000,1609467859562,False,True
169737,3.04800000,14.52000000,44.25696000,1609467859562,False,True
169738,3.04800000,15.29000000,46.60392000,1609467859562,False,True
169739,3.05110000,23.23000000,70.87705300,1609468166742,False,True
169740,3.05120000,95.17000000,290.38270400,1609468166742,False,True
169741,3.05420000,85.00000000,259.60700000,1609468220536,False,True
169742,3.05790000,94.00000000,287.44260000,1609468403279,False,True
169743,3.05800000,93.01000000,284.42458000,1609468403279,False,True
169744,3.06110000,51.80000000,158.56498000,1609468510850,False,True
169745,3.05770000,78.10000000,238.80637000,1609468523611,True,True
169746,3.05770000,15.90000000,48.61743000,1609468523618,False,True
169747,3.05940000,78.64000000,240.59121600,1609468581467,True,True
169748,3.06130000,16.31000000,49.92980300,1609468746212,False,True
169749,3.06130000,59.93000000,183.46370900,1609468746318,False,True
169750,3.06070000,50.00000000,153.03500000,1609468832823,True,True
169751,3.06070000,49.53000000,151.59647100,1609468834178,True,True
169752,3.06070000,44.47000000,136.10932900,1609468834192,False,True
169753,3.06050000,86.20000000,263.81510000,1609468837273,True,True
169754,3.06440000,52.90000000,162.10676000,1609468843094,False,True
169755,3.05860000,87.83000000,268.63683800,1609469040857,True,True
169756,3.06010000,22.93000000,70.16809300,1609469042257,False,True
169757,3.06410000,99.00000000,303.34590000,1609469094043,False,True
169758,3.06410000,0.08000000,0.24512800,1609469094048,False,True
169759,3.06490000,90.64000000,277.80253600,1609469094702,False,True
169760,3.06530000,84.29000000,258.37413700,1609469101044,False,True
169761,3.06710000,94.00000000,288.30740000,1609469101044,False,True
169762,3.06720000,40.00000000,122.68800000,1609469101044,False,True
169763,3.06720000,50.00000000,153.36000000,1609469101044,False,True
169764,3.06720000,59.91000000,183.75595200,1609469101044,False,True
169765,3.06720000,0.09000000,0.27604800,1609469101075,False,True
169766,3.07170000,94.00000000,288.73980000,1609469108083,False,True
169767,3.07180000,92.11000000,282.94349800,1609469108189,False,True
169768,3.07360000,94.00000000,288.91840000,1609469112452,False,True
169769,3.07370000,97.20000000,298.76364000,1609469112470,False,True
169770,3.07650000,78.20000000,240.58230000,1609469126197,False,True
169771,3.07760000,90.99000000,280.03082400,1609469306091,True,True
169772,3.08450000,97.41000000,300.46114500,1609469393926,False,True
169773,3.08580000,0.06000000,0.18514800,1609469396344,False,True
169774,3.08590000,12.96000000,39.99326400,1609469396747,False,True
169775,3.08590000,37.04000000,114.30173600,1609469405304,False,True
169776,3.08590000,79.80000000,246.25482000,1609469405304,False,True
169777,3.08790000,90.99000000,280.96802100,1609469425347,False,True
169778,3.09080000,92.21000000,285.00266800,1609469597418,False,True
169779,3.09410000,23.23000000,71.87594300,1609469754216,False,True
169780,3.09940000,73.60000000,228.11584000,1609469948413,False,True
169781,3.09650000,89.16000000,276.08394000,1609470064872,True,True
169782,3.09570000,50.00000000,154.78500000,1609470205129,False,True
169783,3.09490000,91.50000000,283.18335000,1609470366761,False,True
169784,3.10040000,5.00000000,15.50200000,1609470544896,False,True
169785,3.10040000,23.53000000,72.95241200,1609470544896,False,True
169786,3.10260000,92.14000000,285.87356400,1609470660639,True,True
169787,3.11180000,96.20000000,299.35516000,1609471438286,True,True
169788,3.11520000,90.50000000,281.92560000,1609471500515,True,True
169789,3.12380000,15.61000000,48.76251800,1609472439303,False,True
169790,3.12390000,40.19000000,125.54954100,1609472439303,False,True
169791,3.11070000,10.29000000,32.00910300,1609473970561,True,True
169792,3.11060000,64.68000000,201.19360800,1609473970561,True,True
169793,3.11660000,79.52000000,247.83203200,1609474044747,False,True
169794,3.11350000,96.74000000,301.19999000,1609474456320,False,True
169795,3.11390000,74.41000000,231.70529900,1609475019036,False,True
169796,3.10760000,78.10000000,242.70356000,1609475038104,True,True
169797,3.10140000,15.62000000,48.44386800,1609475040600,True,True
169798,3.09730000,78.30000000,242.51859000,1609478457877,True,True
169799,3.09730000,164.61000000,509.84655300,1609478457884,False,True
169800,3.09730000,35.33000000,109.42760900,1609480891287,False,True
169801,3.10760000,99.90000000,310.44924000,1609481412892,False,True
169802,3.09730000,4.94000000,15.30066200,1609482339247,True,True
169803,3.09730000,22.50000000,69.68925000,1609482339258,True,True
169804,3.09490000,27.44000000,84.92405600,1609482339266,True,True
169805,3.08690000,3.24000000,10.00155600,1609482394233,True,True
169806,3.08510000,86.70000000,267.47817000,1609482406171,False,True
169807,3.09370000,3.24000000,10.02358800,1609482412457,False,True
169808,3.09380000,77.62000000,240.14075600,1609482412516,False,True
169809,3.09800000,52.19000000,161.68462000,1609482413163,True,True
169810,3.10090000,88.54000000,274.55368600,1609482414205,False,True
169811,3.07500000,15.62000000,48.03150000,1609482885291,False,True
169812,3.07510000,90.65000000,278.75781500,1609482885323,False,True
169813,3.08090000,81.93000000,252.41813700,1609482900898,False,True
169814,3.08950000,91.93000000,284.01773500,1609482925949,False,True
169815,3.08750000,23.23000000,71.72262500,1609482949917,False,True
169816,3.09110000,62.62000000,193.56468200,1609483227344,False,True
169817,3.09110000,34.48000000,106.58112800,1609483227350,False,True
169818,3.09060000,3.24000000,10.01354400,1609483288564,True,True
169819,3.09050000,4.61000000,14.24720500,1609483288566,True,True
169820,3.09050000,79.56000000,245.88018000,1609483288567,True,True
169821,3.08980000,92.00000000,284.26160000,1609483548517,True,True
169822,3.09580000,3.24000000,10.03039200,1609483621312,False,True
169823,3.09400000,9.52000000,29.45488000,1609484078952,False,True
169824,3.09090000,88.25000000,272.77192500,1609484132900,False,True
169825,3.09430000,3.34000000,10.33496200,1609484860364,True,True
169826,3.10110000,14.14000000,43.84955400,1609484924915,False,True
169827,3.08170000,15.60000000,48.07452000,1609485030064,True,True
169828,3.07830000,85.38000000,262.82525400,1609485051303,False,True
169829,3.07950000,85.38000000,262.92771000,1609485054490,False,True
169830,3.07910000,86.91000000,267.60458100,1609485056926,False,True
169831,3.07990000,87.03000000,268.04369700,1609485060960,False,True
169832,3.08020000,81.40000000,250.72828000,1609485063715,False,True
169833,3.07920000,82.93000000,255.35805600,1609485065935,False,True
169834,3.07930000,78.70000000,242.34091000,1609485068480,False,True
169835,3.08010000,86.76000000,267.22947600,1609485070173,False,True
169836,3.08040000,77.97000000,240.17878800,1609485071938,False,True
169837,3.08990000,3.24000000,10.01127600,1609485265230,True,True
169838,3.09600000,50.00000000,154.80000000,1609485362411,True,True
169839,3.09600000,40.20000000,124.45920000,1609485362423,True,True
169840,3.09560000,93.79000000,290.33632400,1609485362891,True,True
169841,3.10070000,97.60000000,302.62832000,1609485428712,True,True
169842,3.10570000,6.74000000,20.93241800,1609485448024,False,True
169843,3.10600000,79.86000000,248.04516000,1609485514762,True,True
169844,3.10760000,97.02000000,301.49935200,1609485535344,True,True
169845,3.10630000,84.04000000,261.05345200,1609485559875,True,True
169846,3.11110000,90.87000000,282.70565700,1609485629863,True,True
169847,3.11090000,63.84000000,198.59985600,1609485629949,True,True
169848,3.11090000,33.90000000,105.45951000,1609485629961,True,True
169849,3.11070000,87.05000000,270.78643500,1609485630045,True,True
169850,3.11080000,75.84000000,235.92307200,1609485630350,True,True
169851,3.10710000,82.89000000,257.54751900,1609485705336,True,True
169852,3.11390000,3.24000000,10.08903600,1609485843364,False,True
169853,3.11220000,76.18000000,237.08739600,1609486116407,True,True
169854,3.11200000,92.40000000,287.54880000,1609486116523,True,True
169855,3.11190000,87.50000000,272.29125000,1609486116651,True,True
169856,3.11340000,97.99000000,305.08206600,1609486142763,True,True
169857,3.12860000,8.88000000,27.78196800,1609486718965,False,True
169858,3.12870000,94.52000000,295.72472400,1609486718965,False,True
169859,3.12900000,82.39000000,257.79831000,1609486728113,True,True
169860,3.12960000,58.85000000,184.17696000,1609486813038,True,True
169861,3.13200000,58.80000000,184.16160000,1609486829915,False,True
169862,3.13200000,13.31000000,41.68692000,1609486830905,False,True
169863,3.14630000,78.83000000,248.02282900,1609486937718,False,True
169864,3.15160000,63.45000000,199.96902000,1609487367123,False,True
169865,3.15160000,28.29000000,89.15876400,1609487367134,False,True
169866,3.15200000,63.45000000,199.99440000,1609487367502,False,True
169867,3.15200000,36.34000000,114.54368000,1609487367540,False,True
169868,3.15420000,50.00000000,157.71000000,1609487446376,True,True
169869,3.15420000,37.24000000,117.46240800,1609487446626,True,True
169870,3.16100000,43.71000000,138.16731000,1609487717381,True,True
169871,3.16680000,50.99000000,161.47513200,1609487769937,True,True
169872,3.17260000,76.55000000,242.86253000,1609487841389,True,True
169873,3.17250000,41.86000000,132.80085000,1609487842633,True,True
169874,3.17250000,50.00000000,158.62500000,1609487842638,True,True
169875,3.17250000,37.66000000,119.47635000,1609487843600,True,True
169876,3.17810000,50.77000000,161.35213700,1609487989268,True,True
169877,3.18000000,50.00000000,159.00000000,1609488008162,False,True
169878,3.18290000,83.29000000,265.10374100,1609488025287,False,True
169879,3.18700000,95.94000000,305.76078000,1609488104701,False,True
169880,3.19000000,50.00000000,159.50000000,1609488104710,False,True
169881,3.18970000,78.69000000,250.99749300,1609488104842,False,True
169882,3.19570000,95.65000000,305.66870500,1609488112175,False,True
169883,3.19660000,98.36000000,314.41757600,1609488153778,True,True
169884,3.19550000,99.40000000,317.63270000,1609488155704,True,True
169885,3.19750000,23.23000000,74.27792500,1609488169025,False,True
169886,3.19750000,4.90000000,15.66775000,1609488169025,False,True
169887,3.19630000,43.76000000,139.87008800,1609488194931,True,True
169888,3.19230000,30.28000000,96.66284400,1609488194941,True,True
169889,3.19600000,33.85000000,108.18460000,1609488199844,True,True
169890,3.20000000,50.00000000,160.00000000,1609488208934,False,True
169891,3.20200000,83.51000000,267.39902000,1609488208934,False,True
169892,3.20200000,0.02000000,0.06404000,1609488208934,False,True
169893,3.20330000,83.31000000,266.86692300,1609488209629,False,True
169894,3.20360000,85.70000000,274.54852000,1609488220032,True,True
169895,3.19960000,89.69000000,286.97212400,1609488236299,True,True
169896,3.19620000,3.91000000,12.49714200,1609488245749,True,True
169897,3.19610000,92.06000000,294.23296600,1609488245923,True,True
169898,3.20820000,98.36000000,315.55855200,1609488341099,False,True
169899,3.21650000,23.23000000,74.71929500,1609488341139,False,True
169900,3.20890000,76.50000000,245.48085000,1609488363153,True,True
169901,3.21460000,3.91000000,12.56908600,1609488377098,False,True
169902,3.21470000,76.70000000,246.56749000,1609488428396,False,True
169903,3.21500000,200.00000000,643.00000000,1609488428415,False,True
169904,3.21170000,89.20000000,286.48364000,1609488428672,False,True
169905,3.21670000,4.71000000,15.15065700,1609488428714,False,True
169906,3.21390000,87.01000000,279.64143900,1609488429544,False,True
169907,3.22010000,75.57000000,243.34295700,1609488436923,False,True
169908,3.22020000,77.85000000,250.69257000,1609488437139,False,True
169909,3.21890000,46.83000000,150.74108700,1609488437467,True,True
169910,3.22090000,94.78000000,305.27690200,1609488438213,False,True
169911,3.22380000,76.44000000,246.42727200,1609488439145,False,True
169912,3.22400000,88.77000000,286.19448000,1609488447768,False,True
169913,3.22070000,3.89000000,12.52852300,1609488466375,True,True
169914,3.21970000,85.05000000,273.83548500,1609488466375,True,True
169915,3.21610000,42.05000000,135.23700500,1609488498473,True,True
169916,3.21420000,38.97000000,125.25737400,1609488503359,True,True
169917,3.21140000,92.10000000,295.76994000,1609488514746,True,True
169918,3.20960000,4.75000000,15.24560000,1609488514753,True,True
169919,3.21110000,97.71000000,313.75658100,1609488515149,True,True
169920,3.20180000,84.19000000,269.55954200,1609488517863,True,True
169921,3.20360000,56.94000000,182.41298400,1609488518054,True,True
169922,3.20140000,39.81000000,127.44773400,1609488523195,True,True
169923,3.20130000,59.79000000,191.40572700,1609488533077,True,True
169924,3.19760000,78.00000000,249.41280000,1609488536264,True,True
169925,3.19850000,60.59000000,193.79711500,1609488538116,True,True
169926,3.20350000,5.52000000,17.68332000,1609488547250,True,True
169927,3.20030000,38.47000000,123.11554100,1609488548092,True,True
169928,3.20820000,51.25000000,164.42025000,1609488553048,True,True
169929,3.20980000,38.61000000,123.93037800,1609488558152,True,True
169930,3.20550000,87.31000000,279.87220500,1609488589187,True,True
169931,3.21270000,3.89000000,12.49740300,1609488616318,False,True
169932,3.21280000,11.64000000,37.39699200,1609488616318,False,True
169933,3.21300000,84.63000000,271.91619000,1609488616318,False,True
169934,3.21300000,6.26000000,20.11338000,1609488616441,False,True
169935,3.21680000,84.63000000,272.23778400,1609488624238,False,True
169936,3.21700000,95.59000000,307.51303000,1609488624663,False,True
169937,3.21480000,3.89000000,12.50557200,1609488677845,True,True
169938,3.21470000,91.71000000,294.82013700,1609488677845,True,True
169939,3.20570000,85.72000000,274.79260400,1609488858753,True,True
169940,3.20020000,3.89000000,12.44877800,1609488899284,False,True
169941,3.20040000,94.52000000,302.50180800,1609488899284,False,True
169942,3.21320000,15.66000000,50.31871200,1609488899284,False,True
169943,3.21330000,96.72000000,310.79037600,1609488899284,False,True
169944,3.20050000,87.84000000,281.13192000,1609489113417,False,True
169945,3.19630000,3.27000000,10.45190100,1609489135671,True,True
169946,3.19620000,15.58000000,49.79679600,1609489135671,True,True
169947,3.19610000,96.65000000,308.90306500,1609489135671,True,True
169948,3.18980000,77.20000000,246.25256000,1609489253914,True,True
169949,3.18150000,23.90000000,76.03785000,1609489262541,True,True
169950,3.18150000,70.10000000,223.02315000,1609489263215,True,True
169951,3.17260000,94.00000000,298.22440000,1609489300388,True,True
169952,3.17030000,9.46000000,29.99103800,1609489315342,True,True
169953,3.16610000,10.41000000,32.95910100,1609489316558,True,True
169954,3.16610000,47.40000000,150.07314000,1609489316898,True,True
169955,3.16610000,27.64000000,87.51100400,1609489317025,True,True
169956,3.16150000,77.10000000,243.75165000,1609489327870,False,True
169957,3.16380000,91.20000000,288.53856000,1609489334117,False,True
169958,3.16390000,98.81000000,312.62495900,1609489339303,False,True
169959,3.17510000,3.27000000,10.38257700,1609489340264,False,True
169960,3.17510000,8.78000000,27.87737800,1609489340264,False,True
169961,3.18090000,79.87000000,254.05848300,1609489347645,False,True
169962,3.19070000,113.12000000,360.93198400,1609489349858,False,True
169963,3.18790000,97.41000000,310.53333900,1609489356796,True,True
169964,3.20090000,82.86000000,265.22657400,1609489763973,False,True
169965,3.20020000,36.82000000,117.83136400,1609489875232,False,True
169966,3.21350000,50.00000000,160.67500000,1609490012272,True,True
169967,3.20790000,96.00000000,307.95840000,1609490170470,True,True
169968,3.20790000,0.02000000,0.06415800,1609490170535,True,True
169969,3.21230000,92.26000000,296.36679800,1609490178642,False,True
169970,3.21090000,76.43000000,245.40908700,1609490188643,False,True
169971,3.21500000,78.07000000,250.99505000,1609490190048,False,True
169972,3.21600000,81.20000000,261.13920000,1609490218569,True,True
169973,3.21300000,3.89000000,12.49857000,1609490482894,True,True
169974,3.20510000,84.58000000,271.08735800,1609490621271,True,True
169975,3.20130000,23.87000000,76.41503100,1609490630126,True,True
169976,3.20130000,66.13000000,211.70196900,1609490630126,True,True
169977,3.19380000,15.66000000,50.01490800,1609490642833,True,True
169978,3.18850000,95.69000000,305.10756500,1609490659823,True,True
169979,3.18850000,9.70000000,30.92845000,1609490691796,False,True
169980,3.18850000,8.07000000,25.73119500,1609490691809,False,True
169981,3.18630000,81.67000000,260.22512100,1609490692225,True,True
169982,3.18350000,76.00000000,241.94600000,1609490704205,True,True
169983,3.18220000,97.57000000,310.48725400,1609490726045,True,True
169984,3.18090000,23.14000000,73.60602600,1609490726190,True,True
169985,3.17840000,3.89000000,12.36397600,1609490764724,False,True
169986,3.17850000,94.31000000,299.76433500,1609490764724,False,True
169987,3.18850000,22.23000000,70.88035500,1609490801363,False,True
169988,3.18850000,50.00000000,159.42500000,1609490801363,False,True
169989,3.18850000,59.97000000,191.21434500,1609490801363,False,True
169990,3.18850000,0.03000000,0.09565500,1609490801376,False,True
169991,3.18120000,79.96000000,254.36875200,1609490854238,True,True
169992,3.18000000,260.00000000,826.80000000,1609490854248,False,True
169993,3.18000000,0.07000000,0.22260000,1609490854251,False,True
169994,3.19240000,31.32000000,99.98596800,1609490862145,False,True
169995,3.18710000,76.40000000,243.49444000,1609491007728,True,True
169996,3.17890000,95.60000000,303.90284000,1609491057608,True,True
169997,3.18650000,81.60000000,260.01840000,1609491057641,False,True
169998,3.18150000,15.69000000,49.91773500,1609491128241,False,True
169999,3.18150000,50.00000000,159.07500000,1609491138972,False,True
170000,3.17950000,3.71000000,11.79594500,1609491158142,False,True
170001,3.17950000,6.28000000,19.96726000,1609491174895,False,True
170002,3.17800000,3.16000000,10.04248000,1609491196268,False,True
170003,3.17800000,6.29000000,19.98962000,1609491223898,False,True
170004,3.17870000,49.80000000,158.29926000,1609491386327,True,True
170005,3.17350000,78.15000000,248.00902500,1609491389044,True,True
170006,3.17030000,22.31000000,70.72939300,1609491391572,False,True
170007,3.17030000,63.01000000,199.76060300,1609491391580,False,True
170008,3.15930000,94.00000000,296.97420000,1609491419262,False,True
170009,3.15840000,91.04000000,287.54073600,1609491419618,False,True
170010,3.16420000,80.71000000,255.38258200,1609491506618,False,True
170011,3.16420000,17.82000000,56.38604400,1609491506621,False,True
170012,3.16420000,78.12000000,247.18730400,1609491506621,False,True
170013,3.16310000,91.89000000,290.65725900,1609491506730,False,True
170014,3.16840000,23.14000000,73.31677600,1609491506810,False,True
170015,3.16850000,188.99000000,598.81481500,1609491506822,False,True
170016,3.16850000,105.73000000,335.00550500,1609491506822,False,True
170017,3.16520000,50.00000000,158.26000000,1609491508515,False,True
170018,3.16520000,30.24000000,95.71564800,1609491508525,False,True
170019,3.16130000,75.40000000,238.36202000,1609491514443,True,True
170020,3.16130000,0.02000000,0.06322600,1609491514446,True,True
170021,3.16520000,96.97000000,306.92944400,1609491537762,False,True
170022,3.15990000,4.05000000,12.79759500,1609491555846,True,True
170023,3.17070000,82.70000000,262.21689000,1609491859429,True,True
170024,3.17070000,0.07000000,0.22194900,1609491859430,True,True
170025,3.17400000,93.50000000,296.76900000,1609491904041,True,True
170026,3.17400000,0.07000000,0.22218000,1609491904049,True,True
170027,3.16910000,75.09000000,237.96771900,1609491905457,True,True
170028,3.16910000,0.01000000,0.03169100,1609491905459,True,True
170029,3.16380000,83.62000000,264.55695600,1609491950103,True,True
170030,3.15650000,84.33000000,266.18764500,1609491952876,True,True
170031,3.15610000,88.90000000,280.57729000,1609491953106,True,True
170032,3.15410000,9.51000000,29.99549100,1609491954110,True,True
170033,3.15240000,92.09000000,290.30451600,1609491954352,True,True
170034,3.14480000,50.00000000,157.24000000,1609491958187,True,True
170035,3.15440000,86.69000000,273.45493600,1609492113781,True,True
170036,3.14710000,50.00000000,157.35500000,1609492389744,True,True
170037,3.14710000,34.56000000,108.76377600,1609492389750,True,True
170038,3.15100000,84.80000000,267.20480000,1609492714289,False,True
170039,3.15400000,81.73000000,257.77642000,1609492725247,False,True
170040,3.16300000,93.74000000,296.49962000,1609492895132,True,True
170041,3.16000000,94.77000000,299.47320000,1609492895455,True,True
170042,3.16300000,19.69000000,62.27947000,1609492981327,False,True
170043,3.16300000,8.14000000,25.74682000,1609492981345,False,True
170044,3.16300000,2.17000000,6.86371000,1609493125286,False,True
170045,3.16760000,24.77000000,78.46145200,1609493288074,False,True
170046,3.18010000,41.61000000,132.32396100,1609493312760,False,True
170047,3.16760000,92.48000000,292.93964800,1609493314439,False,True
170048,3.16990000,85.43000000,270.80455700,1609493314666,False,True
170049,3.17610000,98.59000000,313.13169900,1609493448061,False,True
170050,3.17660000,87.02000000,276.42773200,1609493463126,False,True
170051,3.17770000,94.26000000,299.53000200,1609493469632,False,True
170052,3.17780000,96.89000000,307.89704200,1609493469949,False,True
170053,3.18360000,87.82000000,279.58375200,1609493472088,False,True
170054,3.17300000,93.24000000,295.85052000,1609493681709,False,True
170055,3.17610000,78.02000000,247.79932200,1609493686833,False,True
170056,3.15670000,36.58000000,115.47208600,1609494171985,True,True
170057,3.15670000,50.00000000,157.83500000,1609494171989,True,True
170058,3.16000000,7.42000000,23.44720000,1609494220278,False,True
170059,3.16000000,137.97000000,435.98520000,1609494220406,False,True
170060,3.16000000,120.08000000,379.45280000,1609494220451,False,True
170061,3.17970000,7.74000000,24.61087800,1609494969364,False,True
170062,3.17830000,15.56000000,49.45434800,1609495036968,False,True
170063,3.17830000,0.49000000,1.55736700,1609495036968,False,True
170064,3.17960000,22.57000000,71.76357200,1609495057260,False,True
170065,3.18200000,86.66000000,275.75212000,1609495374605,False,True
170066,3.18410000,94.49000000,300.86560900,1609495374766,False,True
170067,3.18500000,17.54000000,55.86490000,1609495374773,False,True
170068,3.18850000,9.46000000,30.16321000,1609495407996,False,True
170069,3.19500000,98.75000000,315.50625000,1609495462812,True,True
170070,3.19830000,80.90000000,258.74247000,1609495701184,False,True
170071,3.19560000,15.62000000,49.91527200,1609495859594,True,True
170072,3.19020000,36.63000000,116.85702600,1609495888863,True,True
170073,3.19990000,88.77000000,284.05512300,1609495930912,False,True
170074,3.20240000,87.60000000,280.53024000,1609496121459,False,True
170075,3.20240000,6.40000000,20.49536000,1609496121466,True,True
170076,3.20080000,93.88000000,300.49110400,1609496161522,False,True
170077,3.19980000,90.35000000,289.10193000,1609496199894,False,True
170078,3.19980000,3.65000000,11.67927000,1609496199901,True,True
170079,3.20700000,6.72000000,21.55104000,1609496378106,False,True
170080,3.21520000,4.00000000,12.86080000,1609496899293,False,True
170081,3.21530000,4.00000000,12.86120000,1609496941568,False,True
170082,3.21910000,31.10000000,100.11401000,1609497033044,False,True
170083,3.21910000,11.63000000,37.43813300,1609497125274,False,True
170084,3.21910000,3.49000000,11.23465900,1609497125281,True,True
170085,3.21910000,70.96000000,228.42733600,1609497125281,True,True
170086,3.21910000,7.92000000,25.49527200,1609497125283,True,True
170087,3.21920000,80.53000000,259.24217600,1609497152838,False,True
170088,3.21920000,397.75000000,1280.43680000,1609497152838,False,True
170089,3.22520000,89.77000000,289.52620400,1609497159054,False,True
170090,3.22910000,70.96000000,229.13693600,1609497159978,False,True
170091,3.22910000,8.60000000,27.77026000,1609497159979,False,True
170092,3.22910000,14.10000000,45.53031000,1609497159981,False,True
170093,3.24730000,75.76000000,246.01544800,1609497334389,True,True
170094,3.24910000,75.10000000,244.00741000,1609497386669,True,True
170095,3.25610000,5.00000000,16.28050000,1609497459074,False,True
170096,3.25630000,313.10000000,1019.54753000,1609497459074,False,True
170097,3.25630000,0.05000000,0.16281500,1609497466416,False,True
170098,3.26200000,87.32000000,284.83784000,1609497471660,False,True
170099,3.25850000,92.26000000,300.62921000,1609497504220,True,True
170100,3.25070000,78.60000000,255.50502000,1609497560872,False,True
170101,3.24930000,95.90000000,311.60787000,1609497720185,True,True
170102,3.24300000,61.40000000,199.12020000,1609497807433,False,True
170103,3.25040000,5.60000000,18.20224000,1609498202405,False,True
170104,3.25040000,5.00000000,16.25200000,1609498202406,False,True
170105,3.25040000,39.31000000,127.77322400,1609498202406,False,True
170106,3.25040000,0.83000000,2.69783200,1609498202407,False,True
170107,3.24950000,75.18000000,244.29741000,1609498226817,True,True
170108,3.24300000,100.00000000,324.30000000,1609498323026,True,True
170109,3.24300000,280.75000000,910.47225000,1609498323028,True,True
170110,3.24300000,79.11000000,256.55373000,1609498326605,True,True
170111,3.24550000,93.88000000,304.68754000,1609498489054,False,True
170112,3.25460000,86.28000000,280.80688800,1609498489069,True,True
170113,3.25460000,7.60000000,24.73496000,1609498489073,True,True
170114,3.26860000,5.00000000,16.34300000,1609498489808,True,True
170115,3.25760000,77.52000000,252.52915200,1609498493781,False,True
170116,3.25880000,68.41000000,222.93450800,1609498500380,False,True
170117,3.25880000,26.96000000,87.85724800,1609498500381,False,True
170118,3.25880000,39.75000000,129.53730000,1609498500381,False,True
170119,3.25880000,134.82000000,439.35141600,1609498500382,False,True
170120,3.26910000,3.06000000,10.00344600,1609498500409,False,True
170121,3.26110000,90.86000000,296.30354600,1609498501056,False,True
170122,3.26110000,0.02000000,0.06522200,1609498501056,False,True
170123,3.27930000,80.23000000,263.09823900,1609498505034,False,True
170124,3.28840000,15.66000000,51.49634400,1609498505538,False,True
170125,3.27780000,40.51000000,132.78367800,1609498526743,True,True
170126,3.27780000,50.00000000,163.89000000,1609498526754,True,True
170127,3.26880000,5.00000000,16.34400000,1609498527914,True,True
170128,3.28180000,4.85000000,15.91673000,1609498529921,False,True
170129,3.27710000,97.76000000,320.36929600,1609498547424,True,True
170130,3.28850000,13.38000000,44.00013000,1609498562257,False,True
170131,3.29030000,98.26000000,323.30487800,1609498569721,True,True
170132,3.29280000,17.18000000,56.57030400,1609498570921,False,True
170133,3.29280000,9.87000000,32.49993600,1609498570927,False,True
170134,3.30000000,20.00000000,66.00000000,1609498570970,False,True
170135,3.30000000,99.95000000,329.83500000,1609498570970,False,True
170136,3.30000000,18.51000000,61.08300000,1609498570970,False,True
170137,3.30000000,10.11000000,33.36300000,1609498570970,False,True
170138,3.30000000,17.51000000,57.78300000,1609498570970,False,True
170139,3.30000000,51.91000000,171.30300000,1609498570970,False,True
170140,3.30100000,18.43000000,60.83743000,1609498570970,False,True
170141,3.29830000,81.81000000,269.83392300,1609498614779,True,True
170142,3.30960000,77.20000000,255.50112000,1609498699892,False,True
170143,3.30490000,30.31000000,100.17151900,1609498704142,True,True
170144,3.30500000,93.40000000,308.68700000,1609498764984,True,True
170145,3.33260000,80.64000000,268.74086400,1609498845390,False,True
170146,3.33700000,30.25000000,100.94425000,1609498860684,False,True
170147,3.33850000,46.92000000,156.64242000,1609498948162,False,True
170148,3.33850000,46.92000000,156.64242000,1609498948162,False,True
170149,3.33530000,3.26000000,10.87307800,1609498971324,True,True
170150,3.33080000,88.80000000,295.77504000,1609499044289,False,True
170151,3.33080000,0.07000000,0.23315600,1609499044290,False,True
170152,3.33770000,59.92000000,199.99498400,1609499051909,False,True
170153,3.33770000,37.06000000,123.69516200,1609499051911,False,True
170154,3.32400000,23.23000000,77.21652000,1609499051939,True,True
170155,3.32390000,335.76000000,1116.03266400,1609499051939,True,True
170156,3.33800000,59.91000000,199.97958000,1609499063935,False,True
170157,3.33800000,31.47000000,105.04686000,1609499063943,False,True
170158,3.33580000,90.33000000,301.32281400,1609499334732,True,True
170159,3.33270000,83.55000000,278.44708500,1609499345222,True,True
170160,3.33710000,83.60000000,278.98156000,1609499408089,False,True
170161,3.34000000,112.81000000,376.78540000,1609499408113,False,True
170162,3.34000000,87.19000000,291.21460000,1609499408115,False,True
170163,3.34990000,23.23000000,77.81817700,1609499408158,False,True
170164,3.33840000,21.82000000,72.84388800,1609499408586,False,True
170165,3.33840000,17.91000000,59.79074400,1609499408604,False,True
170166,3.33840000,9.37000000,31.28080800,1609499408611,False,True
170167,3.33840000,9.36000000,31.24742400,1609499408626,False,True
170168,3.33840000,9.37000000,31.28080800,1609499408645,False,True
170169,3.33840000,27.14000000,90.60417600,1609499408650,False,True
170170,3.34360000,82.92000000,277.25131200,1609499454928,True,True
170171,3.34250000,85.93000000,287.22102500,1609499605659,False,True
170172,3.34130000,99.20000000,331.45696000,1609499632850,False,True
170173,3.34150000,94.58000000,316.03907000,1609499637587,False,True
170174,3.34190000,79.70000000,266.34943000,1609499659881,False,True
170175,3.35000000,20.00000000,67.00000000,1609499660007,False,True
170176,3.35000000,20.00000000,67.00000000,1609499660007,False,True
170177,3.34650000,58.10000000,194.43165000,1609499666433,True,True
170178,3.34650000,30.28000000,101.33202000,1609499666536,True,True
170179,3.34480000,76.78000000,256.81374400,1609499703849,True,True
170180,3.34250000,83.20000000,278.09600000,1609499710492,True,True
170181,3.33400000,59.98000000,199.97332000,1609499785284,False,True
170182,3.33400000,19.63000000,65.44642000,1609499785288,False,True
170183,3.33410000,79.61000000,265.42770100,1609499785499,True,True
170184,3.33280000,8.38000000,27.92886400,1609499785512,False,True
170185,3.33280000,0.26000000,0.86652800,1609499785512,False,True
170186,3.33340000,84.04000000,280.13893600,1609499827503,False,True
170187,3.33220000,88.68000000,295.49949600,1609499847537,False,True
170188,3.33160000,98.58000000,328.42912800,1609499847762,False,True
170189,3.34010000,85.12000000,284.30931200,1609500020090,True,True
170190,3.34360000,92.85000000,310.45326000,1609500061090,False,True
170191,3.35870000,2.98000000,10.00892600,1609500061090,False,True
170192,3.35870000,112.58000000,378.12244600,1609500061099,True,True
170193,3.33560000,38.38000000,128.02032800,1609500061126,True,True
170194,3.33670000,24.81000000,82.78352700,1609500111571,True,True
170195,3.34210000,93.85000000,313.65608500,1609500164805,False,True
170196,3.33540000,98.30000000,327.86982000,1609500380602,True,True
170197,3.34350000,81.30000000,271.82655000,1609500464732,False,True
170198,3.35000000,49.90000000,167.16500000,1609500549527,False,True
170199,3.34850000,89.65000000,300.19302500,1609500549591,True,True
170200,3.35000000,0.05000000,0.16750000,1609500559312,False,True
170201,3.35620000,76.44000000,256.54792800,1609500569635,True,True
170202,3.35600000,5.87000000,19.69972000,1609500569805,True,True
170203,3.35600000,86.38000000,289.89128000,1609500569812,True,True
170204,3.35640000,85.34000000,286.43517600,1609500570206,True,True
170205,3.35630000,78.01000000,261.82496300,1609500570330,True,True
170206,3.35670000,90.74000000,304.58695800,1609500572126,True,True
170207,3.35720000,88.16000000,295.97075200,1609500574444,True,True
170208,3.35860000,46.60000000,156.51076000,1609500576652,False,True
170209,3.35860000,32.35000000,108.65071000,1609500576773,False,True
170210,3.35870000,14.94000000,50.17897800,1609500576784,False,True
170211,3.36170000,5.00000000,16.80850000,1609500675557,True,True
170212,3.36170000,45.58000000,153.22628600,1609500675565,True,True
170213,3.36210000,29.70000000,99.85437000,1609500678045,False,True
170214,3.36130000,40.42000000,135.86374600,1609500680571,True,True
170215,3.36410000,81.90000000,275.51979000,1609500688584,False,True
170216,3.36410000,8.09000000,27.21556900,1609500688586,False,True
170217,3.36700000,23.30000000,78.45110000,1609500688982,True,True
170218,3.36700000,26.87000000,90.47129000,1609500688984,True,True
170219,3.37720000,45.50000000,153.66260000,1609500693976,True,True
170220,3.37720000,0.05000000,0.16886000,1609500693978,True,True
170221,3.37960000,91.79000000,310.21348400,1609500707027,False,True
170222,3.38380000,52.25000000,176.80355000,1609500730485,True,True
170223,3.38380000,31.92000000,108.01089600,1609500730505,True,True
170224,3.38360000,97.77000000,330.81457200,1609500734144,True,True
170225,3.38620000,86.00000000,291.21320000,1609500804213,True,True
170226,3.39000000,700.00000000,2373.00000000,1609500814337,False,True
170227,3.39000000,232.80000000,789.19200000,1609500814352,False,True
170228,3.39150000,87.60000000,297.09540000,1609500814894,True,True
170229,3.39190000,83.05000000,281.69729500,1609500816276,True,True
170230,3.38390000,77.73000000,263.03054700,1609501011965,True,True
170231,3.39000000,61.65000000,208.99350000,1609501013890,False,True
170232,3.39270000,99.38000000,337.16652600,1609501013908,False,True
170233,3.39510000,58.90000000,199.97139000,1609501014618,False,True
170234,3.39510000,19.79000000,67.18902900,1609501014668,False,True
170235,3.39200000,5.00000000,16.96000000,1609501025611,True,True
170236,3.39970000,58.82000000,199.97035400,1609501032794,False,True
170237,3.39970000,30.27000000,102.90891900,1609501032800,False,True
170238,3.39510000,8.99000000,30.52194900,1609501044895,True,True
170239,3.39720000,86.29000000,293.14438800,1609501044977,False,True
170240,3.39060000,25.27000000,85.68046200,1609501045011,True,True
170241,3.40200000,58.78000000,199.96956000,1609501055457,False,True
170242,3.40200000,31.35000000,106.65270000,1609501055471,False,True
170243,3.40750000,58.69000000,199.98617500,1609501099650,False,True
170244,3.40750000,24.99000000,85.15342500,1609501099655,False,True
170245,3.41400000,76.74000000,261.99036000,1609501110709,False,True
170246,3.40670000,20.80000000,70.85936000,1609501114105,True,True
170247,3.41460000,95.45000000,325.92357000,1609501125236,False,True
170248,3.41710000,35.88000000,122.60554800,1609501125257,False,True
170249,3.42240000,50.00000000,171.12000000,1609501127262,False,True
170250,3.42880000,58.32000000,199.96761600,1609501131632,False,True
170251,3.42880000,18.15000000,62.23272000,1609501131693,False,True
170252,3.43480000,22.73000000,78.07300400,1609501146284,False,True
170253,3.43480000,10.75000000,36.92410000,1609501146467,False,True
170254,3.43480000,6.15000000,21.12402000,1609501146626,False,True
170255,3.43640000,3.94000000,13.53941600,1609501160692,False,True
170256,3.43640000,1.03000000,3.53949200,1609501165473,False,True
170257,3.43640000,22.77000000,78.24682800,1609501165488,True,True
170258,3.43640000,18.21000000,62.57684400,1609501165501,True,True
170259,3.43640000,9.08000000,31.20251200,1609501165521,True,True
170260,3.43640000,9.08000000,31.20251200,1609501165529,True,True
170261,3.43640000,9.10000000,31.27124000,1609501165539,True,True
170262,3.43640000,76.23000000,261.95677200,1609501165546,True,True
170263,3.42810000,27.26000000,93.45000600,1609501165546,True,True
170264,3.43260000,93.90000000,322.32114000,1609501181944,True,True
170265,3.42330000,76.66000000,262.43017800,1609501186171,True,True
170266,3.43490000,84.10000000,288.87509000,1609501219451,True,True
170267,3.43490000,0.07000000,0.24044300,1609501219703,True,True
170268,3.43490000,56.39000000,193.69401100,1609501252225,True,True
170269,3.43810000,56.39000000,193.87445900,1609501286738,True,True
170270,3.45070000,50.57000000,174.50189900,1609501354965,True,True
170271,3.45150000,46.22000000,159.52833000,1609501355746,False,True
170272,3.45000000,639.09000000,2204.86050000,1609501382476,False,True
170273,3.45000000,21.07000000,72.69150000,1609501382488,False,True
170274,3.45000000,18.13000000,62.54850000,1609501382496,False,True
170275,3.45000000,20.66000000,71.27700000,1609501382496,False,True
170276,3.45000000,9.06000000,31.25700000,1609501382519,False,True
170277,3.45000000,20.30000000,70.03500000,1609501382525,False,True
170278,3.45000000,9.06000000,31.25700000,1609501382529,False,True
170279,3.45000000,7.47000000,25.77150000,1609501382539,False,True
170280,3.45000000,4.48000000,15.45600000,1609501382547,False,True
170281,3.45000000,45.91000000,158.38950000,1609501382555,False,True
170282,3.45000000,20.30000000,70.03500000,1609501382585,False,True
170283,3.45000000,17.22000000,59.40900000,1609501382590,False,True
170284,3.45000000,17.23000000,59.44350000,1609501382613,False,True
170285,3.45000000,3.07000000,10.59150000,1609501382641,False,True
170286,3.45000000,82.02000000,282.96900000,1609501382675,False,True
170287,3.45000000,64.93000000,224.00850000,1609501382757,False,True
170288,3.46220000,57.76000000,199.97667200,1609501386940,False,True
170289,3.45610000,23.23000000,80.28520300,1609501424823,True,True
170290,3.45610000,4.97000000,17.17681700,1609501425021,False,True
170291,3.45610000,18.76000000,64.83643600,1609501426545,False,True
170292,3.45610000,5.88000000,20.32186800,1609501426548,False,True
170293,3.45610000,10.09000000,34.87204900,1609501426559,False,True
170294,3.45760000,86.50000000,299.08240000,1609501459459,True,True
170295,3.45760000,0.03000000,0.10372800,1609501459556,True,True
170296,3.45330000,91.51000000,316.01148300,1609501460876,True,True
170297,3.44720000,96.20000000,331.62064000,1609501465410,True,True
170298,3.44720000,0.14000000,0.48260800,1609501465427,True,True
170299,3.45860000,57.82000000,199.97625200,1609501509292,False,True
170300,3.46860000,80.02000000,277.55737200,1609501571940,False,True
170301,3.47190000,97.45000000,338.33665500,1609501581597,False,True
170302,3.48330000,57.41000000,199.97625300,1609501608495,False,True
170303,3.48710000,91.25000000,318.19787500,1609501613023,False,True
170304,3.50000000,334.72000000,1171.52000000,1609501637028,False,True
170305,3.50000000,49.60000000,173.60000000,1609501637263,False,True
170306,3.50000000,42.88000000,150.08000000,1609501637960,False,True
170307,3.50000000,55.23000000,193.30500000,1609501638591,False,True
170308,3.50000000,20.39000000,71.36500000,1609501638696,False,True
170309,3.50000000,12.49000000,43.71500000,1609501638801,False,True
170310,3.50000000,42.85000000,149.97500000,1609501638906,False,True
170311,3.50000000,57.43000000,201.00500000,1609501639011,False,True
170312,3.50000000,20.39000000,71.36500000,1609501639118,False,True
170313,3.50000000,99.12000000,346.92000000,1609501639281,False,True
170314,3.50000000,90.01000000,315.03500000,1609501639429,False,True
170315,3.50000000,95.17000000,333.09500000,1609501639532,False,True
170316,3.50000000,78.30000000,274.05000000,1609501639847,False,True
170317,3.50000000,357.80000000,1252.30000000,1609501640262,False,True
170318,3.50000000,20.36000000,71.26000000,1609501640593,False,True
170319,3.50000000,5.74000000,20.09000000,1609501640903,False,True
170320,3.50000000,42.86000000,150.01000000,1609501641122,False,True
170321,3.50000000,45.28000000,158.48000000,1609501641651,False,True
170322,3.50000000,3.28000000,11.48000000,1609501641760,False,True
170323,3.50000000,3.28000000,11.48000000,1609501641860,False,True
170324,3.50000000,3.28000000,11.48000000,1609501641967,False,True
170325,3.50000000,3.28000000,11.48000000,1609501642067,False,True
170326,3.50000000,3.28000000,11.48000000,1609501642175,False,True
170327,3.50000000,3.28000000,11.48000000,1609501642279,False,True
170328,3.50000000,3.28000000,11.48000000,1609501642379,False,True
170329,3.50000000,3.28000000,11.48000000,1609501642491,False,True
170330,3.49950000,17.31000000,60.57634500,1609501643979,True,True
170331,3.49950000,79.37000000,277.75531500,1609501644198,True,True
170332,3.50000000,1610.87000000,5638.04500000,1609501644219,False,True
170333,3.50000000,79.37000000,277.79500000,1609501644224,False,True
170334,3.50000000,125.29000000,438.51500000,1609501644226,False,True
170335,3.50000000,14.50000000,50.75000000,1609501644226,False,True
170336,3.50000000,20.00000000,70.00000000,1609501644226,False,True
170337,3.51280000,83.72000000,294.09161600,1609501677109,False,True
170338,3.51420000,93.47000000,328.47227400,1609501678240,False,True
170339,3.50640000,23.23000000,81.45367200,1609501679508,True,True
170340,3.50630000,93.22000000,326.85728600,1609501679508,True,True
170341,3.50040000,6.10000000,21.35244000,1609501679508,True,True
170342,3.50000000,669.19000000,2342.16500000,1609501679508,True,True
170343,3.50000000,347.92000000,1217.72000000,1609501679508,True,True
170344,3.50430000,12.57000000,44.04905100,1609501683332,True,True
170345,3.50420000,1.74000000,6.09730800,1609501683332,True,True
170346,3.51430000,28.85000000,101.38755500,1609501683656,True,True
170347,3.52000000,45.59000000,160.47680000,1609501688636,True,True
170348,3.51930000,38.72000000,136.26729600,1609501693716,True,True
170349,3.51680000,49.20000000,173.02656000,1609501698699,True,True
170350,3.51530000,39.67000000,139.45195100,1609501703699,True,True
170351,3.51360000,40.59000000,142.61702400,1609501708705,True,True
170352,3.50150000,10.57000000,37.01085500,1609501710139,True,True
170353,3.50170000,30.97000000,108.44764900,1609501713712,True,True
170354,3.49450000,10.63000000,37.14653500,1609501714957,True,True
170355,3.50710000,75.70000000,265.48747000,1609501716255,False,True
170356,3.49520000,43.03000000,150.39845600,1609501718711,True,True
170357,3.49940000,10.91000000,38.17845400,1609501720481,False,True
170358,3.49780000,49.03000000,171.49713400,1609501723711,True,True
170359,3.48960000,90.26000000,314.97129600,1609501728007,False,True
170360,3.49920000,250.00000000,874.80000000,1609501728007,False,True
170361,3.49930000,15.31000000,53.57428300,1609501728007,False,True
170362,3.49280000,51.95000000,181.45096000,1609501728746,True,True
170363,3.49380000,2.99000000,10.44646200,1609501730785,False,True
170364,3.49380000,3.56000000,12.43792800,1609501732242,False,True
170365,3.49390000,4.30000000,15.02377000,1609501732900,False,True
170366,3.49380000,42.55000000,148.66119000,1609501733721,True,True
170367,3.49370000,2.91000000,10.16666700,1609501735312,False,True
170368,3.49370000,3.30000000,11.52921000,1609501736564,False,True
170369,3.48950000,13.30000000,46.41035000,1609501737000,False,True
170370,3.49360000,53.65000000,187.43164000,1609501738750,True,True
170371,3.49400000,3.24000000,11.32056000,1609501741013,False,True
170372,3.49400000,9.71000000,33.92674000,1609501741676,False,True
170373,3.49400000,11.88000000,41.50872000,1609501742714,False,True
170374,3.49720000,4.03000000,14.09371600,1609501743705,False,True
170375,3.49710000,6.07000000,21.22739700,1609501744456,False,True
170376,3.49700000,7.98000000,27.90606000,1609501745167,False,True
170377,3.49700000,9.27000000,32.41719000,1609501745855,False,True
170378,3.49700000,5.98000000,20.91206000,1609501746591,False,True
170379,3.49710000,7.98000000,27.90685800,1609501746591,False,True
170380,3.49710000,13.64000000,47.70044400,1609501747273,False,True
170381,3.49890000,6.14000000,21.48324600,1609501748649,False,True
170382,3.49870000,39.04000000,136.58924800,1609501748853,True,True
170383,3.49890000,3.12000000,10.91656800,1609501753409,False,True
170384,3.49870000,53.31000000,186.51569700,1609501753858,True,True
170385,3.49890000,3.13000000,10.95155700,1609501754859,False,True
170386,3.50000000,5.04000000,17.64000000,1609501763180,False,True
170387,3.50000000,5.86000000,20.51000000,1609501763828,False,True
170388,3.50180000,96.38000000,337.50348400,1609501767387,False,True
170389,3.51120000,48.60000000,170.64432000,1609501769427,True,True
170390,3.51390000,3.20000000,11.24448000,1609501771924,False,True
170391,3.51900000,48.98000000,172.36062000,1609501779404,True,True
170392,3.52260000,5.84000000,20.57198400,1609501782349,False,True
170393,3.51280000,80.17000000,281.62117600,1609501818735,False,True
170394,3.51900000,14.23000000,50.07537000,1609501819059,False,True
170395,3.51750000,70.00000000,246.22500000,1609501826948,False,True
170396,3.53110000,85.49000000,301.87373900,1609501835825,False,True
170397,3.53470000,84.96000000,300.30811200,1609501838629,False,True
170398,3.53490000,4.45000000,15.73030500,1609501839653,True,True
170399,3.53910000,80.56000000,285.10989600,1609501840433,False,True
170400,3.54000000,2.83000000,10.01820000,1609501841976,False,True
170401,3.53500000,2.83000000,10.00405000,1609501844439,True,True
170402,3.53500000,8.97000000,31.70895000,1609501887871,True,True
170403,3.53490000,53.83000000,190.28366700,1609501887871,True,True
170404,3.53490000,305.70000000,1080.61893000,1609501887926,True,True
170405,3.52710000,92.01000000,324.52847100,1609501890888,True,True
170406,3.53260000,91.46000000,323.09159600,1609501893185,False,True
170407,3.53260000,2.54000000,8.97280400,1609501893192,True,True
170408,3.52310000,212.98000000,750.34983800,1609501921801,True,True
170409,3.52310000,14.24000000,50.16894400,1609501921822,True,True
170410,3.53260000,5.30000000,18.72278000,1609501928140,False,True
170411,3.53990000,2.83000000,10.01791700,1609501929734,False,True
170412,3.54000000,45.87000000,162.37980000,1609501929734,False,True
170413,3.54000000,67.99000000,240.68460000,1609501929741,False,True
170414,3.54000000,4.39000000,15.54060000,1609501931720,False,True
170415,3.55010000,89.65000000,318.26646500,1609501931720,False,True
170416,3.55140000,795.20000000,2824.07328000,1609501931730,True,True
170417,3.55140000,324.30000000,1151.71902000,1609501931732,True,True
170418,3.55140000,32.94000000,116.98311600,1609501931734,True,True
170419,3.52950000,6.00000000,21.17700000,1609501931764,True,True
170420,3.55140000,3.52000000,12.50092800,1609501973114,False,True
170421,3.55140000,10.59000000,37.60932600,1609501973167,False,True
170422,3.54350000,117.44000000,416.14864000,1609502016757,False,True
170423,3.54350000,115.73000000,410.08925500,1609502016757,False,True
170424,3.54350000,85.78000000,303.96143000,1609502016757,False,True
170425,3.54010000,33.77000000,119.54917700,1609502035275,True,True
170426,3.53960000,35.72000000,126.43451200,1609502040223,True,True
170427,3.53950000,34.64000000,122.60828000,1609502045344,True,True
170428,3.53620000,29.74000000,105.16658800,1609502050309,True,True
170429,3.53050000,94.00000000,331.86700000,1609502052273,True,True
170430,3.53000000,42.29000000,149.28370000,1609502070095,False,True
170431,3.52980000,30.65000000,108.18837000,1609502070498,True,True
170432,3.51950000,76.18000000,268.11551000,1609502077229,True,True
170433,3.51950000,71.00000000,249.88450000,1609502077229,True,True
170434,3.51900000,7.50000000,26.39250000,1609502077229,True,True
170435,3.51270000,50.00000000,175.63500000,1609502077229,True,True
170436,3.51260000,74.39000000,261.30231400,1609502077229,True,True
170437,3.52220000,44.56000000,156.94923200,1609502080797,True,True
170438,3.53000000,14.36000000,50.69080000,1609502087247,False,True
170439,3.53000000,50.00000000,176.50000000,1609502087247,False,True
170440,3.53000000,14.86000000,52.45580000,1609502087255,True,True
170441,3.53000000,14.78000000,52.17340000,1609502087259,True,True
170442,3.51610000,14.24000000,50.06926400,1609502092627,True,True
170443,3.51600000,23.23000000,81.67668000,1609502098324,True,True
170444,3.52400000,3.72000000,13.10928000,1609502142140,True,True
170445,3.52000000,81.85000000,288.11200000,1609502142140,True,True
170446,3.51960000,94.00000000,330.84240000,1609502142140,True,True
170447,3.51960000,43.08000000,151.62436800,1609502142140,True,True
170448,3.51960000,59.50000000,209.41620000,1609502142140,True,True
170449,3.53260000,18.30000000,64.64658000,1609502156533,False,True
170450,3.53230000,130.00000000,459.19900000,1609502163096,False,True
170451,3.51960000,22.19000000,78.09992400,1609502163180,True,True
170452,3.51960000,239.06000000,841.39557600,1609502163184,True,True
170453,3.50860000,17.90000000,62.80394000,1609502166534,True,True
170454,3.50860000,68.72000000,241.11099200,1609502166555,True,True
170455,3.49490000,177.80000000,621.39322000,1609502166669,True,True
170456,3.49500000,34.20000000,119.52900000,1609502168810,True,True
170457,3.50850000,23.23000000,81.50245500,1609502173831,False,True
170458,3.50850000,50.00000000,175.42500000,1609502173831,False,True
170459,3.50850000,20.77000000,72.87154500,1609502173838,True,True
170460,3.50560000,15.40000000,53.98624000,1609502174164,False,True
170461,3.50560000,948.60000000,3325.41216000,1609502174171,True,True
170462,3.50850000,14.27000000,50.06629500,1609502176723,False,True
170463,3.50860000,49.93000000,175.18439800,1609502176723,False,True
170464,3.50860000,0.07000000,0.24560200,1609502178472,False,True
170465,3.51890000,140.00000000,492.64600000,1609502178475,False,True
170466,3.51890000,45.09000000,158.66720100,1609502178487,False,True
170467,3.49980000,3.32000000,11.61933600,1609502217027,True,True
170468,3.49980000,31.30000000,109.54374000,1609502217027,True,True
170469,3.49970000,184.80000000,646.74456000,1609502217027,True,True
170470,3.49950000,140.23000000,490.73488500,1609502217027,True,True
170471,3.51590000,23.20000000,81.56888000,1609502233181,True,True
170472,3.51580000,38.13000000,134.05745400,1609502233181,True,True
170473,3.51250000,95.83000000,336.60287500,1609502233181,True,True
170474,3.50940000,50.00000000,175.47000000,1609502233181,True,True
170475,3.50940000,54.09000000,189.82344600,1609502233181,True,True
170476,3.55190000,3.32000000,11.79230800,1609502273617,False,True
170477,3.55200000,49.98000000,177.52896000,1609502273617,False,True
170478,3.52000000,88.33000000,310.92160000,1609502387536,False,True
170479,3.52000000,61.67000000,217.07840000,1609502387540,False,True
170480,3.52870000,50.00000000,176.43500000,1609502387627,False,True
170481,3.52880000,21.19000000,74.77527200,1609502387627,False,True
170482,3.52870000,299.60000000,1057.19852000,1609502397636,False,True
170483,3.52880000,28.81000000,101.66472800,1609502397636,False,True
170484,3.52880000,50.00000000,176.44000000,1609502397636,False,True
170485,3.52900000,50.00000000,176.45000000,1609502397636,False,True
170486,3.52930000,49.99000000,176.42970700,1609502397636,False,True
170487,3.52930000,0.01000000,0.03529300,1609502397636,False,True
170488,3.52940000,109.08000000,384.98695200,1609502397668,True,True
170489,3.51530000,12.53000000,44.04670900,1609502402453,True,True
170490,3.50780000,88.61000000,310.82615800,1609502407048,True,True
170491,3.48800000,23.23000000,81.02624000,1609502421926,True,True
170492,3.48800000,0.08000000,0.27904000,1609502421926,True,True
170493,3.48800000,5.52000000,19.25376000,1609502421926,True,True
170494,3.48730000,81.75000000,285.08677500,1609502421993,True,True
170495,3.48010000,14.36000000,49.97423600,1609502422004,True,True
170496,3.45410000,72.43000000,250.18046300,1609502422004,True,True
170497,3.48450000,81.60000000,284.33520000,1609502422398,True,True
170498,3.46870000,80.28000000,278.46723600,1609502429764,True,True
170499,3.46870000,8.05000000,27.92303500,1609502429764,True,True
170500,3.47370000,50.52000000,175.49132400,1609502446677,True,True
170501,3.46880000,210.62000000,730.59865600,1609502447662,True,True
170502,3.46880000,68.62000000,238.02905600,1609502447666,True,True
170503,3.47260000,16.42000000,57.02009200,1609502456631,True,True
170504,3.47260000,13.09000000,45.45633400,1609502456634,True,True
170505,3.46880000,52.90000000,183.49952000,1609502461655,True,True
170506,3.46880000,0.01000000,0.03468800,1609502461655,True,True
170507,3.46860000,47.99000000,166.45811400,1609502466627,True,True
170508,3.46740000,10.38000000,35.99161200,1609502466728,True,True
170509,3.46870000,28.82000000,99.96793400,1609502469523,False,True
170510,3.47770000,79.30000000,275.78161000,1609502477610,False,True
170511,3.48780000,61.45000000,214.32531000,1609502486747,False,True
170512,3.48780000,207.67000000,724.31142600,1609502486747,False,True
170513,3.48780000,142.85000000,498.23223000,1609502486747,False,True
170514,3.48780000,26.23000000,91.48499400,1609502486782,False,True
170515,3.49180000,96.52000000,337.02853600,1609502486822,False,True
170516,3.48860000,128.05000000,446.71523000,1609502503318,False,True
170517,3.48860000,75.15000000,262.16829000,1609502503318,False,True
170518,3.47010000,23.23000000,80.61042300,1609502507177,True,True
170519,3.47010000,50.00000000,173.50500000,1609502507177,True,True
170520,3.47000000,1127.33000000,3911.83510000,1609502507183,False,True
170521,3.47000000,45.82000000,158.99540000,1609502507183,False,True
170522,3.47000000,12.39000000,42.99330000,1609502546721,False,True
170523,3.47000000,6.88000000,23.87360000,1609502546726,False,True
170524,3.48620000,23.23000000,80.98442600,1609502546841,False,True
170525,3.48620000,4.88000000,17.01265600,1609502546856,False,True
170526,3.48620000,58.63000000,204.39590600,1609502546869,False,True
170527,3.48890000,57.32000000,199.98374800,1609502571036,False,True
170528,3.47180000,2.97000000,10.31124600,1609502590976,True,True
170529,3.47170000,15.05000000,52.24908500,1609502590976,True,True
170530,3.47160000,131.15000000,455.30034000,1609502590976,True,True
170531,3.47180000,150.00000000,520.77000000,1609502598044,True,True
170532,3.47180000,545.55000000,1894.04049000,1609502598048,False,True
170533,3.47180000,0.01000000,0.03471800,1609502598049,False,True
170534,3.49060000,2.97000000,10.36708200,1609502602919,False,True
170535,3.50000000,250.00000000,875.00000000,1609502687405,False,True
170536,3.50000000,139.00000000,486.50000000,1609502687405,False,True
170537,3.50000000,0.02000000,0.07000000,1609502687406,False,True
170538,3.52370000,695.50000000,2450.73335000,1609502781910,False,True
170539,3.52370000,0.06000000,0.21142200,1609502781915,False,True
170540,3.54120000,14.35000000,50.81622000,1609502801447,False,True
170541,3.56000000,67.79000000,241.33240000,1609502828985,False,True
170542,3.53710000,2.91000000,10.29296100,1609502871855,True,True
170543,3.53700000,49.99000000,176.81463000,1609502871855,True,True
170544,3.55380000,50.00000000,177.69000000,1609502896648,False,True
170545,3.55390000,50.00000000,177.69500000,1609502896648,False,True
170546,3.55400000,47.00000000,167.03800000,1609502896687,False,True
170547,3.55400000,3.00000000,10.66200000,1609502896710,False,True
170548,3.55430000,50.00000000,177.71500000,1609502896710,False,True
170549,3.55750000,2.91000000,10.35232500,1609502900235,False,True
170550,3.55760000,23.23000000,82.64304800,1609502900235,False,True
170551,3.55780000,462.26000000,1644.62862800,1609502900235,False,True
170552,3.55780000,267.90000000,953.13462000,1609502900236,False,True
170553,3.55780000,169.84000000,604.25675200,1609502900242,False,True
170554,3.56580000,23.23000000,82.83353400,1609502922396,False,True
170555,3.58590000,140.00000000,502.02600000,1609502931246,False,True
170556,3.58610000,2.79000000,10.00521900,1609502931260,False,True
170557,3.59300000,84.60000000,303.96780000,1609502931295,False,True
170558,3.61590000,23.23000000,83.99735700,1609502931354,False,True
170559,3.61610000,403.40000000,1458.73474000,1609502931396,False,True
170560,3.59510000,81.03000000,291.31095300,1609502931716,False,True
170561,3.61590000,749.00000000,2708.30910000,1609502931873,False,True
170562,3.60800000,89.13000000,321.58104000,1609502933360,False,True
170563,3.61600000,5.00000000,18.08000000,1609502933398,True,True
170564,3.61220000,77.06000000,278.35613200,1609502934769,False,True
170565,3.61220000,0.01000000,0.03612200,1609502934769,False,True
170566,3.61690000,23.23000000,84.02058700,1609502937258,False,True
170567,3.62600000,8.23000000,29.84198000,1609502953479,False,True
170568,3.62610000,80.56000000,292.11861600,1609502953487,False,True
170569,3.62440000,87.39000000,316.73631600,1609502992338,False,True
170570,3.64150000,53.91000000,196.31326500,1609503011763,False,True
170571,3.64160000,50.00000000,182.08000000,1609503011763,False,True
170572,3.64160000,58.26000000,212.15961600,1609503011763,False,True
170573,3.64170000,50.00000000,182.08500000,1609503011763,False,True
170574,3.64180000,50.00000000,182.09000000,1609503011763,False,True
170575,3.63080000,2.75000000,9.98470000,1609503113932,False,True
170576,3.60910000,70.55000000,254.62200500,1609503242281,True,True
170577,3.60910000,208.24000000,751.55898400,1609503242281,True,True
170578,3.60810000,55.43000000,199.99698300,1609503252104,False,True
170579,3.58600000,2.98000000,10.68628000,1609503303777,True,True
170580,3.58590000,2.02000000,7.24351800,1609503303777,True,True
170581,3.58590000,2.98000000,10.68598200,1609503307386,True,True
170582,3.56830000,12.14000000,43.31916200,1609503313782,True,True
170583,3.57970000,23.20000000,83.04904000,1609503376579,True,True
170584,3.57510000,4.83000000,17.26773300,1609503377044,False,True
170585,3.57510000,0.15000000,0.53626500,1609503377049,False,True
170586,3.57010000,28.04000000,100.10560400,1609503389948,True,True
170587,3.57000000,30.76000000,109.81320000,1609503389948,True,True
170588,3.57000000,63.12000000,225.33840000,1609503389974,True,True
170589,3.56870000,22.16000000,79.08239200,1609503389983,True,True
170590,3.58390000,2.98000000,10.68002200,1609503419833,False,True
170591,3.58430000,23.23000000,83.26328900,1609503419864,False,True
170592,3.59050000,97.12000000,348.70936000,1609503419884,False,True
170593,3.59040000,749.00000000,2689.20960000,1609503419898,False,True
170594,3.59750000,23.23000000,83.56992500,1609503419960,False,True
170595,3.59760000,94.00000000,338.17440000,1609503419967,False,True
170596,3.59550000,89.00000000,319.99950000,1609503420965,True,True
170597,3.59500000,77.79000000,279.65505000,1609503421411,True,True
170598,3.59350000,78.21000000,281.04763500,1609503421959,True,True
170599,3.59290000,99.24000000,356.55939600,1609503422886,True,True
170600,3.60540000,50.00000000,180.27000000,1609503423215,False,True
170601,3.60920000,50.00000000,180.46000000,1609503426139,False,True
170602,3.60930000,50.00000000,180.46500000,1609503426139,False,True
170603,3.59450000,250.00000000,898.62500000,1609503437522,True,True
170604,3.59450000,74.26000000,266.92757000,1609503437527,True,True
170605,3.59450000,350.00000000,1258.07500000,1609503437535,True,True
170606,3.61190000,50.00000000,180.59500000,1609503446849,False,True
