39925896,17.01000000,0.78000000,13.26780000,1666828803578,False,True
39925897,17.01000000,0.88000000,14.96880000,1666828804004,False,True
39925898,17.00000000,9.63000000,163.71000000,1666828813692,True,True
39925899,17.00000000,18.82000000,319.94000000,1666828820985,True,True
39925900,17.00000000,1.63000000,27.71000000,1666828820985,True,True
39925901,17.00000000,0.94000000,15.98000000,1666828820985,True,True
39925902,17.00000000,3.50000000,59.50000000,1666828820985,True,True
39925903,17.00000000,3.30000000,56.10000000,1666828820985,True,True
39925904,17.00000000,0.65000000,11.05000000,1666828820985,True,True
39925905,17.00000000,44.82000000,761.94000000,1666828820985,True,True
39925906,17.00000000,3.14000000,53.38000000,1666828821002,False,True
39925907,16.99000000,0.94000000,15.97060000,1666828828751,True,True
39925908,16.99000000,30.48000000,517.85520000,1666828828751,True,True
39925909,16.99000000,7.87000000,133.71130000,1666828828768,True,True
39925910,16.99000000,0.65000000,11.04350000,1666828828768,True,True
39925911,16.99000000,0.88000000,14.95120000,1666828828768,True,True
39925912,16.99000000,15.82000000,268.78180000,1666828828768,True,True
39925913,16.99000000,3.30000000,56.06700000,1666828828768,True,True
39925914,16.98000000,2.45000000,41.60100000,1666828830581,True,True
39925915,16.98000000,0.69000000,11.71620000,1666828830581,True,True
39925916,16.98000000,7.45000000,126.50100000,1666828830581,True,True
39925917,16.98000000,0.71000000,12.05580000,1666828830581,True,True
39925918,16.98000000,0.63000000,10.69740000,1666828830581,True,True
39925919,16.98000000,0.63000000,10.69740000,1666828830581,True,True
39925920,16.98000000,1.51000000,25.63980000,1666828830581,True,True
39925921,16.98000000,1.79000000,30.39420000,1666828830581,True,True
39925922,16.98000000,15.00000000,254.70000000,1666828830581,True,True
39925923,16.98000000,10.00000000,169.80000000,1666828830581,True,True
39925924,16.98000000,1.63000000,27.67740000,1666828830581,True,True
39925925,16.98000000,3.50000000,59.43000000,1666828830581,True,True
39925926,16.98000000,7.49000000,127.18020000,1666828830778,False,True
39925927,16.98000000,24.70000000,419.40600000,1666828830778,False,True
39925928,16.98000000,17.16000000,291.37680000,1666828830924,False,True
39925929,16.98000000,15.88000000,269.64240000,1666828831125,False,True
39925930,16.99000000,20.43000000,347.10570000,1666828837769,False,True
39925931,16.99000000,0.92000000,15.63080000,1666828840380,False,True
39925932,16.99000000,8.78000000,149.17220000,1666828848621,False,True
39925933,16.99000000,8.86000000,150.53140000,1666828848621,False,True
39925934,16.99000000,5.13000000,87.15870000,1666828848667,False,True
39925935,16.99000000,1.83000000,31.09170000,1666828848708,False,True
39925936,16.99000000,5.36000000,91.06640000,1666828848708,False,True
39925937,17.00000000,0.94000000,15.98000000,1666828860320,False,True
39925938,17.00000000,3.30000000,56.10000000,1666828860320,False,True
39925939,17.00000000,3.50000000,59.50000000,1666828860320,False,True
39925940,17.00000000,1.47000000,24.99000000,1666828861019,True,True
39925941,17.00000000,1.47000000,24.99000000,1666828861256,True,True
39925942,17.01000000,28.42000000,483.42420000,1666828866737,False,True
39925943,17.01000000,31.60000000,537.51600000,1666828866737,False,True
39925944,17.01000000,2.31000000,39.29310000,1666828866737,False,True
39925945,17.01000000,40.10000000,682.10100000,1666828866737,False,True
39925946,17.01000000,0.65000000,11.05650000,1666828866737,False,True
39925947,17.02000000,24.07000000,409.67140000,1666828869008,False,True
39925948,17.02000000,6.01000000,102.29020000,1666828877623,False,True
39925949,17.02000000,0.94000000,15.99880000,1666828877623,False,True
39925950,17.02000000,4.80000000,81.69600000,1666828877623,False,True
39925951,17.02000000,2.34000000,39.82680000,1666828880266,False,True
39925952,17.02000000,3.30000000,56.16600000,1666828880689,False,True
39925953,17.02000000,1.63000000,27.74260000,1666828880689,False,True
39925954,17.02000000,5.03000000,85.61060000,1666828880708,True,True
39925955,17.02000000,2.39000000,40.67780000,1666828880743,True,True
39925956,17.03000000,2.45000000,41.72350000,1666828899332,False,True
39925957,17.03000000,0.65000000,11.06950000,1666828899332,False,True
39925958,17.03000000,3.50000000,59.60500000,1666828899332,False,True
39925959,17.03000000,3.30000000,56.19900000,1666828899332,False,True
39925960,17.04000000,0.94000000,16.01760000,1666828901430,False,True
39925961,17.04000000,0.65000000,11.07600000,1666828901430,False,True
39925962,17.04000000,0.69000000,11.75760000,1666828901430,False,True
39925963,17.04000000,0.88000000,14.99520000,1666828901430,False,True
39925964,17.04000000,24.04000000,409.64160000,1666828901430,False,True
39925965,17.04000000,3.30000000,56.23200000,1666828902960,False,True
39925966,17.05000000,0.65000000,11.08250000,1666828903806,False,True
39925967,17.05000000,0.59000000,10.05950000,1666828903806,False,True
39925968,17.05000000,1.29000000,21.99450000,1666828903806,False,True
39925969,17.05000000,1.50000000,25.57500000,1666828903806,False,True
39925970,17.04000000,1.09000000,18.57360000,1666828904962,True,True
39925971,17.04000000,4.58000000,78.04320000,1666828904962,True,True
39925972,17.05000000,7.45000000,127.02250000,1666828913408,False,True
39925973,17.05000000,3.50000000,59.67500000,1666828913408,False,True
39925974,17.05000000,3.30000000,56.26500000,1666828913408,False,True
39925975,17.05000000,34.34000000,585.49700000,1666828914586,True,True
39925976,17.05000000,6.37000000,108.60850000,1666828914586,True,True
39925977,17.05000000,22.52000000,383.96600000,1666828914594,True,True
39925978,17.05000000,1.18000000,20.11900000,1666828914595,True,True
39925979,17.05000000,5.68000000,96.84400000,1666828914595,True,True
39925980,17.05000000,1.09000000,18.58450000,1666828914595,True,True
39925981,17.05000000,1.09000000,18.58450000,1666828914595,True,True
39925982,17.05000000,1.09000000,18.58450000,1666828914595,True,True
39925983,17.05000000,29.49000000,502.80450000,1666828914595,True,True
39925984,17.05000000,1.09000000,18.58450000,1666828914595,True,True
39925985,17.05000000,30.13000000,513.71650000,1666828914604,True,True
39925986,17.05000000,2.39000000,40.74950000,1666828914683,True,True
39925987,17.05000000,2.39000000,40.74950000,1666828914929,True,True
39925988,17.05000000,26.85000000,457.79250000,1666828918731,True,True
39925989,17.05000000,30.07000000,512.69350000,1666828920554,False,True
39925990,17.05000000,12.25000000,208.86250000,1666828920554,False,True
39925991,17.05000000,11.25000000,191.81250000,1666828920555,False,True
39925992,17.05000000,1.49000000,25.40450000,1666828920555,False,True
39925993,17.05000000,20.00000000,341.00000000,1666828920558,False,True
39925994,17.05000000,30.08000000,512.86400000,1666828921727,True,True
39925995,17.05000000,25.94000000,442.27700000,1666828921727,True,True
39925996,17.04000000,15.28000000,260.37120000,1666828934630,True,True
39925997,17.04000000,1.09000000,18.57360000,1666828934630,True,True
39925998,17.04000000,0.66000000,11.24640000,1666828965688,True,True
39925999,17.04000000,49.16000000,837.68640000,1666828973344,True,True
39926000,17.04000000,1.09000000,18.57360000,1666828973344,True,True
39926001,17.04000000,34.33000000,584.98320000,1666828973344,True,True
39926002,17.04000000,29.16000000,496.88640000,1666828973344,True,True
39926003,17.04000000,20.52000000,349.66080000,1666828973344,True,True
39926004,17.04000000,1.09000000,18.57360000,1666828973344,True,True
39926005,17.04000000,1.09000000,18.57360000,1666828973344,True,True
39926006,17.04000000,66.18000000,1127.70720000,1666828973344,True,True
39926007,17.04000000,1.09000000,18.57360000,1666828973344,True,True
39926008,17.04000000,25.65000000,437.07600000,1666828973344,True,True
39926009,17.06000000,0.94000000,16.03640000,1666828979128,False,True
39926010,17.06000000,0.88000000,15.01280000,1666828979128,False,True
39926011,17.06000000,2.44000000,41.62640000,1666828979128,False,True
39926012,17.06000000,0.71000000,12.11260000,1666828979128,False,True
39926013,17.06000000,5.66000000,96.55960000,1666828979128,False,True
39926014,17.06000000,1.09000000,18.59540000,1666828979128,False,True
39926015,17.06000000,2.41000000,41.11460000,1666828979140,False,True
39926016,17.06000000,3.30000000,56.29800000,1666828979140,False,True
39926017,17.06000000,25.94000000,442.53640000,1666828979140,False,True
39926018,17.06000000,30.08000000,513.16480000,1666828979140,False,True
39926019,17.06000000,25.93000000,442.36580000,1666828980021,True,True
39926020,17.06000000,5.67000000,96.73020000,1666828980021,True,True
39926021,17.06000000,30.08000000,513.16480000,1666828980021,True,True
39926022,17.06000000,22.24000000,379.41440000,1666828980021,True,True
39926023,17.05000000,41.70000000,710.98500000,1666828980021,True,True
39926024,17.06000000,8.86000000,151.15160000,1666828980109,False,True
39926025,17.06000000,8.87000000,151.32220000,1666829001169,True,True
39926026,17.06000000,39.48000000,673.52880000,1666829001169,True,True
39926027,17.06000000,1.20000000,20.47200000,1666829001169,True,True
39926028,17.06000000,8.83000000,150.63980000,1666829001230,False,True
39926029,17.05000000,40.32000000,687.45600000,1666829007321,True,True
39926030,17.05000000,4.10000000,69.90500000,1666829007321,True,True
39926031,17.05000000,48.08000000,819.76400000,1666829007321,True,True
39926032,17.05000000,48.87000000,833.23350000,1666829007341,True,True
39926033,17.05000000,7.36000000,125.48800000,1666829007442,True,True
39926034,17.05000000,2.39000000,40.74950000,1666829007522,False,True
39926035,17.06000000,12.39000000,211.37340000,1666829019243,False,True
39926036,17.06000000,19.59000000,334.20540000,1666829019243,False,True
39926037,17.06000000,12.01000000,204.89060000,1666829027686,False,True
39926038,17.06000000,8.87000000,151.32220000,1666829027686,False,True
39926039,17.07000000,0.94000000,16.04580000,1666829032639,False,True
39926040,17.07000000,0.88000000,15.02160000,1666829032639,False,True
39926041,17.07000000,1.29000000,22.02030000,1666829032639,False,True
39926042,17.07000000,3.17000000,54.11190000,1666829032639,False,True
39926043,17.07000000,0.71000000,12.11970000,1666829032639,False,True
39926044,17.07000000,0.18000000,3.07260000,1666829032639,False,True
39926045,17.07000000,15.63000000,266.80410000,1666829032647,False,True
39926046,17.07000000,15.79000000,269.53530000,1666829032647,False,True
39926047,17.07000000,3.30000000,56.33100000,1666829032647,False,True
39926048,17.07000000,21.22000000,362.22540000,1666829032647,False,True
39926049,17.07000000,3.50000000,59.74500000,1666829032647,False,True
39926050,17.08000000,10.29000000,175.75320000,1666829035924,False,True
39926051,17.08000000,3.30000000,56.36400000,1666829035924,False,True
39926052,17.09000000,0.94000000,16.06460000,1666829042147,False,True
39926053,17.09000000,0.88000000,15.03920000,1666829042147,False,True
39926054,17.09000000,0.65000000,11.10850000,1666829042147,False,True
39926055,17.09000000,2.44000000,41.69960000,1666829042147,False,True
39926056,17.09000000,1.85000000,31.61650000,1666829042147,False,True
39926057,17.09000000,5.29000000,90.40610000,1666829042147,False,True
39926058,17.09000000,3.50000000,59.81500000,1666829042147,False,True
39926059,17.09000000,3.30000000,56.39700000,1666829042147,False,True
39926060,17.09000000,30.46000000,520.56140000,1666829045143,True,True
39926061,17.09000000,21.22000000,362.64980000,1666829045143,True,True
39926062,17.09000000,28.64000000,489.45760000,1666829045143,True,True
39926063,17.09000000,3.29000000,56.22610000,1666829045159,True,True
39926064,17.09000000,16.72000000,285.74480000,1666829045168,True,True
39926065,17.08000000,22.72000000,388.05760000,1666829050781,True,True
39926066,17.07000000,7.22000000,123.24540000,1666829050781,True,True
39926067,17.07000000,1.18000000,20.14260000,1666829054502,True,True
39926068,17.08000000,1.18000000,20.15440000,1666829055007,False,True
39926069,17.08000000,8.79000000,150.13320000,1666829072356,False,True
39926070,17.08000000,4.13000000,70.54040000,1666829072371,False,True
39926071,17.08000000,6.98000000,119.21840000,1666829072371,False,True
39926072,17.09000000,7.37000000,125.95330000,1666829076703,False,True
39926073,17.09000000,10.03000000,171.41270000,1666829076703,False,True
39926074,17.09000000,2.38000000,40.67420000,1666829076840,True,True
39926075,17.10000000,1.29000000,22.05900000,1666829078447,False,True
39926076,17.10000000,0.65000000,11.11500000,1666829078447,False,True
39926077,17.10000000,0.69000000,11.79900000,1666829078447,False,True
39926078,17.10000000,1.83000000,31.29300000,1666829078447,False,True
39926079,17.10000000,0.75000000,12.82500000,1666829078447,False,True
39926080,17.10000000,4.68000000,80.02800000,1666829078447,False,True
39926081,17.10000000,0.74000000,12.65400000,1666829078447,False,True
39926082,17.10000000,1.63000000,27.87300000,1666829078447,False,True
39926083,17.10000000,1.78000000,30.43800000,1666829078447,False,True
39926084,17.10000000,0.68000000,11.62800000,1666829078447,False,True
39926085,17.10000000,0.63000000,10.77300000,1666829078447,False,True
39926086,17.10000000,3.49000000,59.67900000,1666829078447,False,True
39926087,17.10000000,3.30000000,56.43000000,1666829078763,False,True
39926088,17.10000000,10.29000000,175.95900000,1666829078763,False,True
39926089,17.10000000,52.31000000,894.50100000,1666829078763,False,True
39926090,17.10000000,2.38000000,40.69800000,1666829078983,True,True
39926091,17.10000000,17.84000000,305.06400000,1666829079752,True,True
39926092,17.10000000,15.81000000,270.35100000,1666829079752,True,True
39926093,17.10000000,24.69000000,422.19900000,1666829079752,True,True
39926094,17.10000000,15.56000000,266.07600000,1666829079753,True,True
39926095,17.10000000,18.83000000,321.99300000,1666829080439,False,True
39926096,17.10000000,22.95000000,392.44500000,1666829080468,False,True
39926097,17.10000000,20.22000000,345.76200000,1666829080468,False,True
39926098,17.10000000,53.07000000,907.49700000,1666829080846,True,True
39926099,17.10000000,20.22000000,345.76200000,1666829080846,True,True
39926100,17.11000000,0.93000000,15.91230000,1666829081448,False,True
39926101,17.11000000,0.59000000,10.09490000,1666829081448,False,True
39926102,17.11000000,0.88000000,15.05680000,1666829081448,False,True
39926103,17.11000000,7.45000000,127.46950000,1666829081448,False,True
39926104,17.11000000,3.17000000,54.23870000,1666829081448,False,True
39926105,17.11000000,1.18000000,20.18980000,1666829081448,False,True
39926106,17.11000000,4.63000000,79.21930000,1666829081448,False,True
39926107,17.10000000,16.78000000,286.93800000,1666829082148,True,True
39926108,17.10000000,20.00000000,342.00000000,1666829083364,True,True
39926109,17.10000000,9.07000000,155.09700000,1666829085689,False,True
39926110,17.10000000,11.15000000,190.66500000,1666829085908,False,True
39926111,17.10000000,10.14000000,173.39400000,1666829085908,False,True
39926112,17.11000000,1.00000000,17.11000000,1666829091140,False,True
39926113,17.11000000,3.50000000,59.88500000,1666829091140,False,True
39926114,17.11000000,3.30000000,56.46300000,1666829091140,False,True
39926115,17.11000000,2.34000000,40.03740000,1666829091140,False,True
39926116,17.11000000,5.41000000,92.56510000,1666829091156,False,True
39926117,17.11000000,17.26000000,295.31860000,1666829091372,True,True
39926118,17.11000000,4.03000000,68.95330000,1666829091372,True,True
39926119,17.11000000,2.37000000,40.55070000,1666829091510,True,True
39926120,17.11000000,6.20000000,106.08200000,1666829095950,True,True
39926121,17.11000000,12.30000000,210.45300000,1666829095950,True,True
39926122,17.11000000,18.60000000,318.24600000,1666829095950,True,True
39926123,17.11000000,11.70000000,200.18700000,1666829095950,True,True
39926124,17.11000000,14.80000000,253.22800000,1666829095950,True,True
39926125,17.11000000,15.50000000,265.20500000,1666829095950,True,True
39926126,17.11000000,14.70000000,251.51700000,1666829095950,True,True
39926127,17.11000000,12.70000000,217.29700000,1666829095950,True,True
39926128,17.11000000,12.30000000,210.45300000,1666829095950,True,True
39926129,17.11000000,28.74000000,491.74140000,1666829095950,True,True
39926130,17.11000000,11.50000000,196.76500000,1666829095982,True,True
39926131,17.11000000,2.33000000,39.86630000,1666829095982,True,True
39926132,17.11000000,15.81000000,270.50910000,1666829096516,True,True
39926133,17.11000000,12.83000000,219.52130000,1666829096516,True,True
39926134,17.10000000,0.95000000,16.24500000,1666829107315,True,True
39926135,17.10000000,11.87000000,202.97700000,1666829109052,True,True
39926136,17.10000000,7.40000000,126.54000000,1666829109052,True,True
39926137,17.10000000,15.82000000,270.52200000,1666829109052,True,True
39926138,17.10000000,7.07000000,120.89700000,1666829109052,True,True
39926139,17.10000000,24.50000000,418.95000000,1666829109146,True,True
39926140,17.09000000,40.31000000,688.89790000,1666829114873,True,True
39926141,17.09000000,0.93000000,15.89370000,1666829114873,True,True
39926142,17.09000000,1.62000000,27.68580000,1666829114873,True,True
39926143,17.09000000,3.50000000,59.81500000,1666829114873,True,True
39926144,17.09000000,3.30000000,56.39700000,1666829114873,True,True
39926145,17.09000000,16.94000000,289.50460000,1666829114873,True,True
39926146,17.09000000,32.21000000,550.46890000,1666829124437,True,True
39926147,17.09000000,4.01000000,68.53090000,1666829124521,False,True
39926148,17.09000000,2.38000000,40.67420000,1666829129808,False,True
39926149,17.09000000,10.88000000,185.93920000,1666829133892,False,True
39926150,17.09000000,12.82000000,219.09380000,1666829144886,False,True
39926151,17.09000000,15.50000000,264.89500000,1666829144886,False,True
39926152,17.09000000,29.02000000,495.95180000,1666829144971,True,True
39926153,17.09000000,9.87000000,168.67830000,1666829145034,True,True
39926154,17.09000000,1.09000000,18.62810000,1666829145034,True,True
39926155,17.09000000,1.09000000,18.62810000,1666829145034,True,True
39926156,17.09000000,1.09000000,18.62810000,1666829145034,True,True
39926157,17.09000000,2.38000000,40.67420000,1666829145076,False,True
39926158,17.09000000,3.46000000,59.13140000,1666829147571,False,True
39926159,17.09000000,30.46000000,520.56140000,1666829151501,True,True
39926160,17.09000000,1.11000000,18.96990000,1666829151501,True,True
39926161,17.10000000,7.38000000,126.19800000,1666829154324,False,True
39926162,17.09000000,4.73000000,80.83570000,1666829162051,True,True
39926163,17.09000000,23.29000000,398.02610000,1666829162051,True,True
39926164,17.09000000,7.38000000,126.12420000,1666829162051,True,True
39926165,17.09000000,1.26000000,21.53340000,1666829162241,True,True
39926166,17.09000000,2.38000000,40.67420000,1666829164148,False,True
39926167,17.10000000,12.84000000,219.56400000,1666829191761,False,True
39926168,17.10000000,31.63000000,540.87300000,1666829191761,False,True
39926169,17.10000000,15.78000000,269.83800000,1666829191761,False,True
39926170,17.10000000,228.95000000,3915.04500000,1666829191761,False,True
39926171,17.09000000,39.65000000,677.61850000,1666829205261,True,True
39926172,17.09000000,10.29000000,175.85610000,1666829205261,True,True
39926173,17.10000000,36.72000000,627.91200000,1666829208495,False,True
39926174,17.10000000,91.57000000,1565.84700000,1666829208504,False,True
39926175,17.10000000,40.10000000,685.71000000,1666829208513,False,True
39926176,17.10000000,19.20000000,328.32000000,1666829212964,False,True
39926177,17.10000000,29.02000000,496.24200000,1666829214985,False,True
39926178,17.10000000,31.98000000,546.85800000,1666829216066,False,True
39926179,17.10000000,7.21000000,123.29100000,1666829216240,False,True
39926180,17.10000000,254.30000000,4348.53000000,1666829216261,False,True
39926181,17.10000000,29.46000000,503.76600000,1666829216271,False,True
39926182,17.11000000,10.13000000,173.32430000,1666829216278,False,True
39926183,17.11000000,19.96000000,341.51560000,1666829216861,False,True
39926184,17.11000000,15.84000000,271.02240000,1666829216861,False,True
39926185,17.11000000,7.07000000,120.96770000,1666829216861,False,True
39926186,17.11000000,8.66000000,148.17260000,1666829216861,False,True
39926187,17.11000000,3.50000000,59.88500000,1666829216861,False,True
39926188,17.11000000,3.30000000,56.46300000,1666829216861,False,True
39926189,17.11000000,0.93000000,15.91230000,1666829216861,False,True
39926190,17.11000000,14.03000000,240.05330000,1666829216861,False,True
39926191,17.11000000,4.02000000,68.78220000,1666829232728,True,True
39926192,17.12000000,1.28000000,21.91360000,1666829233866,False,True
39926193,17.12000000,2.44000000,41.77280000,1666829233866,False,True
39926194,17.12000000,4.77000000,81.66240000,1666829233866,False,True
39926195,17.12000000,0.64000000,10.95680000,1666829233866,False,True
39926196,17.12000000,0.72000000,12.32640000,1666829233866,False,True
39926197,17.12000000,2.91000000,49.81920000,1666829233866,False,True
39926198,17.12000000,0.63000000,10.78560000,1666829233866,False,True
39926199,17.12000000,9.73000000,166.57760000,1666829233866,False,True
39926200,17.12000000,2.16000000,36.97920000,1666829235661,False,True
39926201,17.12000000,3.29000000,56.32480000,1666829235777,False,True
39926202,17.12000000,1.09000000,18.66080000,1666829235979,False,True
39926203,17.12000000,3.46000000,59.23520000,1666829236125,False,True
39926204,17.12000000,3.05000000,52.21600000,1666829236125,False,True
39926205,17.12000000,0.25000000,4.28000000,1666829236200,False,True
39926206,17.12000000,3.50000000,59.92000000,1666829236200,False,True
39926207,17.12000000,0.82000000,14.03840000,1666829240403,True,True
39926208,17.12000000,1.17000000,20.03040000,1666829263525,True,True
39926209,17.13000000,0.93000000,15.93090000,1666829264021,False,True
39926210,17.13000000,0.25000000,4.28250000,1666829264021,False,True
39926211,17.12000000,24.97000000,427.48640000,1666829274158,True,True
39926212,17.12000000,4.67000000,79.95040000,1666829300531,True,True
39926213,17.12000000,30.12000000,515.65440000,1666829300531,True,True
39926214,17.12000000,39.78000000,681.03360000,1666829300531,True,True
39926215,17.12000000,38.81000000,664.42720000,1666829300531,True,True
39926216,17.12000000,6.54000000,111.96480000,1666829300531,True,True
39926217,17.12000000,11.68000000,199.96160000,1666829300531,True,True
39926218,17.12000000,11.68000000,199.96160000,1666829300531,True,True
39926219,17.12000000,11.68000000,199.96160000,1666829300531,True,True
39926220,17.12000000,11.68000000,199.96160000,1666829300531,True,True
39926221,17.12000000,1.09000000,18.66080000,1666829300531,True,True
39926222,17.12000000,1.09000000,18.66080000,1666829300531,True,True
39926223,17.12000000,1.09000000,18.66080000,1666829305831,True,True
39926224,17.12000000,12.81000000,219.30720000,1666829305831,True,True
39926225,17.12000000,1.09000000,18.66080000,1666829305831,True,True
39926226,17.12000000,1.09000000,18.66080000,1666829305831,True,True
39926227,17.12000000,1.09000000,18.66080000,1666829305831,True,True
39926228,17.12000000,44.63000000,764.06560000,1666829310342,True,True
39926229,17.12000000,1.09000000,18.66080000,1666829310342,True,True
39926230,17.12000000,1.09000000,18.66080000,1666829310342,True,True
39926231,17.12000000,1.09000000,18.66080000,1666829310342,True,True
39926232,17.12000000,1.00000000,17.12000000,1666829317079,False,True
39926233,17.12000000,4.28000000,73.27360000,1666829319413,True,True
39926234,17.12000000,8.56000000,146.54720000,1666829319413,True,True
39926235,17.12000000,1.09000000,18.66080000,1666829319413,True,True
39926236,17.12000000,1.09000000,18.66080000,1666829319413,True,True
39926237,17.12000000,1.09000000,18.66080000,1666829319413,True,True
39926238,17.12000000,1.09000000,18.66080000,1666829319413,True,True
39926239,17.11000000,42.92000000,734.36120000,1666829333150,True,True
39926240,17.11000000,0.93000000,15.91230000,1666829333150,True,True
39926241,17.11000000,4.09000000,69.97990000,1666829333150,True,True
39926242,17.11000000,32.46000000,555.39060000,1666829333150,True,True
39926243,17.11000000,20.00000000,342.20000000,1666829333150,True,True
39926244,17.11000000,40.18000000,687.47980000,1666829333150,True,True
39926245,17.11000000,1.09000000,18.64990000,1666829333150,True,True
39926246,17.11000000,11.68000000,199.84480000,1666829333150,True,True
39926247,17.11000000,6.20000000,106.08200000,1666829333150,True,True
39926248,17.11000000,11.68000000,199.84480000,1666829333150,True,True
39926249,17.11000000,6.59000000,112.75490000,1666829333189,False,True
39926250,17.11000000,2.37000000,40.55070000,1666829333319,False,True
39926251,17.10000000,20.38000000,348.49800000,1666829334119,True,True
39926252,17.10000000,3.50000000,59.85000000,1666829335389,True,True
39926253,17.10000000,3.30000000,56.43000000,1666829335389,True,True
39926254,17.10000000,31.66000000,541.38600000,1666829335389,True,True
39926255,17.10000000,3.17000000,54.20700000,1666829335397,False,True
39926256,17.10000000,8.99000000,153.72900000,1666829338387,False,True
39926257,17.09000000,94.25000000,1610.73250000,1666829342269,True,True
39926258,17.09000000,0.93000000,15.89370000,1666829342269,True,True
39926259,17.09000000,40.33000000,689.23970000,1666829342269,True,True
39926260,17.09000000,3.30000000,56.39700000,1666829342269,True,True
39926261,17.09000000,1.09000000,18.62810000,1666829342269,True,True
39926262,17.09000000,2.03000000,34.69270000,1666829342305,False,True
39926263,17.08000000,0.65000000,11.10200000,1666829344661,True,True
39926264,17.08000000,2.30000000,39.28400000,1666829344661,True,True
39926265,17.09000000,28.23000000,482.45070000,1666829345881,False,True
39926266,17.09000000,15.27000000,260.96430000,1666829350977,False,True
39926267,17.08000000,3.30000000,56.36400000,1666829353120,True,True
39926268,17.08000000,1.09000000,18.61720000,1666829353120,True,True
39926269,17.08000000,1.09000000,18.61720000,1666829353120,True,True
39926270,17.08000000,11.17000000,190.78360000,1666829353120,True,True
39926271,17.07000000,0.94000000,16.04580000,1666829353120,True,True
39926272,17.07000000,10.29000000,175.65030000,1666829353120,True,True
39926273,17.07000000,39.84000000,680.06880000,1666829353120,True,True
39926274,17.08000000,14.54000000,248.34320000,1666829353670,False,True
39926275,17.07000000,0.46000000,7.85220000,1666829354906,True,True
39926276,17.07000000,1.28000000,21.84960000,1666829354906,True,True
39926277,17.07000000,2.44000000,41.65080000,1666829354906,True,True
39926278,17.07000000,0.59000000,10.07130000,1666829354906,True,True
39926279,17.07000000,124.26000000,2121.11820000,1666829354906,True,True
39926280,17.08000000,2.38000000,40.65040000,1666829363270,False,True
39926281,17.08000000,29.09000000,496.85720000,1666829368726,False,True
39926282,17.08000000,20.49000000,349.96920000,1666829368726,False,True
39926283,17.08000000,7.69000000,131.34520000,1666829368726,False,True
39926284,17.08000000,2.12000000,36.20960000,1666829373684,False,True
39926285,17.08000000,42.92000000,733.07360000,1666829373684,False,True
39926286,17.08000000,30.46000000,520.25680000,1666829376001,True,True
39926287,17.08000000,1.09000000,18.61720000,1666829376001,True,True
39926288,17.08000000,1.09000000,18.61720000,1666829376001,True,True
39926289,17.08000000,1.09000000,18.61720000,1666829376001,True,True
39926290,17.08000000,10.14000000,173.19120000,1666829376001,True,True
39926291,17.08000000,5.45000000,93.08600000,1666829376001,True,True
39926292,17.08000000,8.08000000,138.00640000,1666829376071,True,True
39926293,17.07000000,46.20000000,788.63400000,1666829376071,True,True
39926294,17.08000000,4.41000000,75.32280000,1666829404725,True,True
39926295,17.08000000,24.63000000,420.68040000,1666829404725,True,True
39926296,17.08000000,1.09000000,18.61720000,1666829404725,True,True
39926297,17.08000000,1.09000000,18.61720000,1666829404725,True,True
39926298,17.08000000,1.09000000,18.61720000,1666829404725,True,True
39926299,17.08000000,1.09000000,18.61720000,1666829404725,True,True
39926300,17.07000000,3.50000000,59.74500000,1666829408087,True,True
39926301,17.07000000,3.30000000,56.33100000,1666829408087,True,True
39926302,17.07000000,35.77000000,610.59390000,1666829408087,True,True
39926303,17.07000000,5.45000000,93.03150000,1666829408173,False,True
39926304,17.07000000,9.63000000,164.38410000,1666829408173,False,True
39926305,17.07000000,8.74000000,149.19180000,1666829408173,False,True
39926306,17.07000000,2.39000000,40.79730000,1666829412868,False,True
39926307,17.07000000,10.14000000,173.08980000,1666829412868,False,True
39926308,17.07000000,21.72000000,370.76040000,1666829412868,False,True
39926309,17.07000000,24.33000000,415.31310000,1666829412868,False,True
39926310,17.06000000,0.94000000,16.03640000,1666829440411,True,True
39926311,17.06000000,0.88000000,15.01280000,1666829440411,True,True
39926312,17.06000000,0.65000000,11.08900000,1666829440411,True,True
39926313,17.06000000,6.58000000,112.25480000,1666829440423,True,True
39926314,17.06000000,13.90000000,237.13400000,1666829440425,True,True
39926315,17.06000000,8.74000000,149.10440000,1666829440425,True,True
39926316,17.06000000,3.30000000,56.29800000,1666829440425,True,True
39926317,17.06000000,42.71000000,728.63260000,1666829440425,True,True
39926318,17.06000000,3.50000000,59.71000000,1666829440425,True,True
39926319,17.06000000,2.65000000,45.20900000,1666829440425,True,True
39926320,17.06000000,9.07000000,154.73420000,1666829440431,True,True
39926321,17.06000000,5.46000000,93.14760000,1666829440436,True,True
39926322,17.06000000,1.07000000,18.25420000,1666829460461,False,True
39926323,17.06000000,25.93000000,442.36580000,1666829460493,False,True
39926324,17.06000000,0.65000000,11.08900000,1666829460493,False,True
39926325,17.06000000,5.08000000,86.66480000,1666829460493,False,True
39926326,17.07000000,21.78000000,371.78460000,1666829461078,False,True
39926327,17.07000000,6.96000000,118.80720000,1666829461078,False,True
39926328,17.07000000,0.94000000,16.04580000,1666829461078,False,True
39926329,17.07000000,0.65000000,11.09550000,1666829461078,False,True
39926330,17.07000000,10.05000000,171.55350000,1666829461078,False,True
39926331,17.07000000,25.01000000,426.92070000,1666829461078,False,True
39926332,17.07000000,32.41000000,553.23870000,1666829462995,False,True
39926333,17.07000000,16.06000000,274.14420000,1666829462995,False,True
39926334,17.07000000,9.63000000,164.38410000,1666829465466,True,True
39926335,17.07000000,9.00000000,153.63000000,1666829465466,True,True
39926336,17.08000000,32.95000000,562.78600000,1666829470999,False,True
39926337,17.08000000,3.30000000,56.36400000,1666829471570,False,True
39926338,17.08000000,3.50000000,59.78000000,1666829471570,False,True
39926339,17.08000000,30.08000000,513.76640000,1666829480977,True,True
39926340,17.08000000,13.92000000,237.75360000,1666829480977,True,True
39926341,17.08000000,19.73000000,336.98840000,1666829482030,False,True
39926342,17.08000000,8.10000000,138.34800000,1666829483031,False,True
39926343,17.08000000,9.65000000,164.82200000,1666829483031,False,True
39926344,17.08000000,15.98000000,272.93840000,1666829484067,False,True
39926345,17.08000000,4.45000000,76.00600000,1666829485059,False,True
39926346,17.08000000,30.46000000,520.25680000,1666829485059,False,True
39926347,17.08000000,85.49000000,1460.16920000,1666829485059,False,True
39926348,17.08000000,11.41000000,194.88280000,1666829490589,True,True
39926349,17.08000000,2.00000000,34.16000000,1666829497000,True,True
39926350,17.09000000,0.94000000,16.06460000,1666829500202,False,True
39926351,17.09000000,1.11000000,18.96990000,1666829500202,False,True
39926352,17.09000000,3.50000000,59.81500000,1666829500202,False,True
39926353,17.09000000,3.30000000,56.39700000,1666829500202,False,True
39926354,17.09000000,16.07000000,274.63630000,1666829500202,False,True
39926355,17.09000000,13.74000000,234.81660000,1666829500202,False,True
39926356,17.09000000,6.20000000,105.95800000,1666829500202,False,True
39926357,17.09000000,12.30000000,210.20700000,1666829500202,False,True
39926358,17.09000000,11.70000000,199.95300000,1666829500202,False,True
39926359,17.09000000,12.30000000,210.20700000,1666829500202,False,True
39926360,17.09000000,12.70000000,217.04300000,1666829500202,False,True
39926361,17.09000000,10.49000000,179.27410000,1666829500398,True,True
39926362,17.09000000,1.87000000,31.95830000,1666829500919,True,True
39926363,17.09000000,1.87000000,31.95830000,1666829501803,True,True
39926364,17.10000000,6.67000000,114.05700000,1666829525292,False,True
39926365,17.10000000,12.80000000,218.88000000,1666829525307,False,True
39926366,17.10000000,2.14000000,36.59400000,1666829525331,False,True
39926367,17.10000000,16.57000000,283.34700000,1666829525331,False,True
39926368,17.10000000,3.50000000,59.85000000,1666829525331,False,True
39926369,17.10000000,3.30000000,56.43000000,1666829525331,False,True
39926370,17.11000000,0.93000000,15.91230000,1666829529913,False,True
39926371,17.11000000,1.00000000,17.11000000,1666829529913,False,True
39926372,17.11000000,0.88000000,15.05680000,1666829529913,False,True
39926373,17.11000000,25.51000000,436.47610000,1666829538159,True,True
39926374,17.11000000,18.63000000,318.75930000,1666829538167,True,True
39926375,17.11000000,11.83000000,202.41130000,1666829538167,True,True
39926376,17.11000000,11.68000000,199.84480000,1666829540141,True,True
39926377,17.11000000,11.68000000,199.84480000,1666829540141,True,True
39926378,17.11000000,30.67000000,524.76370000,1666829540141,True,True
39926379,17.11000000,12.46000000,213.19060000,1666829540146,True,True
39926380,17.11000000,18.58000000,317.90380000,1666829540146,True,True
39926381,17.11000000,14.60000000,249.80600000,1666829550137,False,True
39926382,17.11000000,3.50000000,59.88500000,1666829550137,False,True
39926383,17.11000000,30.46000000,521.17060000,1666829552993,True,True
39926384,17.11000000,30.08000000,514.66880000,1666829552993,True,True
39926385,17.11000000,13.05000000,223.28550000,1666829552993,True,True
39926386,17.11000000,13.38000000,228.93180000,1666829552993,True,True
39926387,17.11000000,1.09000000,18.64990000,1666829552993,True,True
39926388,17.11000000,5.18000000,88.62980000,1666829552993,True,True
39926389,17.11000000,0.59000000,10.09490000,1666829590928,False,True
39926390,17.11000000,29.49000000,504.57390000,1666829590936,False,True
39926391,17.11000000,31.60000000,540.67600000,1666829590936,False,True
39926392,17.12000000,0.59000000,10.10080000,1666829614390,False,True
39926393,17.12000000,2.44000000,41.77280000,1666829614390,False,True
39926394,17.12000000,1.28000000,21.91360000,1666829614390,False,True
39926395,17.12000000,3.30000000,56.49600000,1666829614390,False,True
39926396,17.12000000,0.06000000,1.02720000,1666829614390,False,True
39926397,17.11000000,51.02000000,872.95220000,1666829625284,True,True
39926398,17.11000000,10.07000000,172.29770000,1666829625284,True,True
39926399,17.11000000,48.37000000,827.61070000,1666829625296,True,True
39926400,17.11000000,36.18000000,619.03980000,1666829625296,True,True
39926401,17.11000000,23.53000000,402.59830000,1666829625296,True,True
39926402,17.11000000,28.63000000,489.85930000,1666829625306,True,True
39926403,17.11000000,24.23000000,414.57530000,1666829625385,False,True
39926404,17.11000000,22.99000000,393.35890000,1666829625385,False,True
39926405,17.11000000,0.91000000,15.57010000,1666829631774,False,True
39926406,17.11000000,19.54000000,334.32940000,1666829633605,False,True
39926407,17.12000000,1.00000000,17.12000000,1666829638902,False,True
39926408,17.12000000,1.17000000,20.03040000,1666829641000,False,True
39926409,17.11000000,1.09000000,18.64990000,1666829662495,True,True
39926410,17.11000000,36.12000000,618.01320000,1666829662495,True,True
39926411,17.11000000,1.09000000,18.64990000,1666829662495,True,True
39926412,17.11000000,0.03000000,0.51330000,1666829662495,True,True
39926413,17.11000000,30.46000000,521.17060000,1666829662575,True,True
39926414,17.11000000,30.46000000,521.17060000,1666829668760,False,True
39926415,17.12000000,18.53000000,317.23360000,1666829671578,False,True
39926416,17.12000000,15.64000000,267.75680000,1666829671583,False,True
39926417,17.12000000,155.04000000,2654.28480000,1666829671795,False,True
39926418,17.12000000,3.45000000,59.06400000,1666829671805,False,True
39926419,17.12000000,158.32000000,2710.43840000,1666829671834,False,True
39926420,17.12000000,851.90000000,14584.52800000,1666829671865,False,True
39926421,17.12000000,3.30000000,56.49600000,1666829671865,False,True
39926422,17.12000000,30.46000000,521.47520000,1666829704101,False,True
39926423,17.12000000,2.04000000,34.92480000,1666829704127,False,True
39926424,17.12000000,6.20000000,106.14400000,1666829704127,False,True
39926425,17.13000000,0.63000000,10.79190000,1666829710121,False,True
39926426,17.13000000,0.63000000,10.79190000,1666829710121,False,True
39926427,17.13000000,1.04000000,17.81520000,1666829710121,False,True
39926428,17.13000000,0.74000000,12.67620000,1666829710121,False,True
39926429,17.13000000,3.70000000,63.38100000,1666829710121,False,True
39926430,17.13000000,0.65000000,11.13450000,1666829710121,False,True
39926431,17.13000000,0.93000000,15.93090000,1666829710121,False,True
39926432,17.13000000,13.09000000,224.23170000,1666829710386,False,True
39926433,17.13000000,0.93000000,15.93090000,1666829710386,False,True
39926434,17.13000000,3.50000000,59.95500000,1666829710386,False,True
39926435,17.13000000,3.30000000,56.52900000,1666829710386,False,True
39926436,17.14000000,0.93000000,15.94020000,1666829713640,False,True
39926437,17.14000000,0.64000000,10.96960000,1666829713640,False,True
39926438,17.14000000,0.88000000,15.08320000,1666829713640,False,True
39926439,17.14000000,0.71000000,12.16940000,1666829713640,False,True
39926440,17.14000000,1.19000000,20.39660000,1666829713640,False,True
39926441,17.14000000,3.26000000,55.87640000,1666829713640,False,True
39926442,17.14000000,0.71000000,12.16940000,1666829713640,False,True
39926443,17.14000000,1.51000000,25.88140000,1666829713640,False,True
39926444,17.14000000,10.00000000,171.40000000,1666829713640,False,True
39926445,17.14000000,13.65000000,233.96100000,1666829713640,False,True
39926446,17.14000000,3.50000000,59.99000000,1666829713640,False,True
39926447,17.14000000,3.30000000,56.56200000,1666829713640,False,True
39926448,17.14000000,9.63000000,165.05820000,1666829714480,True,True
39926449,17.14000000,0.04000000,0.68560000,1666829714480,True,True
39926450,17.14000000,9.59000000,164.37260000,1666829714494,True,True
39926451,17.14000000,8.99000000,154.08860000,1666829714597,True,True
39926452,17.14000000,12.49000000,214.07860000,1666829733087,True,True
39926453,17.14000000,43.03000000,737.53420000,1666829737321,True,True
39926454,17.14000000,0.69000000,11.82660000,1666829737321,True,True
39926455,17.14000000,4.63000000,79.35820000,1666829745267,True,True
39926456,17.14000000,36.53000000,626.12420000,1666829745268,True,True
39926457,17.14000000,18.08000000,309.89120000,1666829745268,True,True
39926458,17.14000000,13.65000000,233.96100000,1666829745268,True,True
39926459,17.15000000,0.64000000,10.97600000,1666829753449,False,True
39926460,17.15000000,1.28000000,21.95200000,1666829753449,False,True
39926461,17.15000000,2.43000000,41.67450000,1666829753449,False,True
39926462,17.15000000,3.16000000,54.19400000,1666829753449,False,True
39926463,17.15000000,0.71000000,12.17650000,1666829753449,False,True
39926464,17.15000000,1.17000000,20.06550000,1666829753449,False,True
39926465,17.15000000,0.20000000,3.43000000,1666829753449,False,True
39926466,17.15000000,1.07000000,18.35050000,1666829753449,False,True
39926467,17.15000000,1.77000000,30.35550000,1666829753449,False,True
39926468,17.15000000,20.79000000,356.54850000,1666829753449,False,True
39926469,17.15000000,3.50000000,60.02500000,1666829753449,False,True
39926470,17.15000000,3.30000000,56.59500000,1666829753449,False,True
39926471,17.15000000,5.99000000,102.72850000,1666829753449,False,True
39926472,17.15000000,7.58000000,129.99700000,1666829753449,False,True
39926473,17.15000000,6.07000000,104.10050000,1666829753455,False,True
39926474,17.15000000,7.41000000,127.08150000,1666829753455,False,True
39926475,17.15000000,10.66000000,182.81900000,1666829753456,False,True
39926476,17.15000000,42.56000000,729.90400000,1666829753456,False,True
39926477,17.16000000,0.93000000,15.95880000,1666829753512,False,True
39926478,17.16000000,0.59000000,10.12440000,1666829753512,False,True
39926479,17.16000000,0.88000000,15.10080000,1666829753512,False,True
39926480,17.16000000,0.69000000,11.84040000,1666829753512,False,True
39926481,17.16000000,5.27000000,90.43320000,1666829753512,False,True
39926482,17.16000000,29.35000000,503.64600000,1666829753512,False,True
39926483,17.16000000,7.26000000,124.58160000,1666829753512,False,True
39926484,17.16000000,28.20000000,483.91200000,1666829753544,False,True
39926485,17.16000000,13.96000000,239.55360000,1666829753567,False,True
39926486,17.16000000,12.64000000,216.90240000,1666829753567,False,True
39926487,17.16000000,10.29000000,176.57640000,1666829753623,False,True
39926488,17.16000000,1.61000000,27.62760000,1666829753623,False,True
39926489,17.17000000,0.80000000,13.73600000,1666829753623,False,True
39926490,17.17000000,3.50000000,60.09500000,1666829753623,False,True
39926491,17.17000000,1.78000000,30.56260000,1666829753623,False,True
39926492,17.17000000,0.68000000,11.67560000,1666829753623,False,True
39926493,17.17000000,24.49000000,420.49330000,1666829753623,False,True
39926494,17.16000000,11.12000000,190.81920000,1666829753684,True,True
39926495,17.17000000,25.51000000,438.00670000,1666829753774,False,True
39926496,17.17000000,1.57000000,26.95690000,1666829753774,False,True
39926497,17.17000000,16.00000000,274.72000000,1666829753774,False,True
39926498,17.17000000,1.28000000,21.97760000,1666829753774,False,True
39926499,17.17000000,1.85000000,31.76450000,1666829753774,False,True
39926500,17.17000000,1.82000000,31.24940000,1666829753774,False,True
39926501,17.17000000,2.69000000,46.18730000,1666829753774,False,True
39926502,17.17000000,4.05000000,69.53850000,1666829753774,False,True
39926503,17.17000000,36.88000000,633.22960000,1666829753781,False,True
39926504,17.16000000,12.94000000,222.05040000,1666829755733,True,True
39926505,17.16000000,96.74000000,1660.05840000,1666829755733,True,True
39926506,17.16000000,23.40000000,401.54400000,1666829755744,True,True
39926507,17.16000000,12.40000000,212.78400000,1666829755744,True,True
39926508,17.16000000,15.81000000,271.29960000,1666829755755,True,True
39926509,17.16000000,28.19000000,483.74040000,1666829755755,True,True
39926510,17.16000000,1.08000000,18.53280000,1666829755766,True,True
39926511,17.16000000,26.72000000,458.51520000,1666829758557,False,True
39926512,17.16000000,38.62000000,662.71920000,1666829758557,False,True
39926513,17.17000000,12.00000000,206.04000000,1666829758575,False,True
39926514,17.17000000,1.00000000,17.17000000,1666829758575,False,True
39926515,17.17000000,66.32000000,1138.71440000,1666829758575,False,True
39926516,17.17000000,3.30000000,56.66100000,1666829758575,False,True
39926517,17.17000000,3.50000000,60.09500000,1666829758575,False,True
39926518,17.17000000,9.88000000,169.63960000,1666829758575,False,True
39926519,17.18000000,0.93000000,15.97740000,1666829758594,False,True
39926520,17.18000000,0.07000000,1.20260000,1666829758594,False,True
39926521,17.18000000,0.81000000,13.91580000,1666829758594,False,True
39926522,17.18000000,2.43000000,41.74740000,1666829758594,False,True
39926523,17.18000000,0.59000000,10.13620000,1666829758594,False,True
39926524,17.18000000,7.45000000,127.99100000,1666829758594,False,True
39926525,17.18000000,0.75000000,12.88500000,1666829758594,False,True
39926526,17.18000000,0.84000000,14.43120000,1666829758594,False,True
39926527,17.18000000,50.00000000,859.00000000,1666829758594,False,True
39926528,17.18000000,12.35000000,212.17300000,1666829758594,False,True
39926529,17.18000000,1.18000000,20.27240000,1666829758594,False,True
39926530,17.18000000,1.18000000,20.27240000,1666829758594,False,True
39926531,17.18000000,2.62000000,45.01160000,1666829758594,False,True
39926532,17.18000000,157.60000000,2707.56800000,1666829758594,False,True
39926533,17.18000000,15.18000000,260.79240000,1666829758594,False,True
39926534,17.18000000,11.75000000,201.86500000,1666829758594,False,True
39926535,17.18000000,10.29000000,176.78220000,1666829758594,False,True
39926536,17.18000000,2.91000000,49.99380000,1666829758594,False,True
39926537,17.18000000,36.95000000,634.80100000,1666829758594,False,True
39926538,17.18000000,66.32000000,1139.37760000,1666829758594,False,True
39926539,17.19000000,0.64000000,11.00160000,1666829758594,False,True
39926540,17.19000000,3.15000000,54.14850000,1666829758594,False,True
39926541,17.19000000,1.17000000,20.11230000,1666829758594,False,True
39926542,17.19000000,2.13000000,36.61470000,1666829758594,False,True
39926543,17.19000000,17.85000000,306.84150000,1666829758594,False,True
39926544,17.19000000,1.56000000,26.81640000,1666829758594,False,True
39926545,17.19000000,1.67000000,28.70730000,1666829758594,False,True
39926546,17.19000000,1.65000000,28.36350000,1666829758594,False,True
39926547,17.19000000,1.64000000,28.19160000,1666829758594,False,True
39926548,17.19000000,2.58000000,44.35020000,1666829758594,False,True
39926549,17.19000000,129.64000000,2228.51160000,1666829758594,False,True
39926550,17.19000000,4.09000000,70.30710000,1666829758594,False,True
39926551,17.19000000,99.84000000,1716.24960000,1666829758594,False,True
39926552,17.19000000,8.62000000,148.17780000,1666829758594,False,True
39926553,17.19000000,89.83000000,1544.17770000,1666829758594,False,True
39926554,17.19000000,99.11000000,1703.70090000,1666829758594,False,True
39926555,17.19000000,70.34000000,1209.14460000,1666829758594,False,True
39926556,17.20000000,0.93000000,15.99600000,1666829758594,False,True
39926557,17.20000000,1.00000000,17.20000000,1666829758594,False,True
39926558,17.20000000,0.64000000,11.00800000,1666829758594,False,True
39926559,17.20000000,1.28000000,22.01600000,1666829758594,False,True
39926560,17.20000000,0.88000000,15.13600000,1666829758594,False,True
39926561,17.20000000,0.74000000,12.72800000,1666829758594,False,True
39926562,17.20000000,1.63000000,28.03600000,1666829758594,False,True
39926563,17.20000000,0.97000000,16.68400000,1666829758594,False,True
39926564,17.20000000,0.65000000,11.18000000,1666829758594,False,True
39926565,17.20000000,0.73000000,12.55600000,1666829758594,False,True
39926566,17.20000000,50.00000000,860.00000000,1666829758594,False,True
39926567,17.20000000,0.83000000,14.27600000,1666829758594,False,True
39926568,17.20000000,1.13000000,19.43600000,1666829758594,False,True
39926569,17.20000000,1.76000000,30.27200000,1666829758594,False,True
39926570,17.20000000,4.89000000,84.10800000,1666829758594,False,True
39926571,17.18000000,26.00000000,446.68000000,1666829758610,False,True
39926572,17.18000000,0.97000000,16.66460000,1666829758713,True,True
39926573,17.18000000,32.40000000,556.63200000,1666829759014,True,True
39926574,17.18000000,38.78000000,666.24040000,1666829759261,True,True
39926575,17.18000000,5.36000000,92.08480000,1666829759266,True,True
39926576,17.18000000,4.52000000,77.65360000,1666829759397,False,True
39926577,17.19000000,10.14000000,174.30660000,1666829759655,False,True
39926578,17.19000000,81.52000000,1401.32880000,1666829759655,False,True
39926579,17.19000000,24.06000000,413.59140000,1666829759655,False,True
39926580,17.19000000,66.32000000,1140.04080000,1666829759655,False,True
39926581,17.19000000,15.81000000,271.77390000,1666829759655,False,True
39926582,17.19000000,30.45000000,523.43550000,1666829759655,False,True
39926583,17.18000000,1.61000000,27.65980000,1666829759772,True,True
39926584,17.18000000,0.74000000,12.71320000,1666829760400,True,True
39926585,17.18000000,9.51000000,163.38180000,1666829760630,True,True
39926586,17.18000000,7.71000000,132.45780000,1666829760630,True,True
39926587,17.18000000,30.46000000,523.30280000,1666829761105,True,True
39926588,17.18000000,0.93000000,15.97740000,1666829761105,True,True
39926589,17.18000000,16.88000000,289.99840000,1666829761105,True,True
39926590,17.18000000,3.12000000,53.60160000,1666829761122,True,True
39926591,17.18000000,10.47000000,179.87460000,1666829761122,True,True
39926592,17.18000000,12.01000000,206.33180000,1666829761122,True,True
39926593,17.18000000,43.71000000,750.93780000,1666829761122,True,True
39926594,17.18000000,12.05000000,207.01900000,1666829761129,True,True
39926595,17.18000000,11.64000000,199.97520000,1666829761768,False,True
39926596,17.18000000,24.06000000,413.35080000,1666829761768,False,True
39926597,17.18000000,8.65000000,148.60700000,1666829761768,False,True
39926598,17.17000000,39.95000000,685.94150000,1666829762296,True,True
39926599,17.17000000,12.05000000,206.89850000,1666829762296,True,True
39926600,17.17000000,15.96000000,274.03320000,1666829762296,True,True
39926601,17.17000000,3.50000000,60.09500000,1666829762296,True,True
39926602,17.17000000,3.30000000,56.66100000,1666829762296,True,True
39926603,17.17000000,12.01000000,206.21170000,1666829762296,True,True
39926604,17.17000000,1.05000000,18.02850000,1666829762317,False,True
39926605,17.16000000,0.64000000,10.98240000,1666829765789,True,True
39926606,17.16000000,0.64000000,10.98240000,1666829765789,True,True
39926607,17.16000000,93.84000000,1610.29440000,1666829765789,True,True
39926608,17.16000000,0.93000000,15.95880000,1666829769180,True,True
39926609,17.16000000,3.30000000,56.62800000,1666829769180,True,True
39926610,17.16000000,0.81000000,13.89960000,1666829769180,True,True
39926611,17.17000000,24.06000000,413.11020000,1666829772075,False,True
39926612,17.17000000,7.64000000,131.17880000,1666829772075,False,True
39926613,17.17000000,15.70000000,269.56900000,1666829772212,False,True
39926614,17.17000000,17.84000000,306.31280000,1666829772256,False,True
39926615,17.17000000,5.50000000,94.43500000,1666829772269,False,True
39926616,17.17000000,23.34000000,400.74780000,1666829772307,False,True
39926617,17.17000000,23.34000000,400.74780000,1666829772307,False,True
39926618,17.17000000,10.66000000,183.03220000,1666829772307,False,True
39926619,17.17000000,12.66000000,217.37220000,1666829772372,False,True
39926620,17.17000000,1.17000000,20.08890000,1666829773826,True,True
39926621,17.18000000,1.18000000,20.27240000,1666829774336,False,True
39926622,17.18000000,0.97000000,16.66460000,1666829776466,False,True
39926623,17.18000000,0.93000000,15.97740000,1666829776808,False,True
39926624,17.18000000,3.30000000,56.69400000,1666829776808,False,True
39926625,17.19000000,2.91000000,50.02290000,1666829780806,False,True
39926626,17.19000000,3.50000000,60.16500000,1666829780806,False,True
39926627,17.19000000,3.30000000,56.72700000,1666829780806,False,True
39926628,17.19000000,3.05000000,52.42950000,1666829780810,False,True
39926629,17.19000000,11.96000000,205.59240000,1666829780926,True,True
39926630,17.19000000,13.91000000,239.11290000,1666829782122,True,True
39926631,17.19000000,13.91000000,239.11290000,1666829782122,True,True
39926632,17.19000000,24.06000000,413.59140000,1666829782122,True,True
39926633,17.18000000,24.06000000,413.35080000,1666829782297,True,True
39926634,17.18000000,24.53000000,421.42540000,1666829782297,True,True
39926635,17.18000000,32.42000000,556.97560000,1666829782297,True,True
39926636,17.18000000,32.54000000,559.03720000,1666829782297,True,True
39926637,17.18000000,77.48000000,1331.10640000,1666829782297,True,True
39926638,17.18000000,31.43000000,539.96740000,1666829782297,True,True
39926639,17.18000000,2.66000000,45.69880000,1666829782297,True,True
39926640,17.19000000,0.70000000,12.03300000,1666829783732,False,True
39926641,17.19000000,10.24000000,176.02560000,1666829784637,False,True
39926642,17.19000000,9.47000000,162.78930000,1666829784725,True,True
39926643,17.19000000,41.86000000,719.57340000,1666829784741,True,True
39926644,17.19000000,15.48000000,266.10120000,1666829786948,False,True
39926645,17.19000000,36.40000000,625.71600000,1666829786948,False,True
39926646,17.19000000,11.02000000,189.43380000,1666829787135,False,True
39926647,17.19000000,1.58000000,27.16020000,1666829787135,False,True
39926648,17.19000000,24.06000000,413.59140000,1666829792588,True,True
39926649,17.19000000,4.00000000,68.76000000,1666829792588,True,True
39926650,17.19000000,9.23000000,158.66370000,1666829792663,True,True
39926651,17.20000000,7.11000000,122.29200000,1666829794923,False,True
39926652,17.19000000,12.49000000,214.70310000,1666829796038,True,True
39926653,17.19000000,19.40000000,333.48600000,1666829798923,True,True
39926654,17.19000000,21.25000000,365.28750000,1666829798923,True,True
39926655,17.19000000,11.24000000,193.21560000,1666829798934,True,True
39926656,17.19000000,10.74000000,184.62060000,1666829798934,True,True
39926657,17.18000000,7.73000000,132.80140000,1666829801854,True,True
39926658,17.18000000,27.83000000,478.11940000,1666829801854,True,True
39926659,17.18000000,3.50000000,60.13000000,1666829801854,True,True
39926660,17.18000000,3.30000000,56.69400000,1666829801854,True,True
39926661,17.18000000,12.65000000,217.32700000,1666829801935,False,True
39926662,17.18000000,30.46000000,523.30280000,1666829802758,True,True
39926663,17.18000000,38.94000000,668.98920000,1666829802758,True,True
39926664,17.18000000,31.98000000,549.41640000,1666829802758,True,True
39926665,17.18000000,0.94000000,16.14920000,1666829803246,False,True
39926666,17.18000000,1.85000000,31.78300000,1666829804919,False,True
39926667,17.17000000,13.53000000,232.31010000,1666829811900,True,True
39926668,17.17000000,5.35000000,91.85950000,1666829816385,False,True
39926669,17.17000000,18.71000000,321.25070000,1666829818019,False,True
39926670,17.17000000,17.67000000,303.39390000,1666829818019,False,True
39926671,17.16000000,1.17000000,20.07720000,1666829818079,True,True
39926672,17.17000000,12.35000000,212.04950000,1666829828449,False,True
39926673,17.17000000,7.86000000,134.95620000,1666829840973,True,True
39926674,17.17000000,16.20000000,278.15400000,1666829846679,True,True
39926675,17.17000000,36.32000000,623.61440000,1666829846679,True,True
39926676,17.17000000,2.36000000,40.52120000,1666829848080,False,True
39926677,17.18000000,0.59000000,10.13620000,1666829853922,False,True
39926678,17.17000000,30.57000000,524.88690000,1666829861820,True,True
39926679,17.17000000,1.43000000,24.55310000,1666829861832,True,True
39926680,17.18000000,20.24000000,347.72320000,1666829881089,False,True
39926681,17.18000000,11.58000000,198.94440000,1666829881597,False,True
39926682,17.18000000,11.81000000,202.89580000,1666829881597,False,True
39926683,17.18000000,24.28000000,417.13040000,1666829881597,False,True
39926684,17.18000000,23.61000000,405.61980000,1666829881611,False,True
39926685,17.18000000,15.93000000,273.67740000,1666829881611,False,True
39926686,17.18000000,22.76000000,391.01680000,1666829885224,True,True
39926687,17.18000000,13.77000000,236.56860000,1666829885224,True,True
39926688,17.18000000,43.23000000,742.69140000,1666829885224,True,True
39926689,17.18000000,7.93000000,136.23740000,1666829888223,False,True
39926690,17.17000000,31.83000000,546.52110000,1666829892746,True,True
39926691,17.17000000,12.39000000,212.73630000,1666829892746,True,True
39926692,17.17000000,3.30000000,56.66100000,1666829892746,True,True
39926693,17.17000000,48.42000000,831.37140000,1666829892746,True,True
39926694,17.17000000,24.06000000,413.11020000,1666829894068,False,True
39926695,17.17000000,12.38000000,212.56460000,1666829894068,False,True
39926696,17.17000000,11.72000000,201.23240000,1666829894075,False,True
39926697,17.17000000,15.46000000,265.44820000,1666829897594,True,True
39926698,17.17000000,15.38000000,264.07460000,1666829897594,True,True
39926699,17.17000000,11.72000000,201.23240000,1666829897594,True,True
39926700,17.17000000,24.06000000,413.11020000,1666829897594,True,True
39926701,17.17000000,18.75000000,321.93750000,1666829897594,True,True
39926702,17.17000000,24.28000000,416.88760000,1666829897594,True,True
39926703,17.17000000,15.18000000,260.64060000,1666829900832,False,True
39926704,17.17000000,17.24000000,296.01080000,1666829900832,False,True
39926705,17.17000000,24.92000000,427.87640000,1666829900832,False,True
39926706,17.17000000,5.35000000,91.85950000,1666829900925,False,True
39926707,17.17000000,32.45000000,557.16650000,1666829906538,True,True
39926708,17.17000000,27.92000000,479.38640000,1666829906562,True,True
39926709,17.16000000,11.87000000,203.68920000,1666829908954,True,True
39926710,17.16000000,0.93000000,15.95880000,1666829908954,True,True
39926711,17.16000000,3.50000000,60.06000000,1666829908954,True,True
39926712,17.16000000,15.82000000,271.47120000,1666829908954,True,True
39926713,17.16000000,0.47000000,8.06520000,1666829908954,True,True
39926714,17.16000000,7.99000000,137.10840000,1666829908965,True,True
39926715,17.16000000,3.30000000,56.62800000,1666829908965,True,True
39926716,17.16000000,11.65000000,199.91400000,1666829908965,True,True
39926717,17.16000000,11.65000000,199.91400000,1666829908965,True,True
39926718,17.15000000,0.64000000,10.97600000,1666829913371,True,True
39926719,17.16000000,15.49000000,265.80840000,1666829919199,False,True
39926720,17.16000000,32.46000000,557.01360000,1666829919199,False,True
39926721,17.16000000,25.05000000,429.85800000,1666829919199,False,True
39926722,17.16000000,31.61000000,542.42760000,1666829921650,False,True
39926723,17.16000000,12.39000000,212.61240000,1666829921650,False,True
39926724,17.16000000,20.00000000,343.20000000,1666829922021,False,True
39926725,17.17000000,4.10000000,70.39700000,1666829925956,False,True
39926726,17.16000000,28.45000000,488.20200000,1666829926717,True,True
39926727,17.16000000,12.97000000,222.56520000,1666829926717,True,True
39926728,17.15000000,1.28000000,21.95200000,1666829929171,True,True
39926729,17.15000000,0.88000000,15.09200000,1666829929171,True,True
39926730,17.15000000,36.02000000,617.74300000,1666829929171,True,True
39926731,17.15000000,3.30000000,56.59500000,1666829929171,True,True
39926732,17.15000000,3.50000000,60.02500000,1666829929171,True,True
39926733,17.15000000,7.34000000,125.88100000,1666829929171,True,True
39926734,17.15000000,8.47000000,145.26050000,1666829929171,True,True
39926735,17.15000000,11.44000000,196.19600000,1666829929171,True,True
39926736,17.15000000,2.37000000,40.64550000,1666829932049,False,True
39926737,17.15000000,0.91000000,15.60650000,1666829937714,False,True
39926738,17.15000000,16.38000000,280.91700000,1666829945872,False,True
39926739,17.15000000,24.06000000,412.62900000,1666829945872,False,True
39926740,17.15000000,16.05000000,275.25750000,1666829945872,False,True
39926741,17.15000000,10.14000000,173.90100000,1666829946396,True,True
39926742,17.15000000,24.06000000,412.62900000,1666829946396,True,True
39926743,17.14000000,0.93000000,15.94020000,1666829960480,True,True
39926744,17.14000000,0.65000000,11.14100000,1666829960480,True,True
39926745,17.14000000,3.03000000,51.93420000,1666829960480,True,True
39926746,17.15000000,24.06000000,412.62900000,1666829962990,False,True
39926747,17.16000000,3.07000000,52.68120000,1666829963286,False,True
39926748,17.16000000,29.36000000,503.81760000,1666829967274,False,True
39926749,17.16000000,32.42000000,556.32720000,1666829967274,False,True
39926750,17.16000000,11.46000000,196.65360000,1666829967274,False,True
39926751,17.16000000,0.93000000,15.95880000,1666829967274,False,True
39926752,17.16000000,0.65000000,11.15400000,1666829967274,False,True
39926753,17.16000000,19.92000000,341.82720000,1666829967274,False,True
39926754,17.16000000,30.46000000,522.69360000,1666829967287,False,True
39926755,17.17000000,20.17000000,346.31890000,1666829987418,False,True
39926756,17.17000000,11.52000000,197.79840000,1666829987418,False,True
39926757,17.17000000,12.54000000,215.31180000,1666829987430,False,True
39926758,17.17000000,11.82000000,202.94940000,1666829987430,False,True
39926759,17.17000000,3.30000000,56.66100000,1666829987430,False,True
39926760,17.17000000,3.50000000,60.09500000,1666829987430,False,True
39926761,17.17000000,6.99000000,120.01830000,1666829987430,False,True
39926762,17.18000000,7.21000000,123.86780000,1666829987438,False,True
39926763,17.18000000,5.50000000,94.49000000,1666829987448,False,True
39926764,17.17000000,3.87000000,66.44790000,1666829987479,True,True
39926765,17.18000000,1.00000000,17.18000000,1666829987484,False,True
39926766,17.18000000,0.93000000,15.97740000,1666829987950,False,True
39926767,17.18000000,1.61000000,27.65980000,1666829987950,False,True
39926768,17.18000000,2.91000000,49.99380000,1666829987950,False,True
39926769,17.19000000,0.64000000,11.00160000,1666829990337,False,True
39926770,17.18000000,44.00000000,755.92000000,1666829995726,True,True
39926771,17.18000000,41.65000000,715.54700000,1666830005248,True,True
39926772,17.18000000,4.16000000,71.46880000,1666830005248,True,True
39926773,17.18000000,10.81000000,185.71580000,1666830005248,True,True
39926774,17.18000000,12.36000000,212.34480000,1666830007755,True,True
39926775,17.18000000,16.89000000,290.17020000,1666830008564,False,True
39926776,17.18000000,22.02000000,378.30360000,1666830009416,True,True
39926777,17.18000000,24.89000000,427.61020000,1666830009416,True,True
39926778,17.18000000,4.53000000,77.82540000,1666830009416,True,True
39926779,17.17000000,8.10000000,139.07700000,1666830014501,True,True
39926780,17.17000000,38.00000000,652.46000000,1666830014501,True,True
39926781,17.16000000,24.06000000,412.86960000,1666830015958,True,True
39926782,17.16000000,22.29000000,382.49640000,1666830015958,True,True
39926783,17.16000000,24.27000000,416.47320000,1666830015958,True,True
39926784,17.16000000,0.93000000,15.95880000,1666830015958,True,True
39926785,17.16000000,3.50000000,60.06000000,1666830015958,True,True
39926786,17.16000000,3.30000000,56.62800000,1666830015958,True,True
39926787,17.16000000,0.26000000,4.46160000,1666830015958,True,True
39926788,17.16000000,11.39000000,195.45240000,1666830016013,True,True
39926789,17.16000000,3.13000000,53.71080000,1666830016031,False,True
39926790,17.16000000,2.10000000,36.03600000,1666830016587,False,True
39926791,17.16000000,39.07000000,670.44120000,1666830033370,True,True
39926792,17.17000000,12.36000000,212.22120000,1666830036085,False,True
39926793,17.18000000,0.93000000,15.97740000,1666830040014,False,True
39926794,17.18000000,1.61000000,27.65980000,1666830040014,False,True
39926795,17.18000000,3.30000000,56.69400000,1666830040014,False,True
39926796,17.18000000,15.00000000,257.70000000,1666830040014,False,True
39926797,17.18000000,3.50000000,60.13000000,1666830040014,False,True
39926798,17.18000000,5.77000000,99.12860000,1666830040014,False,True
39926799,17.18000000,24.06000000,413.35080000,1666830040014,False,True
39926800,17.19000000,8.83000000,151.78770000,1666830043671,False,True
39926801,17.19000000,19.25000000,330.90750000,1666830043671,False,True
39926802,17.19000000,15.44000000,265.41360000,1666830043671,False,True
39926803,17.19000000,7.85000000,134.94150000,1666830043671,False,True
39926804,17.19000000,3.50000000,60.16500000,1666830043671,False,True
39926805,17.19000000,3.30000000,56.72700000,1666830043671,False,True
39926806,17.19000000,9.47000000,162.78930000,1666830043785,True,True
39926807,17.19000000,2.09000000,35.92710000,1666830043867,True,True
39926808,17.19000000,12.50000000,214.87500000,1666830044111,True,True
39926809,17.19000000,5.06000000,86.98140000,1666830044111,True,True
39926810,17.19000000,26.54000000,456.22260000,1666830044111,True,True
39926811,17.19000000,40.89000000,702.89910000,1666830044111,True,True
39926812,17.19000000,2.09000000,35.92710000,1666830044119,True,True
39926813,17.18000000,42.02000000,721.90360000,1666830049761,True,True
39926814,17.18000000,15.32000000,263.19760000,1666830050107,False,True
39926815,17.18000000,7.22000000,124.03960000,1666830050107,False,True
39926816,17.18000000,17.46000000,299.96280000,1666830050701,False,True
39926817,17.18000000,31.04000000,533.26720000,1666830054290,True,True
39926818,17.18000000,17.46000000,299.96280000,1666830054290,True,True
39926819,17.17000000,32.28000000,554.24760000,1666830064021,True,True
39926820,17.17000000,3.50000000,60.09500000,1666830064021,True,True
39926821,17.17000000,3.30000000,56.66100000,1666830064021,True,True
39926822,17.17000000,15.82000000,271.62940000,1666830064021,True,True
39926823,17.17000000,2.37000000,40.69290000,1666830064723,False,True
39926824,17.17000000,21.69000000,372.41730000,1666830065539,False,True
39926825,17.17000000,12.51000000,214.79670000,1666830065539,False,True
39926826,17.17000000,24.06000000,413.11020000,1666830068759,True,True
39926827,17.17000000,50.70000000,870.51900000,1666830068759,True,True
39926828,17.17000000,32.21000000,553.04570000,1666830068759,True,True
39926829,17.16000000,2.01000000,34.49160000,1666830082134,True,True
39926830,17.16000000,0.93000000,15.95880000,1666830087623,True,True
39926831,17.16000000,3.30000000,56.62800000,1666830087623,True,True
39926832,17.16000000,3.50000000,60.06000000,1666830087623,True,True
39926833,17.16000000,2.37000000,40.66920000,1666830087749,False,True
39926834,17.16000000,30.46000000,522.69360000,1666830093957,False,True
39926835,17.16000000,21.69000000,372.20040000,1666830093957,False,True
39926836,17.16000000,31.63000000,542.77080000,1666830100820,False,True
39926837,17.16000000,120.14000000,2061.60240000,1666830100820,False,True
39926838,17.16000000,24.06000000,412.86960000,1666830111743,True,True
39926839,17.16000000,11.66000000,200.08560000,1666830114475,True,True
39926840,17.17000000,12.16000000,208.78720000,1666830121299,False,True
39926841,17.17000000,3.06000000,52.54020000,1666830121394,True,True
39926842,17.17000000,2.37000000,40.69290000,1666830121475,True,True
39926843,17.17000000,2.37000000,40.69290000,1666830126641,True,True
39926844,17.17000000,2.37000000,40.69290000,1666830127598,True,True
39926845,17.17000000,24.06000000,413.11020000,1666830138651,False,True
39926846,17.17000000,6.39000000,109.71630000,1666830138651,False,True
39926847,17.17000000,9.41000000,161.56970000,1666830138668,False,True
39926848,17.17000000,10.39000000,178.39630000,1666830138668,False,True
39926849,17.17000000,19.80000000,339.96600000,1666830138682,False,True
39926850,17.17000000,11.77000000,202.09090000,1666830138694,False,True
39926851,17.17000000,11.97000000,205.52490000,1666830138816,True,True
39926852,17.17000000,0.60000000,10.30200000,1666830181137,False,True
39926853,17.16000000,15.81000000,271.29960000,1666830181464,True,True
39926854,17.16000000,5.43000000,93.17880000,1666830181464,True,True
39926855,17.16000000,0.96000000,16.47360000,1666830183168,True,True
39926856,17.16000000,9.41000000,161.47560000,1666830183168,True,True
39926857,17.16000000,12.09000000,207.46440000,1666830183168,True,True
39926858,17.16000000,75.74000000,1299.69840000,1666830183168,True,True
39926859,17.15000000,3.30000000,56.59500000,1666830189713,True,True
39926860,17.15000000,3.50000000,60.02500000,1666830189713,True,True
39926861,17.15000000,15.81000000,271.14150000,1666830189713,True,True
39926862,17.15000000,15.81000000,271.14150000,1666830189713,True,True
39926863,17.14000000,0.93000000,15.94020000,1666830192657,True,True
39926864,17.14000000,0.65000000,11.14100000,1666830192657,True,True
39926865,17.14000000,3.30000000,56.56200000,1666830192657,True,True
39926866,17.14000000,3.50000000,59.99000000,1666830192657,True,True
39926867,17.14000000,2.37000000,40.62180000,1666830192719,False,True
39926868,17.14000000,5.32000000,91.18480000,1666830192942,False,True
39926869,17.14000000,4.65000000,79.70100000,1666830192948,False,True
39926870,17.14000000,3.73000000,63.93220000,1666830192948,False,True
39926871,17.14000000,10.14000000,173.79960000,1666830192959,False,True
39926872,17.14000000,0.58000000,9.94120000,1666830208245,False,True
39926873,17.14000000,1.73000000,29.65220000,1666830225463,False,True
39926874,17.14000000,1.00000000,17.14000000,1666830236801,False,True
39926875,17.13000000,0.93000000,15.93090000,1666830257271,True,True
39926876,17.13000000,0.59000000,10.10670000,1666830257271,True,True
39926877,17.13000000,1.06000000,18.15780000,1666830257271,True,True
39926878,17.14000000,2.45000000,41.99300000,1666830261087,False,True
39926879,17.13000000,1.37000000,23.46810000,1666830270962,True,True
39926880,17.13000000,0.88000000,15.07440000,1666830270962,True,True
39926881,17.13000000,3.15000000,53.95950000,1666830270962,True,True
39926882,17.13000000,3.30000000,56.52900000,1666830270962,True,True
39926883,17.13000000,8.70000000,149.03100000,1666830273787,False,True
39926884,17.12000000,1.28000000,21.91360000,1666830297870,True,True
39926885,17.12000000,3.50000000,59.92000000,1666830297870,True,True
39926886,17.12000000,3.30000000,56.49600000,1666830297870,True,True
39926887,17.12000000,19.16000000,328.01920000,1666830297870,True,True
39926888,17.12000000,4.46000000,76.35520000,1666830297870,True,True
39926889,17.12000000,13.27000000,227.18240000,1666830299502,False,True
39926890,17.12000000,17.24000000,295.14880000,1666830338434,True,True
39926891,17.12000000,13.27000000,227.18240000,1666830338448,True,True
39926892,17.12000000,10.14000000,173.59680000,1666830338479,True,True
39926893,17.12000000,63.71000000,1090.71520000,1666830338485,True,True
39926894,17.11000000,0.93000000,15.91230000,1666830346110,True,True
39926895,17.11000000,0.88000000,15.05680000,1666830346110,True,True
39926896,17.11000000,7.45000000,127.46950000,1666830346110,True,True
39926897,17.11000000,0.64000000,10.95040000,1666830346110,True,True
39926898,17.11000000,0.64000000,10.95040000,1666830346110,True,True
39926899,17.11000000,3.50000000,59.88500000,1666830346110,True,True
39926900,17.11000000,3.30000000,56.46300000,1666830346110,True,True
39926901,17.10000000,11.75000000,200.92500000,1666830346110,True,True
39926902,17.10000000,0.69000000,11.79900000,1666830346110,True,True
39926903,17.10000000,2.43000000,41.55300000,1666830346110,True,True
39926904,17.10000000,1.28000000,21.88800000,1666830346110,True,True
39926905,17.10000000,0.74000000,12.65400000,1666830346110,True,True
39926906,17.10000000,0.75000000,12.82500000,1666830346110,True,True
39926907,17.10000000,1.09000000,18.63900000,1666830346110,True,True
39926908,17.11000000,30.46000000,521.17060000,1666830346124,True,True
39926909,17.11000000,10.40000000,177.94400000,1666830346792,False,True
39926910,17.11000000,0.69000000,11.80590000,1666830347456,True,True
39926911,17.10000000,57.96000000,991.11600000,1666830359416,True,True
39926912,17.10000000,0.65000000,11.11500000,1666830359416,True,True
39926913,17.10000000,3.50000000,59.85000000,1666830359416,True,True
39926914,17.10000000,3.30000000,56.43000000,1666830359416,True,True
39926915,17.10000000,15.14000000,258.89400000,1666830359416,True,True
39926916,17.10000000,13.89000000,237.51900000,1666830363626,False,True
39926917,17.10000000,11.04000000,188.78400000,1666830363626,False,True
39926918,17.09000000,0.93000000,15.89370000,1666830371833,True,True
39926919,17.09000000,0.88000000,15.03920000,1666830371833,True,True
39926920,17.09000000,1.85000000,31.61650000,1666830371833,True,True
39926921,17.09000000,3.16000000,54.00440000,1666830371833,True,True
39926922,17.09000000,0.59000000,10.08310000,1666830371833,True,True
39926923,17.09000000,1.53000000,26.14770000,1666830371833,True,True
39926924,17.09000000,3.30000000,56.39700000,1666830371833,True,True
39926925,17.09000000,48.24000000,824.42160000,1666830371833,True,True
39926926,17.09000000,30.46000000,520.56140000,1666830371842,True,True
39926927,17.09000000,153.19000000,2618.01710000,1666830371843,True,True
39926928,17.09000000,309.75000000,5293.62750000,1666830371845,True,True
39926929,17.09000000,2.10000000,35.88900000,1666830371852,True,True
39926930,17.09000000,8.72000000,149.02480000,1666830371852,True,True
39926931,17.09000000,19.34000000,330.52060000,1666830371854,True,True
39926932,17.09000000,8.72000000,149.02480000,1666830371855,True,True
39926933,17.09000000,50.34000000,860.31060000,1666830371856,True,True
39926934,17.09000000,117.06000000,2000.55540000,1666830371960,True,True
39926935,17.09000000,12.67000000,216.53030000,1666830372046,True,True
39926936,17.09000000,117.06000000,2000.55540000,1666830372082,True,True
39926937,17.09000000,14.33000000,244.89970000,1666830372194,True,True
39926938,17.09000000,117.06000000,2000.55540000,1666830372283,True,True
39926939,17.09000000,2.34000000,39.99060000,1666830372380,True,True
39926940,17.09000000,117.06000000,2000.55540000,1666830372485,True,True
39926941,17.09000000,14.70000000,251.22300000,1666830372535,True,True
39926942,17.09000000,23.20000000,396.48800000,1666830372583,True,True
39926943,17.09000000,38.65000000,660.52850000,1666830372612,True,True
39926944,17.08000000,10.00000000,170.80000000,1666830372612,True,True
39926945,17.08000000,0.88000000,15.03040000,1666830372612,True,True
39926946,17.08000000,0.97000000,16.56760000,1666830372612,True,True
39926947,17.08000000,1.82000000,31.08560000,1666830372612,True,True
39926948,17.08000000,1.17000000,19.98360000,1666830372612,True,True
39926949,17.08000000,6.00000000,102.48000000,1666830372612,True,True
39926950,17.08000000,2.36000000,40.30880000,1666830372612,True,True
39926951,17.09000000,1.63000000,27.85670000,1666830373662,False,True
39926952,17.09000000,49.35000000,843.39150000,1666830381231,False,True
39926953,17.09000000,26.24000000,448.44160000,1666830381231,False,True
39926954,17.09000000,14.80000000,252.93200000,1666830381231,False,True
39926955,17.09000000,18.60000000,317.87400000,1666830381231,False,True
39926956,17.09000000,14.70000000,251.22300000,1666830381231,False,True
39926957,17.09000000,5.41000000,92.45690000,1666830381231,False,True
39926958,17.09000000,38.64000000,660.35760000,1666830381243,False,True
39926959,17.08000000,7.46000000,127.41680000,1666830381300,True,True
39926960,17.09000000,5.65000000,96.55850000,1666830381872,False,True
39926961,17.07000000,0.94000000,16.04580000,1666830393410,True,True
39926962,17.07000000,1.28000000,21.84960000,1666830393410,True,True
39926963,17.07000000,2.44000000,41.65080000,1666830393410,True,True
39926964,17.07000000,0.71000000,12.11970000,1666830393410,True,True
39926965,17.07000000,0.28000000,4.77960000,1666830393410,True,True
39926966,17.07000000,4.99000000,85.17930000,1666830393413,True,True
39926967,17.07000000,3.30000000,56.33100000,1666830393413,True,True
39926968,17.07000000,15.82000000,270.04740000,1666830394867,False,True
39926969,17.07000000,194.62000000,3322.16340000,1666830394867,False,True
39926970,17.07000000,31.63000000,539.92410000,1666830394867,False,True
39926971,17.07000000,1.09000000,18.60630000,1666830394867,False,True
39926972,17.07000000,1.09000000,18.60630000,1666830394867,False,True
39926973,17.07000000,1.09000000,18.60630000,1666830394867,False,True
39926974,17.07000000,1.09000000,18.60630000,1666830394867,False,True
39926975,17.07000000,6.20000000,105.83400000,1666830394867,False,True
39926976,17.08000000,1.67000000,28.52360000,1666830404335,False,True
39926977,17.08000000,22.39000000,382.42120000,1666830404356,False,True
39926978,17.08000000,14.72000000,251.41760000,1666830404356,False,True
39926979,17.08000000,15.78000000,269.52240000,1666830404356,False,True
39926980,17.08000000,5.38000000,91.89040000,1666830404356,False,True
39926981,17.08000000,6.20000000,105.89600000,1666830404356,False,True
39926982,17.08000000,1.47000000,25.10760000,1666830404453,True,True
39926983,17.08000000,2.38000000,40.65040000,1666830404841,True,True
39926984,17.08000000,2.43000000,41.50440000,1666830405159,True,True
39926985,17.08000000,2.38000000,40.65040000,1666830410409,True,True
39926986,17.08000000,5.64000000,96.33120000,1666830422902,True,True
39926987,17.07000000,1.47000000,25.09290000,1666830425479,True,True
39926988,17.07000000,38.25000000,652.92750000,1666830435206,True,True
39926989,17.07000000,5.35000000,91.32450000,1666830435206,True,True
39926990,17.07000000,4.82000000,82.27740000,1666830435206,True,True
39926991,17.07000000,12.05000000,205.69350000,1666830435206,True,True
39926992,17.07000000,15.81000000,269.87670000,1666830435206,True,True
39926993,17.07000000,57.34000000,978.79380000,1666830435206,True,True
39926994,17.06000000,0.94000000,16.03640000,1666830438766,True,True
39926995,17.06000000,0.88000000,15.01280000,1666830438766,True,True
39926996,17.06000000,0.71000000,12.11260000,1666830438766,True,True
39926997,17.06000000,1.78000000,30.36680000,1666830438766,True,True
39926998,17.06000000,0.84000000,14.33040000,1666830438766,True,True
39926999,17.06000000,0.64000000,10.91840000,1666830438766,True,True
39927000,17.06000000,0.64000000,10.91840000,1666830438766,True,True
39927001,17.06000000,0.46000000,7.84760000,1666830438766,True,True
39927002,17.06000000,3.04000000,51.86240000,1666830438775,True,True
39927003,17.06000000,2.36000000,40.26160000,1666830438775,True,True
39927004,17.06000000,0.94000000,16.03640000,1666830438776,True,True
39927005,17.05000000,7.45000000,127.02250000,1666830439658,True,True
39927006,17.05000000,1.29000000,21.99450000,1666830439658,True,True
39927007,17.05000000,3.17000000,54.04850000,1666830439658,True,True
39927008,17.05000000,6.00000000,102.30000000,1666830439658,True,True
39927009,17.05000000,28.09000000,478.93450000,1666830439658,True,True
39927010,17.05000000,10.95000000,186.69750000,1666830439658,True,True
39927011,17.05000000,2.94000000,50.12700000,1666830439806,False,True
39927012,17.05000000,2.42000000,41.26100000,1666830442508,False,True
39927013,17.05000000,24.06000000,410.22300000,1666830442508,False,True
39927014,17.05000000,7.11000000,121.22550000,1666830442508,False,True
39927015,17.05000000,10.70000000,182.43500000,1666830442508,False,True
39927016,17.05000000,1.09000000,18.58450000,1666830442508,False,True
39927017,17.05000000,1.09000000,18.58450000,1666830442508,False,True
39927018,17.05000000,1.09000000,18.58450000,1666830442508,False,True
39927019,17.05000000,1.09000000,18.58450000,1666830442508,False,True
39927020,17.05000000,4.23000000,72.12150000,1666830447914,True,True
39927021,17.06000000,10.39000000,177.25340000,1666830458047,False,True
39927022,17.06000000,2.39000000,40.77340000,1666830458198,True,True
39927023,17.06000000,43.02000000,733.92120000,1666830460964,True,True
39927024,17.06000000,7.11000000,121.29660000,1666830469763,False,True
39927025,17.06000000,43.86000000,748.25160000,1666830469764,False,True
39927026,17.06000000,24.77000000,422.57620000,1666830469766,False,True
39927027,17.06000000,23.01000000,392.55060000,1666830469766,False,True
39927028,17.06000000,5.36000000,91.44160000,1666830469767,False,True
39927029,17.06000000,13.24000000,225.87440000,1666830469769,False,True
39927030,17.07000000,40.35000000,688.77450000,1666830469806,False,True
39927031,17.07000000,7.15000000,122.05050000,1666830469806,False,True
39927032,17.07000000,3.05000000,52.06350000,1666830469879,False,True
39927033,17.07000000,0.94000000,16.04580000,1666830469879,False,True
39927034,17.07000000,3.50000000,59.74500000,1666830469879,False,True
39927035,17.07000000,3.30000000,56.33100000,1666830469879,False,True
39927036,17.07000000,5.87000000,100.20090000,1666830469926,True,True
39927037,17.08000000,7.20000000,122.97600000,1666830479451,False,True
39927038,17.08000000,59.05000000,1008.57400000,1666830479451,False,True
39927039,17.08000000,3.30000000,56.36400000,1666830479451,False,True
39927040,17.08000000,1.11000000,18.95880000,1666830479690,True,True
39927041,17.09000000,104.54000000,1786.58860000,1666830480675,False,True
39927042,17.09000000,0.94000000,16.06460000,1666830480675,False,True
39927043,17.09000000,2.92000000,49.90280000,1666830480675,False,True
39927044,17.09000000,2.92000000,49.90280000,1666830480675,False,True
39927045,17.09000000,8.37000000,143.04330000,1666830480675,False,True
39927046,17.09000000,3.90000000,66.65100000,1666830480677,False,True
39927047,17.09000000,3.50000000,59.81500000,1666830480677,False,True
39927048,17.09000000,2.37000000,40.50330000,1666830480818,True,True
39927049,17.09000000,28.09000000,480.05810000,1666830484779,True,True
39927050,17.09000000,50.08000000,855.86720000,1666830484779,True,True
39927051,17.09000000,19.24000000,328.81160000,1666830484779,True,True
39927052,17.09000000,26.27000000,448.95430000,1666830484779,True,True
39927053,17.08000000,12.06000000,205.98480000,1666830489246,True,True
39927054,17.08000000,47.91000000,818.30280000,1666830489246,True,True
39927055,17.08000000,5.35000000,91.37800000,1666830489246,True,True
39927056,17.08000000,13.91000000,237.58280000,1666830503476,True,True
39927057,17.08000000,12.84000000,219.30720000,1666830503476,True,True
39927058,17.08000000,15.56000000,265.76480000,1666830503476,True,True
39927059,17.08000000,120.14000000,2051.99120000,1666830503476,True,True
39927060,17.08000000,12.05000000,205.81400000,1666830521216,False,True
39927061,17.08000000,10.63000000,181.56040000,1666830521216,False,True
39927062,17.08000000,10.70000000,182.75600000,1666830521582,True,True
39927063,17.08000000,38.96000000,665.43680000,1666830521582,True,True
39927064,17.08000000,25.47000000,435.02760000,1666830521582,True,True
39927065,17.08000000,13.91000000,237.58280000,1666830521582,True,True
39927066,17.08000000,12.01000000,205.13080000,1666830521582,True,True
39927067,17.08000000,15.89000000,271.40120000,1666830521582,True,True
39927068,17.08000000,18.13000000,309.66040000,1666830521582,True,True
39927069,17.08000000,1.46000000,24.93680000,1666830522587,False,True
39927070,17.08000000,1.51000000,25.79080000,1666830529087,True,True
39927071,17.10000000,1.29000000,22.05900000,1666830545185,False,True
39927072,17.10000000,1.00000000,17.10000000,1666830545185,False,True
39927073,17.10000000,12.38000000,211.69800000,1666830545185,False,True
39927074,17.10000000,3.50000000,59.85000000,1666830545510,False,True
39927075,17.10000000,3.30000000,56.43000000,1666830545510,False,True
39927076,17.11000000,0.93000000,15.91230000,1666830547923,False,True
39927077,17.11000000,0.64000000,10.95040000,1666830547923,False,True
39927078,17.11000000,0.64000000,10.95040000,1666830547923,False,True
39927079,17.11000000,7.45000000,127.46950000,1666830547923,False,True
39927080,17.11000000,0.88000000,15.05680000,1666830547923,False,True
39927081,17.11000000,3.17000000,54.23870000,1666830547923,False,True
39927082,17.11000000,31.61000000,540.84710000,1666830549809,True,True
39927083,17.11000000,44.45000000,760.53950000,1666830549809,True,True
39927084,17.11000000,29.11000000,498.07210000,1666830549809,True,True
39927085,17.11000000,6.20000000,106.08200000,1666830549809,True,True
39927086,17.11000000,6.20000000,106.08200000,1666830558176,True,True
39927087,17.11000000,30.77000000,526.47470000,1666830558176,True,True
39927088,17.11000000,10.81000000,184.95910000,1666830558176,True,True
39927089,17.11000000,24.06000000,411.66660000,1666830569076,False,True
39927090,17.11000000,19.23000000,329.02530000,1666830569076,False,True
39927091,17.11000000,24.06000000,411.66660000,1666830578789,True,True
39927092,17.11000000,53.24000000,910.93640000,1666830578789,True,True
39927093,17.11000000,2.90000000,49.61900000,1666830578835,False,True
39927094,17.11000000,8.53000000,145.94830000,1666830604638,True,True
39927095,17.11000000,22.23000000,380.35530000,1666830607185,True,True
39927096,17.11000000,19.22000000,328.85420000,1666830607185,True,True
39927097,17.10000000,12.38000000,211.69800000,1666830618614,True,True
39927098,17.10000000,8.16000000,139.53600000,1666830618614,True,True
39927099,17.10000000,19.22000000,328.66200000,1666830618618,True,True
39927100,17.10000000,49.24000000,842.00400000,1666830618618,True,True
39927101,17.10000000,27.06000000,462.72600000,1666830618618,True,True
39927102,17.10000000,11.69000000,199.89900000,1666830618669,False,True
39927103,17.10000000,0.25000000,4.27500000,1666830618669,False,True
39927104,17.09000000,31.56000000,539.36040000,1666830620844,True,True
39927105,17.09000000,0.93000000,15.89370000,1666830620844,True,True
39927106,17.09000000,46.13000000,788.36170000,1666830620844,True,True
39927107,17.08000000,9.36000000,159.86880000,1666830620844,True,True
39927108,17.09000000,11.93000000,203.88370000,1666830620936,False,True
39927109,17.08000000,1.62000000,27.66960000,1666830625199,True,True
39927110,17.08000000,3.50000000,59.78000000,1666830625199,True,True
39927111,17.08000000,3.30000000,56.36400000,1666830625199,True,True
39927112,17.08000000,44.34000000,757.32720000,1666830625199,True,True
39927113,17.08000000,19.40000000,331.35200000,1666830625199,True,True
39927114,17.08000000,30.81000000,526.23480000,1666830625199,True,True
39927115,17.08000000,14.66000000,250.39280000,1666830625199,True,True
39927116,17.08000000,4.96000000,84.71680000,1666830632388,True,True
39927117,17.08000000,4.08000000,69.68640000,1666830632388,True,True
39927118,17.08000000,24.88000000,424.95040000,1666830641363,True,True
39927119,17.08000000,26.79000000,457.57320000,1666830641366,True,True
39927120,17.07000000,3.69000000,62.98830000,1666830641366,True,True
39927121,17.08000000,7.86000000,134.24880000,1666830643103,False,True
39927122,17.08000000,5.87000000,100.25960000,1666830643204,False,True
39927123,17.07000000,27.92000000,476.59440000,1666830643371,True,True
39927124,17.07000000,9.13000000,155.84910000,1666830643371,True,True
39927125,17.08000000,2.13000000,36.38040000,1666830643802,False,True
39927126,17.08000000,14.76000000,252.10080000,1666830643806,False,True
39927127,17.09000000,21.16000000,361.62440000,1666830646940,False,True
39927128,17.09000000,7.02000000,119.97180000,1666830646940,False,True
39927129,17.09000000,0.98000000,16.74820000,1666830646940,False,True
39927130,17.09000000,0.98000000,16.74820000,1666830646940,False,True
39927131,17.09000000,0.98000000,16.74820000,1666830646940,False,True
39927132,17.09000000,0.98000000,16.74820000,1666830646940,False,True
39927133,17.09000000,33.67000000,575.42030000,1666830646940,False,True
39927134,17.09000000,16.63000000,284.20670000,1666830646940,False,True
39927135,17.09000000,11.88000000,203.02920000,1666830646940,False,True
39927136,17.09000000,57.34000000,979.94060000,1666830646940,False,True
39927137,17.09000000,30.80000000,526.37200000,1666830646940,False,True
39927138,17.09000000,2.37000000,40.50330000,1666830647018,True,True
39927139,17.09000000,1.54000000,26.31860000,1666830647099,True,True
39927140,17.10000000,3.30000000,56.43000000,1666830661483,False,True
39927141,17.10000000,3.50000000,59.85000000,1666830661483,False,True
39927142,17.10000000,0.98000000,16.75800000,1666830661483,False,True
39927143,17.10000000,14.01000000,239.57100000,1666830661483,False,True
39927144,17.10000000,0.80000000,13.68000000,1666830661502,True,True
39927145,17.11000000,0.93000000,15.91230000,1666830711088,False,True
39927146,17.11000000,3.30000000,56.46300000,1666830711088,False,True
39927147,17.11000000,24.06000000,411.66660000,1666830717384,True,True
39927148,17.10000000,24.06000000,411.42600000,1666830733869,True,True
39927149,17.10000000,33.88000000,579.34800000,1666830733869,True,True
39927150,17.10000000,23.45000000,400.99500000,1666830736314,False,True
39927151,17.10000000,48.12000000,822.85200000,1666830736314,False,True
39927152,17.10000000,16.07000000,274.79700000,1666830736314,False,True
39927153,17.10000000,27.93000000,477.60300000,1666830736314,False,True
39927154,17.10000000,30.46000000,520.86600000,1666830743245,False,True
39927155,17.10000000,24.06000000,411.42600000,1666830746280,True,True
39927156,17.10000000,20.00000000,342.00000000,1666830746280,True,True
39927157,17.10000000,5.15000000,88.06500000,1666830748033,False,True
39927158,17.10000000,18.60000000,318.06000000,1666830748349,False,True
39927159,17.10000000,3.67000000,62.75700000,1666830762139,True,True
39927160,17.10000000,13.35000000,228.28500000,1666830772860,True,True
39927161,17.10000000,0.59000000,10.08900000,1666830772938,True,True
39927162,17.09000000,3.50000000,59.81500000,1666830788625,True,True
39927163,17.09000000,3.30000000,56.39700000,1666830788625,True,True
39927164,17.09000000,0.93000000,15.89370000,1666830788625,True,True
39927165,17.08000000,3.30000000,56.36400000,1666830793391,True,True
39927166,17.08000000,12.76000000,217.94080000,1666830798031,False,True
39927167,17.09000000,24.06000000,411.18540000,1666830800295,False,True
39927168,17.09000000,7.23000000,123.56070000,1666830800295,False,True
39927169,17.09000000,18.06000000,308.64540000,1666830800306,False,True
39927170,17.09000000,15.09000000,257.88810000,1666830800306,False,True
39927171,17.09000000,37.51000000,641.04590000,1666830806521,True,True
39927172,17.09000000,22.23000000,379.91070000,1666830806521,True,True
39927173,17.09000000,2.37000000,40.50330000,1666830806708,True,True
39927174,17.09000000,25.26000000,431.69340000,1666830807754,True,True
39927175,17.09000000,24.06000000,411.18540000,1666830807754,True,True
39927176,17.09000000,9.00000000,153.81000000,1666830808339,False,True
39927177,17.08000000,12.64000000,215.89120000,1666830827717,True,True
39927178,17.08000000,12.62000000,215.54960000,1666830827717,True,True
39927179,17.08000000,22.26000000,380.20080000,1666830827717,True,True
39927180,17.07000000,3.45000000,58.89150000,1666830827717,True,True
39927181,17.08000000,45.72000000,780.89760000,1666830838096,True,True
39927182,17.08000000,11.71000000,200.00680000,1666830838406,False,True
39927183,17.08000000,12.35000000,210.93800000,1666830838423,False,True
39927184,17.08000000,19.15000000,327.08200000,1666830838423,False,True
39927185,17.08000000,9.46000000,161.57680000,1666830838434,False,True
39927186,17.08000000,33.66000000,574.91280000,1666830838435,False,True
39927187,17.08000000,57.87000000,988.41960000,1666830838446,False,True
39927188,17.08000000,45.59000000,778.67720000,1666830840795,True,True
39927189,17.08000000,24.06000000,410.94480000,1666830840795,True,True
39927190,17.08000000,30.46000000,520.25680000,1666830845739,True,True
39927191,17.08000000,55.34000000,945.20720000,1666830845739,True,True
39927192,17.08000000,24.06000000,410.94480000,1666830847438,False,True
39927193,17.08000000,2.76000000,47.14080000,1666830863962,True,True
39927194,17.08000000,8.04000000,137.32320000,1666830881004,True,True
39927195,17.08000000,55.35000000,945.37800000,1666830882281,False,True
39927196,17.08000000,30.82000000,526.40560000,1666830882281,False,True
39927197,17.08000000,8.05000000,137.49400000,1666830882281,False,True
39927198,17.08000000,18.16000000,310.17280000,1666830905137,True,True
39927199,17.08000000,16.02000000,273.62160000,1666830905137,True,True
39927200,17.08000000,6.57000000,112.21560000,1666830905137,True,True
39927201,17.08000000,6.78000000,115.80240000,1666830905817,True,True
39927202,17.07000000,2.60000000,44.38200000,1666830905847,True,True
39927203,17.07000000,0.94000000,16.04580000,1666830912273,True,True
39927204,17.07000000,3.50000000,59.74500000,1666830912273,True,True
39927205,17.07000000,3.30000000,56.33100000,1666830912273,True,True
39927206,17.07000000,2.88000000,49.16160000,1666830912518,False,True
39927207,17.06000000,0.94000000,16.03640000,1666830914087,True,True
39927208,17.06000000,0.64000000,10.91840000,1666830914087,True,True
39927209,17.06000000,0.64000000,10.91840000,1666830914087,True,True
39927210,17.06000000,0.88000000,15.01280000,1666830914087,True,True
39927211,17.06000000,28.12000000,479.72720000,1666830914087,True,True
39927212,17.06000000,6.52000000,111.23120000,1666830914098,True,True
39927213,17.06000000,15.26000000,260.33560000,1666830914098,True,True
39927214,17.06000000,8.06000000,137.50360000,1666830914195,True,True
39927215,17.06000000,1.48000000,25.24880000,1666830914195,True,True
39927216,17.06000000,9.54000000,162.75240000,1666830914196,True,True
39927217,17.06000000,15.40000000,262.72400000,1666830914196,True,True
39927218,17.06000000,6.86000000,117.03160000,1666830914196,True,True
39927219,17.05000000,10.20000000,173.91000000,1666830914255,True,True
39927220,17.05000000,31.14000000,530.93700000,1666830914255,True,True
39927221,17.07000000,5.85000000,99.85950000,1666830919586,False,True
39927222,17.07000000,0.94000000,16.04580000,1666830919727,False,True
39927223,17.07000000,8.06000000,137.58420000,1666830919727,False,True
39927224,17.07000000,1.09000000,18.60630000,1666830919727,False,True
39927225,17.07000000,1.09000000,18.60630000,1666830919727,False,True
39927226,17.07000000,1.09000000,18.60630000,1666830919727,False,True
39927227,17.06000000,0.94000000,16.03640000,1666830962969,True,True
39927228,17.06000000,10.49000000,178.95940000,1666830966056,False,True
39927229,17.06000000,20.26000000,345.63560000,1666830966059,False,True
39927230,17.06000000,0.81000000,13.81860000,1666830966059,False,True
39927231,17.06000000,29.97000000,511.28820000,1666830966116,False,True
39927232,17.06000000,16.01000000,273.13060000,1666830966116,False,True
39927233,17.06000000,1.09000000,18.59540000,1666830966116,False,True
39927234,17.06000000,27.17000000,463.52020000,1666830966116,False,True
39927235,17.07000000,30.82000000,526.09740000,1666830976611,False,True
39927236,17.07000000,39.83000000,679.89810000,1666830976611,False,True
39927237,17.07000000,0.94000000,16.04580000,1666830976611,False,True
39927238,17.07000000,30.87000000,526.95090000,1666830976611,False,True
39927239,17.07000000,40.36000000,688.94520000,1666830976611,False,True
39927240,17.07000000,22.92000000,391.24440000,1666830976611,False,True
39927241,17.07000000,6.20000000,105.83400000,1666830976611,False,True
39927242,17.07000000,5.80000000,99.00600000,1666830976611,False,True
39927243,17.06000000,2.89000000,49.30340000,1666830983938,True,True
39927244,17.06000000,2.20000000,37.53200000,1666830983938,True,True
39927245,17.06000000,2.89000000,49.30340000,1666830983940,True,True
39927246,17.06000000,2.20000000,37.53200000,1666830983940,True,True
39927247,17.06000000,2.20000000,37.53200000,1666830983940,True,True
39927248,17.06000000,2.89000000,49.30340000,1666830983941,True,True
39927249,17.06000000,2.20000000,37.53200000,1666830983941,True,True
39927250,17.06000000,2.20000000,37.53200000,1666830983942,True,True
39927251,17.06000000,2.20000000,37.53200000,1666830983942,True,True
39927252,17.06000000,2.89000000,49.30340000,1666830983943,True,True
39927253,17.06000000,2.89000000,49.30340000,1666830983944,True,True
39927254,17.06000000,3.30000000,56.29800000,1666830983950,True,True
39927255,17.06000000,0.94000000,16.03640000,1666830983950,True,True
39927256,17.06000000,24.06000000,410.46360000,1666830983950,True,True
39927257,17.05000000,17.62000000,300.42100000,1666830994366,True,True
39927258,17.06000000,0.60000000,10.23600000,1666830997036,False,True
39927259,17.05000000,2.38000000,40.57900000,1666831000622,True,True
39927260,17.05000000,7.82000000,133.33100000,1666831000659,True,True
39927261,17.05000000,42.28000000,720.87400000,1666831003619,True,True
39927262,17.05000000,33.34000000,568.44700000,1666831003621,True,True
39927263,17.05000000,33.66000000,573.90300000,1666831003630,True,True
39927264,17.05000000,29.04000000,495.13200000,1666831003656,True,True
39927265,17.05000000,25.65000000,437.33250000,1666831003657,True,True
39927266,17.05000000,7.45000000,127.02250000,1666831003657,True,True
39927267,17.05000000,1.29000000,21.99450000,1666831003657,True,True
39927268,17.05000000,3.17000000,54.04850000,1666831003657,True,True
39927269,17.05000000,3.50000000,59.67500000,1666831003657,True,True
39927270,17.05000000,3.30000000,56.26500000,1666831003657,True,True
39927271,17.04000000,0.94000000,16.01760000,1666831003750,True,True
39927272,17.04000000,0.88000000,14.99520000,1666831003750,True,True
39927273,17.04000000,2.44000000,41.57760000,1666831003750,True,True
39927274,17.04000000,0.69000000,11.75760000,1666831003750,True,True
39927275,17.04000000,1.19000000,20.27760000,1666831003750,True,True
39927276,17.04000000,3.50000000,59.64000000,1666831003750,True,True
39927277,17.04000000,0.59000000,10.05360000,1666831003750,True,True
39927278,17.04000000,5.82000000,99.17280000,1666831003750,True,True
39927279,17.04000000,42.02000000,716.02080000,1666831011134,True,True
39927280,17.04000000,66.32000000,1130.09280000,1666831011134,True,True
39927281,17.04000000,6.20000000,105.64800000,1666831011134,True,True
39927282,17.04000000,38.55000000,656.89200000,1666831011134,True,True
39927283,17.04000000,30.84000000,525.51360000,1666831011134,True,True
39927284,17.04000000,120.15000000,2047.35600000,1666831011134,True,True
39927285,17.04000000,33.20000000,565.72800000,1666831011134,True,True
39927286,17.04000000,3.30000000,56.23200000,1666831011134,True,True
39927287,17.04000000,2.34000000,39.87360000,1666831011134,True,True
39927288,17.04000000,62.66000000,1067.72640000,1666831011134,True,True
39927289,17.04000000,55.70000000,949.12800000,1666831011134,True,True
39927290,17.04000000,3.50000000,59.64000000,1666831011134,True,True
39927291,17.04000000,35.22000000,600.14880000,1666831011143,False,True
39927292,17.05000000,8.05000000,137.25250000,1666831014883,False,True
39927293,17.05000000,16.01000000,272.97050000,1666831014883,False,True
39927294,17.05000000,12.64000000,215.51200000,1666831014883,False,True
39927295,17.05000000,11.60000000,197.78000000,1666831014883,False,True
39927296,17.05000000,1.09000000,18.58450000,1666831014883,False,True
39927297,17.05000000,1.09000000,18.58450000,1666831014883,False,True
39927298,17.05000000,120.14000000,2048.38700000,1666831014883,False,True
39927299,17.05000000,2.18000000,37.16900000,1666831014883,False,True
39927300,17.05000000,28.14000000,479.78700000,1666831014886,False,True
39927301,17.05000000,0.49000000,8.35450000,1666831014893,False,True
39927302,17.05000000,15.85000000,270.24250000,1666831014893,False,True
39927303,17.05000000,30.46000000,519.34300000,1666831028914,False,True
39927304,17.05000000,0.72000000,12.27600000,1666831028914,False,True
39927305,17.06000000,0.94000000,16.03640000,1666831034224,False,True
39927306,17.06000000,3.30000000,56.29800000,1666831034224,False,True
39927307,17.06000000,3.50000000,59.71000000,1666831034224,False,True
39927308,17.06000000,9.50000000,162.07000000,1666831087234,True,True
39927309,17.06000000,1.00000000,17.06000000,1666831132344,False,True
39927310,17.06000000,21.69000000,370.03140000,1666831145512,False,True
39927311,17.06000000,12.67000000,216.15020000,1666831145512,False,True
39927312,17.06000000,18.60000000,317.31600000,1666831145512,False,True
39927313,17.06000000,30.79000000,525.27740000,1666831145512,False,True
39927314,17.06000000,4.17000000,71.14020000,1666831145512,False,True
39927315,17.06000000,1.09000000,18.59540000,1666831150828,False,True
39927316,17.06000000,1.09000000,18.59540000,1666831150828,False,True
39927317,17.06000000,1.09000000,18.59540000,1666831150828,False,True
39927318,17.06000000,1.09000000,18.59540000,1666831150828,False,True
39927319,17.06000000,24.06000000,410.46360000,1666831159364,True,True
39927320,17.05000000,17.93000000,305.70650000,1666831159364,True,True
39927321,17.05000000,6.13000000,104.51650000,1666831159365,True,True
39927322,17.05000000,0.88000000,15.00400000,1666831159365,True,True
39927323,17.05000000,24.17000000,412.09850000,1666831159365,True,True
39927324,17.05000000,38.55000000,657.27750000,1666831159382,True,True
39927325,17.05000000,11.97000000,204.08850000,1666831189661,False,True
39927326,17.04000000,0.90000000,15.33600000,1666831192991,True,True
39927327,17.04000000,0.04000000,0.68160000,1666831204133,True,True
39927328,17.04000000,3.30000000,56.23200000,1666831204133,True,True
39927329,17.04000000,3.50000000,59.64000000,1666831204133,True,True
39927330,17.04000000,34.03000000,579.87120000,1666831204471,False,True
39927331,17.04000000,14.09000000,240.09360000,1666831204481,False,True
39927332,17.04000000,10.70000000,182.32800000,1666831204481,False,True
39927333,17.04000000,10.70000000,182.32800000,1666831204481,False,True
39927334,17.05000000,6.84000000,116.62200000,1666831213153,False,True
