39419312,16.90000000,7.20000000,121.68000000,1665187248142,True,True
39419313,16.90000000,111.16000000,1878.60400000,1665187253907,True,True
39419314,16.90000000,47.20000000,797.68000000,1665187269022,True,True
39419315,16.91000000,3.27000000,55.29570000,1665187276482,False,True
39419316,16.90000000,18.68000000,315.69200000,1665187280599,True,True
39419317,16.90000000,53.24000000,899.75600000,1665187280599,True,True
39419318,16.90000000,19.47000000,329.04300000,1665187280600,True,True
39419319,16.90000000,17.62000000,297.77800000,1665187280600,True,True
39419320,16.90000000,54.08000000,913.95200000,1665187280600,True,True
39419321,16.89000000,2.09000000,35.30010000,1665187306639,True,True
39419322,16.89000000,1.97000000,33.27330000,1665187314720,True,True
39419323,16.89000000,7.92000000,133.76880000,1665187314720,True,True
39419324,16.89000000,5.89000000,99.48210000,1665187334970,True,True
39419325,16.89000000,3.17000000,53.54130000,1665187335182,True,True
39419326,16.89000000,3.42000000,57.76380000,1665187335269,True,True
39419327,16.89000000,3.43000000,57.93270000,1665187336058,True,True
39419328,16.89000000,3.20000000,54.04800000,1665187336125,True,True
39419329,16.89000000,3.44000000,58.10160000,1665187336192,True,True
39419330,16.89000000,23.61000000,398.77290000,1665187374148,True,True
39419331,16.89000000,6.00000000,101.34000000,1665187374148,True,True
39419332,16.89000000,3.30000000,55.73700000,1665187374148,True,True
39419333,16.89000000,0.80000000,13.51200000,1665187374148,True,True
39419334,16.89000000,10.39000000,175.48710000,1665187374148,True,True
39419335,16.89000000,3.16000000,53.37240000,1665187374148,True,True
39419336,16.89000000,4.07000000,68.74230000,1665187374148,True,True
39419337,16.89000000,1.11000000,18.74790000,1665187374148,True,True
39419338,16.89000000,1.46000000,24.65940000,1665187374148,True,True
39419339,16.88000000,2.70000000,45.57600000,1665187374320,True,True
39419340,16.88000000,0.95000000,16.03600000,1665187374320,True,True
39419341,16.88000000,1.05000000,17.72400000,1665187374320,True,True
39419342,16.88000000,1.30000000,21.94400000,1665187374320,True,True
39419343,16.88000000,44.00000000,742.72000000,1665187374320,True,True
39419344,16.89000000,52.97000000,894.66330000,1665187408490,False,True
39419345,16.89000000,5.92000000,99.98880000,1665187410148,False,True
39419346,16.88000000,0.79000000,13.33520000,1665187475987,True,True
39419347,16.89000000,38.22000000,645.53580000,1665187506284,False,True
39419348,16.89000000,16.92000000,285.77880000,1665187506298,False,True
39419349,16.89000000,9.24000000,156.06360000,1665187506304,False,True
39419350,16.89000000,3.90000000,65.87100000,1665187506305,False,True
39419351,16.89000000,46.10000000,778.62900000,1665187506306,False,True
39419352,16.90000000,10.38000000,175.42200000,1665187507286,False,True
39419353,16.90000000,15.22000000,257.21800000,1665187507286,False,True
39419354,16.90000000,0.95000000,16.05500000,1665187507286,False,True
39419355,16.90000000,10.35000000,174.91500000,1665187507286,False,True
39419356,16.90000000,1.38000000,23.32200000,1665187507286,False,True
39419357,16.90000000,54.83000000,926.62700000,1665187507286,False,True
39419358,16.90000000,11.30000000,190.97000000,1665187507286,False,True
39419359,16.90000000,10.38000000,175.42200000,1665187507286,False,True
39419360,16.90000000,162.22000000,2741.51800000,1665187507286,False,True
39419361,16.90000000,2.26000000,38.19400000,1665187507773,True,True
39419362,16.90000000,2.26000000,38.19400000,1665187511283,True,True
39419363,16.91000000,0.62000000,10.48420000,1665187554431,False,True
39419364,16.91000000,2.06000000,34.83460000,1665187593732,False,True
39419365,16.91000000,7.70000000,130.20700000,1665187598803,False,True
39419366,16.91000000,3.48000000,58.84680000,1665187598803,False,True
39419367,16.91000000,2.02000000,34.15820000,1665187598863,False,True
39419368,16.91000000,9.74000000,164.70340000,1665187598863,False,True
39419369,16.91000000,1.46000000,24.68860000,1665187598863,False,True
39419370,16.91000000,8.37000000,141.53670000,1665187623219,False,True
39419371,16.91000000,0.08000000,1.35280000,1665187623225,False,True
39419372,16.91000000,2.70000000,45.65700000,1665187623225,False,True
39419373,16.91000000,5.50000000,93.00500000,1665187623225,False,True
39419374,16.91000000,1.46000000,24.68860000,1665187623225,False,True
39419375,16.91000000,3.55000000,60.03050000,1665187623225,False,True
39419376,16.91000000,9.92000000,167.74720000,1665187623961,False,True
39419377,16.91000000,0.90000000,15.21900000,1665187624009,True,True
39419378,16.91000000,2.26000000,38.21660000,1665187624068,True,True
39419379,16.91000000,5.80000000,98.07800000,1665187643311,True,True
39419380,16.91000000,2.97000000,50.22270000,1665187699556,True,True
39419381,16.92000000,0.94000000,15.90480000,1665187711981,False,True
39419382,16.92000000,1.05000000,17.76600000,1665187711981,False,True
39419383,16.92000000,2.95000000,49.91400000,1665187711981,False,True
39419384,16.92000000,3.30000000,55.83600000,1665187711981,False,True
39419385,16.92000000,9.58000000,162.09360000,1665187711981,False,True
39419386,16.92000000,5.50000000,93.06000000,1665187711981,False,True
39419387,16.92000000,1.46000000,24.70320000,1665187711981,False,True
39419388,16.93000000,0.63000000,10.66590000,1665187712096,False,True
39419389,16.92000000,7.57000000,128.08440000,1665187712400,True,True
39419390,16.92000000,6.17000000,104.39640000,1665187713826,True,True
39419391,16.93000000,0.31000000,5.24830000,1665187743179,False,True
39419392,16.93000000,8.95000000,151.52350000,1665187743179,False,True
39419393,16.93000000,1.05000000,17.77650000,1665187743179,False,True
39419394,16.93000000,71.62000000,1212.52660000,1665187743179,False,True
39419395,16.93000000,1.30000000,22.00900000,1665187743179,False,True
39419396,16.93000000,20.97000000,355.02210000,1665187743179,False,True
39419397,16.93000000,36.00000000,609.48000000,1665187743179,False,True
39419398,16.93000000,17.52000000,296.61360000,1665187743324,True,True
39419399,16.93000000,2.26000000,38.26180000,1665187743459,True,True
39419400,16.93000000,2.26000000,38.26180000,1665187754603,True,True
39419401,16.94000000,1.05000000,17.78700000,1665187771865,False,True
39419402,16.94000000,3.30000000,55.90200000,1665187771865,False,True
39419403,16.94000000,1.46000000,24.73240000,1665187771865,False,True
39419404,16.94000000,59.03000000,999.96820000,1665187771865,False,True
39419405,16.94000000,11.50000000,194.81000000,1665187771865,False,True
39419406,16.94000000,5.80000000,98.25200000,1665187771865,False,True
39419407,16.94000000,14.80000000,250.71200000,1665187771865,False,True
39419408,16.94000000,16.90000000,286.28600000,1665187771865,False,True
39419409,16.94000000,7.75000000,131.28500000,1665187771865,False,True
39419410,16.93000000,2.09000000,35.38370000,1665187786913,True,True
39419411,16.93000000,10.00000000,169.30000000,1665187788292,True,True
39419412,16.93000000,1.14000000,19.30020000,1665187792931,True,True
39419413,16.93000000,1.12000000,18.96160000,1665187793009,True,True
39419414,16.93000000,11.81000000,199.94330000,1665187829552,True,True
39419415,16.93000000,8.68000000,146.95240000,1665187829724,True,True
39419416,16.93000000,3.05000000,51.63650000,1665187829887,True,True
39419417,16.93000000,58.38000000,988.37340000,1665187830048,True,True
39419418,16.93000000,1.76000000,29.79680000,1665187830048,True,True
39419419,16.93000000,17.07000000,288.99510000,1665187830116,True,True
39419420,16.93000000,17.03000000,288.31790000,1665187830191,True,True
39419421,16.93000000,1.23000000,20.82390000,1665187830387,True,True
39419422,16.93000000,1.23000000,20.82390000,1665187830391,True,True
39419423,16.93000000,1.23000000,20.82390000,1665187830391,True,True
39419424,16.93000000,1.23000000,20.82390000,1665187830391,True,True
39419425,16.93000000,1.23000000,20.82390000,1665187830392,True,True
39419426,16.93000000,1.23000000,20.82390000,1665187830392,True,True
39419427,16.93000000,17.03000000,288.31790000,1665187830760,True,True
39419428,16.93000000,17.03000000,288.31790000,1665187830829,True,True
39419429,16.93000000,17.03000000,288.31790000,1665187831379,True,True
39419430,16.94000000,0.62000000,10.50280000,1665187847648,False,True
39419431,16.94000000,4.88000000,82.66720000,1665187850904,False,True
39419432,16.94000000,7.51000000,127.21940000,1665187850904,False,True
39419433,16.94000000,1.11000000,18.80340000,1665187850904,False,True
39419434,16.94000000,7.51000000,127.21940000,1665187850922,False,True
39419435,16.94000000,7.51000000,127.21940000,1665187850923,False,True
39419436,16.94000000,6.83000000,115.70020000,1665187850927,False,True
39419437,16.94000000,0.68000000,11.51920000,1665187850935,False,True
39419438,16.94000000,6.83000000,115.70020000,1665187850935,False,True
39419439,16.94000000,0.68000000,11.51920000,1665187850951,False,True
39419440,16.94000000,0.68000000,11.51920000,1665187850954,False,True
39419441,16.94000000,6.83000000,115.70020000,1665187850963,False,True
39419442,16.94000000,6.83000000,115.70020000,1665187850968,False,True
39419443,16.94000000,0.68000000,11.51920000,1665187850979,False,True
39419444,16.94000000,7.51000000,127.21940000,1665187850998,False,True
39419445,16.94000000,2.56000000,43.36640000,1665187851010,False,True
39419446,16.94000000,3.77000000,63.86380000,1665187851430,False,True
39419447,16.94000000,1.18000000,19.98920000,1665187851431,False,True
39419448,16.94000000,2.95000000,49.97300000,1665187851431,False,True
39419449,16.94000000,7.45000000,126.20300000,1665187851639,False,True
39419450,16.94000000,16.68000000,282.55920000,1665187851762,True,True
39419451,16.95000000,0.94000000,15.93300000,1665187861588,False,True
39419452,16.95000000,1.04000000,17.62800000,1665187861588,False,True
39419453,16.95000000,1.30000000,22.03500000,1665187861588,False,True
39419454,16.95000000,1.26000000,21.35700000,1665187861588,False,True
39419455,16.94000000,1.01000000,17.10940000,1665187874360,True,True
39419456,16.95000000,0.48000000,8.13600000,1665187874810,False,True
39419457,16.95000000,0.54000000,9.15300000,1665187874810,False,True
39419458,16.95000000,1.83000000,31.01850000,1665187897639,False,True
39419459,16.95000000,12.00000000,203.40000000,1665187897639,False,True
39419460,16.95000000,0.60000000,10.17000000,1665187897639,False,True
39419461,16.95000000,20.00000000,339.00000000,1665187897639,False,True
39419462,16.95000000,41.38000000,701.39100000,1665187897639,False,True
39419463,16.95000000,8.62000000,146.10900000,1665187897771,False,True
39419464,16.95000000,2.95000000,50.00250000,1665187897771,False,True
39419465,16.95000000,10.35000000,175.43250000,1665187897771,False,True
39419466,16.95000000,3.30000000,55.93500000,1665187897771,False,True
39419467,16.95000000,1.46000000,24.74700000,1665187897771,False,True
39419468,16.95000000,1.11000000,18.81450000,1665187897821,True,True
39419469,16.95000000,156.99000000,2660.98050000,1665187897821,True,True
39419470,16.95000000,0.90000000,15.25500000,1665187897885,True,True
39419471,16.95000000,133.53000000,2263.33350000,1665187897940,True,True
39419472,16.95000000,10.75000000,182.21250000,1665187897997,True,True
39419473,16.95000000,18.56000000,314.59200000,1665187897997,True,True
39419474,16.95000000,43.55000000,738.17250000,1665187897997,True,True
39419475,16.95000000,15.26000000,258.65700000,1665187897997,True,True
39419476,16.95000000,2.70000000,45.76500000,1665187897997,True,True
39419477,16.95000000,15.05000000,255.09750000,1665187898058,True,True
39419478,16.95000000,3.21000000,54.40950000,1665187898058,True,True
39419479,16.95000000,114.31000000,1937.55450000,1665187898111,True,True
39419480,16.95000000,18.18000000,308.15100000,1665187898111,True,True
39419481,16.95000000,3.00000000,50.85000000,1665187898174,True,True
39419482,16.94000000,48.46000000,820.91240000,1665187898232,True,True
39419483,16.94000000,62.83000000,1064.34020000,1665187898232,True,True
39419484,16.94000000,3.13000000,53.02220000,1665187898522,True,True
39419485,16.94000000,3.13000000,53.02220000,1665187898609,True,True
39419486,16.94000000,3.13000000,53.02220000,1665187898663,True,True
39419487,16.95000000,2.82000000,47.79900000,1665187899388,True,True
39419488,16.95000000,33.50000000,567.82500000,1665187899450,True,True
39419489,16.95000000,29.85000000,505.95750000,1665187899730,True,True
39419490,16.95000000,5.35000000,90.68250000,1665187899730,True,True
39419491,16.95000000,3.13000000,53.05350000,1665187899730,True,True
39419492,16.95000000,12.67000000,214.75650000,1665187899730,True,True
39419493,16.95000000,2.95000000,50.00250000,1665187899787,True,True
39419494,16.95000000,27.72000000,469.85400000,1665187899787,True,True
39419495,16.95000000,2.49000000,42.20550000,1665187900590,True,True
39419496,16.95000000,1.39000000,23.56050000,1665187900820,True,True
39419497,16.95000000,2.26000000,38.30700000,1665187911823,True,True
39419498,16.95000000,2.26000000,38.30700000,1665187920416,True,True
39419499,16.95000000,0.86000000,14.57700000,1665187923541,True,True
39419500,16.95000000,0.64000000,10.84800000,1665187997465,False,True
39419501,16.95000000,61.34000000,1039.71300000,1665188008140,False,True
39419502,16.95000000,0.89000000,15.08550000,1665188059271,False,True
39419503,16.94000000,3.13000000,53.02220000,1665188064899,True,True
39419504,16.94000000,0.49000000,8.30060000,1665188064899,True,True
39419505,16.95000000,3.60000000,61.02000000,1665188086078,False,True
39419506,16.95000000,5.89000000,99.83550000,1665188137030,False,True
39419507,16.95000000,13.21000000,223.90950000,1665188137031,False,True
39419508,16.95000000,12.92000000,218.99400000,1665188137684,False,True
39419509,16.95000000,11.84000000,200.68800000,1665188138136,False,True
39419510,16.95000000,38.27000000,648.67650000,1665188138205,False,True
39419511,16.95000000,97.30000000,1649.23500000,1665188138205,False,True
39419512,16.95000000,1.33000000,22.54350000,1665188138205,False,True
39419513,16.95000000,2.70000000,45.76500000,1665188159383,False,True
39419514,16.95000000,4.93000000,83.56350000,1665188159383,False,True
39419515,16.96000000,1.04000000,17.63840000,1665188171875,False,True
39419516,16.96000000,5.33000000,90.39680000,1665188171875,False,True
39419517,16.96000000,3.30000000,55.96800000,1665188171875,False,True
39419518,16.96000000,0.33000000,5.59680000,1665188171875,False,True
39419519,16.95000000,41.29000000,699.86550000,1665188187094,True,True
39419520,16.95000000,14.80000000,250.86000000,1665188187094,True,True
39419521,16.95000000,5.80000000,98.31000000,1665188187094,True,True
39419522,16.95000000,16.90000000,286.45500000,1665188187094,True,True
39419523,16.95000000,10.40000000,176.28000000,1665188187094,True,True
39419524,16.95000000,5.73000000,97.12350000,1665188187094,True,True
39419525,16.95000000,0.07000000,1.18650000,1665188187095,True,True
39419526,16.95000000,5.50000000,93.22500000,1665188187095,True,True
39419527,16.95000000,11.50000000,194.92500000,1665188187095,True,True
39419528,16.95000000,6.26000000,106.10700000,1665188187095,True,True
39419529,16.95000000,108.14000000,1832.97300000,1665188187095,True,True
39419530,16.94000000,25.82000000,437.39080000,1665188227198,True,True
39419531,16.94000000,0.70000000,11.85800000,1665188227198,True,True
39419532,16.94000000,0.70000000,11.85800000,1665188227198,True,True
39419533,16.94000000,2.26000000,38.28440000,1665188233347,False,True
39419534,16.95000000,1.17000000,19.83150000,1665188299080,False,True
39419535,16.95000000,29.49000000,499.85550000,1665188311821,False,True
39419536,16.95000000,1.67000000,28.30650000,1665188364547,False,True
39419537,16.95000000,155.69000000,2638.94550000,1665188366757,False,True
39419538,16.95000000,6.17000000,104.58150000,1665188388822,False,True
39419539,16.95000000,2.20000000,37.29000000,1665188388823,False,True
39419540,16.95000000,9.66000000,163.73700000,1665188404326,False,True
39419541,16.95000000,1.36000000,23.05200000,1665188417943,False,True
39419542,16.95000000,0.90000000,15.25500000,1665188418333,False,True
39419543,16.95000000,0.78000000,13.22100000,1665188426331,False,True
39419544,16.95000000,3.13000000,53.05350000,1665188426331,False,True
39419545,16.96000000,0.57000000,9.66720000,1665188437040,False,True
39419546,16.96000000,1.00000000,16.96000000,1665188437040,False,True
39419547,16.96000000,1.25000000,21.20000000,1665188437040,False,True
39419548,16.96000000,0.83000000,14.07680000,1665188437040,False,True
39419549,16.96000000,57.60000000,976.89600000,1665188437040,False,True
39419550,16.96000000,8.18000000,138.73280000,1665188437040,False,True
39419551,16.96000000,3.13000000,53.08480000,1665188437040,False,True
39419552,16.96000000,3.30000000,55.96800000,1665188437040,False,True
39419553,16.96000000,2.97000000,50.37120000,1665188437040,False,True
39419554,16.96000000,0.16000000,2.71360000,1665188444058,False,True
39419555,16.96000000,4.10000000,69.53600000,1665188444058,False,True
39419556,16.96000000,7.49000000,127.03040000,1665188444058,False,True
39419557,16.96000000,0.05000000,0.84800000,1665188444058,False,True
39419558,16.96000000,3.08000000,52.23680000,1665188444380,False,True
39419559,16.96000000,14.04000000,238.11840000,1665188444380,False,True
39419560,16.96000000,1.09000000,18.48640000,1665188445551,False,True
39419561,16.96000000,0.99000000,16.79040000,1665188445555,False,True
39419562,16.96000000,1.86000000,31.54560000,1665188445757,False,True
39419563,16.96000000,7.78000000,131.94880000,1665188447976,False,True
39419564,16.96000000,7.44000000,126.18240000,1665188447977,False,True
39419565,16.96000000,1.68000000,28.49280000,1665188448475,False,True
39419566,16.96000000,2.09000000,35.44640000,1665188448476,False,True
39419567,16.96000000,61.54000000,1043.71840000,1665188449261,False,True
39419568,16.96000000,4.01000000,68.00960000,1665188449575,False,True
39419569,16.96000000,3.48000000,59.02080000,1665188449579,False,True
39419570,16.96000000,0.51000000,8.64960000,1665188449579,False,True
39419571,16.96000000,6.98000000,118.38080000,1665188449633,False,True
39419572,16.96000000,2.99000000,50.71040000,1665188449641,False,True
39419573,16.96000000,4.50000000,76.32000000,1665188449657,False,True
39419574,16.96000000,2.99000000,50.71040000,1665188449663,False,True
39419575,16.96000000,4.50000000,76.32000000,1665188449668,False,True
39419576,16.96000000,2.99000000,50.71040000,1665188449680,False,True
39419577,16.96000000,4.50000000,76.32000000,1665188449688,False,True
39419578,16.96000000,2.26000000,38.32960000,1665188449753,False,True
39419579,16.96000000,5.23000000,88.70080000,1665188449764,False,True
39419580,16.96000000,2.26000000,38.32960000,1665188449764,False,True
39419581,16.96000000,5.23000000,88.70080000,1665188449813,False,True
39419582,16.96000000,0.66000000,11.19360000,1665188449813,False,True
39419583,16.96000000,5.89000000,99.89440000,1665188449814,False,True
39419584,16.96000000,0.94000000,15.94240000,1665188449815,False,True
39419585,16.96000000,4.95000000,83.95200000,1665188449815,False,True
39419586,16.96000000,2.45000000,41.55200000,1665188449832,False,True
39419587,16.97000000,0.94000000,15.95180000,1665188450458,False,True
39419588,16.97000000,1.04000000,17.64880000,1665188450458,False,True
39419589,16.97000000,0.69000000,11.70930000,1665188450458,False,True
39419590,16.97000000,1.18000000,20.02460000,1665188450458,False,True
39419591,16.97000000,2.16000000,36.65520000,1665188450458,False,True
39419592,16.97000000,1.19000000,20.19430000,1665188450458,False,True
39419593,16.97000000,1.45000000,24.60650000,1665188450458,False,True
39419594,16.97000000,1.68000000,28.50960000,1665188450458,False,True
39419595,16.97000000,1.79000000,30.37630000,1665188450458,False,True
39419596,16.97000000,4.64000000,78.74080000,1665188450458,False,True
39419597,16.97000000,0.81000000,13.74570000,1665188450508,False,True
39419598,16.97000000,2.94000000,49.89180000,1665188453434,False,True
39419599,16.97000000,10.93000000,185.48210000,1665188453434,False,True
39419600,16.97000000,3.25000000,55.15250000,1665188453434,False,True
39419601,16.96000000,0.83000000,14.07680000,1665188458658,True,True
39419602,16.96000000,1.01000000,17.12960000,1665188459408,True,True
39419603,16.96000000,1.01000000,17.12960000,1665188460012,True,True
39419604,16.96000000,1.01000000,17.12960000,1665188460645,True,True
39419605,16.96000000,0.52000000,8.81920000,1665188461529,True,True
39419606,16.96000000,0.49000000,8.31040000,1665188461529,True,True
39419607,16.96000000,1.01000000,17.12960000,1665188462143,True,True
39419608,16.97000000,3.30000000,56.00100000,1665188626039,False,True
39419609,16.97000000,6.49000000,110.13530000,1665188626039,False,True
39419610,16.97000000,7.48000000,126.93560000,1665188626039,False,True
39419611,16.97000000,14.54000000,246.74380000,1665188626039,False,True
39419612,16.97000000,7.38000000,125.23860000,1665188631255,False,True
39419613,16.97000000,2.26000000,38.35220000,1665188633862,False,True
39419614,16.97000000,7.48000000,126.93560000,1665188649472,False,True
39419615,16.97000000,1.67000000,28.33990000,1665188649472,False,True
39419616,16.97000000,11.21000000,190.23370000,1665188649480,False,True
39419617,16.97000000,1.63000000,27.66110000,1665188649511,False,True
39419618,16.97000000,5.85000000,99.27450000,1665188649573,False,True
39419619,16.97000000,0.04000000,0.67880000,1665188649573,False,True
39419620,16.97000000,5.89000000,99.95330000,1665188649577,False,True
39419621,16.97000000,1.55000000,26.30350000,1665188649581,False,True
39419622,16.97000000,4.34000000,73.64980000,1665188649581,False,True
39419623,16.97000000,1.59000000,26.98230000,1665188649674,False,True
39419624,16.97000000,1.55000000,26.30350000,1665188649684,False,True
39419625,16.97000000,5.89000000,99.95330000,1665188649761,False,True
39419626,16.97000000,1.59000000,26.98230000,1665188649768,False,True
39419627,16.97000000,4.30000000,72.97100000,1665188649768,False,True
39419628,16.97000000,3.18000000,53.96460000,1665188649776,False,True
39419629,16.97000000,2.71000000,45.98870000,1665188649776,False,True
39419630,16.97000000,4.77000000,80.94690000,1665188649781,False,True
39419631,16.97000000,1.12000000,19.00640000,1665188649781,False,True
39419632,16.97000000,6.36000000,107.92920000,1665188649788,False,True
39419633,16.97000000,1.12000000,19.00640000,1665188649788,False,True
39419634,16.97000000,6.35000000,107.75950000,1665188649940,False,True
39419635,16.98000000,1.30000000,22.07400000,1665188650065,False,True
39419636,16.98000000,0.78000000,13.24440000,1665188650065,False,True
39419637,16.98000000,1.04000000,17.65920000,1665188650065,False,True
39419638,16.98000000,0.63000000,10.69740000,1665188650065,False,True
39419639,16.98000000,0.63000000,10.69740000,1665188650065,False,True
39419640,16.98000000,1.51000000,25.63980000,1665188650065,False,True
39419641,16.98000000,1.87000000,31.75260000,1665188650065,False,True
39419642,16.98000000,0.69000000,11.71620000,1665188650065,False,True
39419643,16.98000000,0.89000000,15.11220000,1665188650065,False,True
39419644,16.98000000,9.27000000,157.40460000,1665188650065,False,True
39419645,16.98000000,12.35000000,209.70300000,1665188650340,False,True
39419646,16.98000000,45.12000000,766.13760000,1665188658636,False,True
39419647,16.98000000,1.79000000,30.39420000,1665188658636,False,True
39419648,16.98000000,2.94000000,49.92120000,1665188658636,False,True
39419649,16.98000000,15.81000000,268.45380000,1665188658636,False,True
39419650,16.98000000,3.30000000,56.03400000,1665188658636,False,True
39419651,16.98000000,1.46000000,24.79080000,1665188658636,False,True
39419652,16.98000000,7.48000000,127.01040000,1665188658636,False,True
39419653,16.98000000,1.11000000,18.84780000,1665188658636,False,True
39419654,16.98000000,7.48000000,127.01040000,1665188658648,False,True
39419655,16.98000000,7.48000000,127.01040000,1665188658648,False,True
39419656,16.98000000,7.48000000,127.01040000,1665188658648,False,True
39419657,16.98000000,7.48000000,127.01040000,1665188658648,False,True
39419658,16.98000000,7.48000000,127.01040000,1665188658648,False,True
39419659,16.98000000,7.48000000,127.01040000,1665188658648,False,True
39419660,16.98000000,7.48000000,127.01040000,1665188658648,False,True
39419661,16.98000000,7.48000000,127.01040000,1665188658648,False,True
39419662,16.98000000,7.42000000,125.99160000,1665188658648,False,True
39419663,16.99000000,0.96000000,16.31040000,1665188658662,False,True
39419664,16.99000000,1.04000000,17.66960000,1665188658662,False,True
39419665,16.99000000,0.94000000,15.97060000,1665188658662,False,True
39419666,16.99000000,2.91000000,49.44090000,1665188658662,False,True
39419667,16.99000000,1.21000000,20.55790000,1665188658662,False,True
39419668,16.99000000,0.71000000,12.06290000,1665188658662,False,True
39419669,16.99000000,1.18000000,20.04820000,1665188658662,False,True
39419670,16.99000000,9.27000000,157.49730000,1665188658662,False,True
39419671,16.99000000,14.54000000,247.03460000,1665188658662,False,True
39419672,16.99000000,1.48000000,25.14520000,1665188682187,False,True
39419673,16.98000000,6.56000000,111.38880000,1665188683834,True,True
39419674,16.98000000,1.01000000,17.14980000,1665188683859,True,True
39419675,16.98000000,13.52000000,229.56960000,1665188684022,True,True
39419676,16.98000000,16.90000000,286.96200000,1665188684022,True,True
39419677,16.98000000,1.01000000,17.14980000,1665188684299,False,True
39419678,16.98000000,67.22000000,1141.39560000,1665188691135,False,True
39419679,16.98000000,9.32000000,158.25360000,1665188691173,True,True
39419680,16.98000000,30.26000000,513.81480000,1665188692729,True,True
39419681,16.98000000,7.84000000,133.12320000,1665188700067,True,True
39419682,16.98000000,68.72000000,1166.86560000,1665188707274,True,True
39419683,16.98000000,37.72000000,640.48560000,1665188716193,True,True
39419684,16.98000000,16.41000000,278.64180000,1665188718411,True,True
39419685,16.99000000,1.69000000,28.71310000,1665188718612,False,True
39419686,16.98000000,16.31000000,276.94380000,1665188719162,True,True
39419687,16.98000000,28.31000000,480.70380000,1665188726734,True,True
39419688,16.98000000,2.10000000,35.65800000,1665188726797,True,True
39419689,16.97000000,63.89000000,1084.21330000,1665188750312,True,True
39419690,16.98000000,0.90000000,15.28200000,1665188756040,False,True
39419691,16.98000000,1.36000000,23.09280000,1665188756510,False,True
39419692,16.98000000,2.26000000,38.37480000,1665188785278,False,True
39419693,16.98000000,1.57000000,26.65860000,1665188812275,False,True
39419694,16.98000000,14.23000000,241.62540000,1665188838451,False,True
39419695,16.98000000,23.00000000,390.54000000,1665188838451,False,True
39419696,16.97000000,0.94000000,15.95180000,1665188883461,True,True
39419697,16.97000000,21.31000000,361.63070000,1665188883461,True,True
39419698,16.97000000,18.14000000,307.83580000,1665188883461,True,True
39419699,16.97000000,16.90000000,286.79300000,1665188883461,True,True
39419700,16.97000000,26.71000000,453.26870000,1665188883461,True,True
39419701,16.97000000,5.80000000,98.42600000,1665188883479,True,True
39419702,16.97000000,10.40000000,176.48800000,1665188883479,True,True
39419703,16.97000000,11.50000000,195.15500000,1665188883479,True,True
39419704,16.97000000,14.80000000,251.15600000,1665188883479,True,True
39419705,16.97000000,5.80000000,98.42600000,1665188883479,True,True
39419706,16.97000000,5.50000000,93.33500000,1665188883479,True,True
39419707,16.97000000,34.84000000,591.23480000,1665188883479,True,True
39419708,16.97000000,57.16000000,970.00520000,1665188883480,True,True
39419709,16.97000000,11.70000000,198.54900000,1665188883480,True,True
39419710,16.96000000,7.51000000,127.36960000,1665188893424,True,True
39419711,16.96000000,3.30000000,55.96800000,1665188893424,True,True
39419712,16.96000000,1.46000000,24.76160000,1665188893424,True,True
39419713,16.96000000,1.18000000,20.01280000,1665188894946,False,True
39419714,16.96000000,54.45000000,923.47200000,1665188907576,False,True
39419715,16.96000000,17.89000000,303.41440000,1665188907576,False,True
39419716,16.96000000,12.75000000,216.24000000,1665188907576,False,True
39419717,16.96000000,6.05000000,102.60800000,1665188907589,False,True
39419718,16.96000000,14.40000000,244.22400000,1665188907589,False,True
39419719,16.96000000,0.29000000,4.91840000,1665188907600,False,True
39419720,16.97000000,16.22000000,275.25340000,1665188911642,False,True
39419721,16.96000000,11.89000000,201.65440000,1665188939023,True,True
39419722,16.96000000,47.89000000,812.21440000,1665189009303,True,True
39419723,16.96000000,4.49000000,76.15040000,1665189015375,True,True
39419724,16.96000000,3.80000000,64.44800000,1665189015464,True,True
39419725,16.96000000,2.26000000,38.32960000,1665189018934,True,True
39419726,16.96000000,2.26000000,38.32960000,1665189025884,True,True
39419727,16.96000000,2.26000000,38.32960000,1665189031573,True,True
39419728,16.96000000,33.29000000,564.59840000,1665189032187,True,True
39419729,16.96000000,21.16000000,358.87360000,1665189032187,True,True
39419730,16.96000000,0.51000000,8.64960000,1665189033436,True,True
39419731,16.96000000,10.40000000,176.38400000,1665189033436,True,True
39419732,16.96000000,3.00000000,50.88000000,1665189033436,True,True
39419733,16.97000000,10.00000000,169.70000000,1665189035817,False,True
39419734,16.96000000,11.80000000,200.12800000,1665189044310,True,True
39419735,16.96000000,5.80000000,98.36800000,1665189044310,True,True
39419736,16.96000000,2.70000000,45.79200000,1665189044310,True,True
39419737,16.96000000,41.97000000,711.81120000,1665189044310,True,True
39419738,16.95000000,3.13000000,53.05350000,1665189071333,True,True
39419739,16.95000000,0.94000000,15.93300000,1665189071333,True,True
39419740,16.95000000,56.22000000,952.92900000,1665189071333,True,True
39419741,16.95000000,3.90000000,66.10500000,1665189071726,True,True
39419742,16.95000000,3.38000000,57.29100000,1665189071730,True,True
39419743,16.95000000,67.22000000,1139.37900000,1665189071906,True,True
39419744,16.95000000,89.13000000,1510.75350000,1665189072103,True,True
39419745,16.95000000,40.12000000,680.03400000,1665189072470,True,True
39419746,16.95000000,125.32000000,2124.17400000,1665189072524,True,True
39419747,16.95000000,100.76000000,1707.88200000,1665189072524,True,True
39419748,16.95000000,20.00000000,339.00000000,1665189072534,True,True
39419749,16.95000000,83.33000000,1412.44350000,1665189072594,True,True
39419750,16.95000000,1.04000000,17.62800000,1665189072594,True,True
39419751,16.95000000,3.30000000,55.93500000,1665189072594,True,True
39419752,16.95000000,1.46000000,24.74700000,1665189072594,True,True
39419753,16.94000000,11.93000000,202.09420000,1665189079139,True,True
39419754,16.94000000,1.04000000,17.61760000,1665189096670,True,True
39419755,16.94000000,5.40000000,91.47600000,1665189096670,True,True
39419756,16.94000000,10.40000000,176.17600000,1665189096670,True,True
39419757,16.94000000,5.80000000,98.25200000,1665189096670,True,True
39419758,16.94000000,3.30000000,55.90200000,1665189096670,True,True
39419759,16.94000000,1.46000000,24.73240000,1665189096670,True,True
39419760,16.94000000,14.80000000,250.71200000,1665189096670,True,True
39419761,16.94000000,2.26000000,38.28440000,1665189107629,False,True
39419762,16.94000000,10.48000000,177.53120000,1665189161253,False,True
39419763,16.93000000,1.00000000,16.93000000,1665189171886,True,True
39419764,16.93000000,0.94000000,15.91420000,1665189171886,True,True
39419765,16.93000000,0.70000000,11.85100000,1665189171886,True,True
39419766,16.93000000,1.04000000,17.60720000,1665189171886,True,True
39419767,16.93000000,37.82000000,640.29260000,1665189171886,True,True
39419768,16.94000000,39.21000000,664.21740000,1665189172279,False,True
39419769,16.94000000,1.56000000,26.42640000,1665189210487,False,True
39419770,16.94000000,40.04000000,678.27760000,1665189219582,False,True
39419771,16.94000000,7.26000000,122.98440000,1665189228167,False,True
39419772,16.94000000,0.97000000,16.43180000,1665189228167,False,True
39419773,16.94000000,0.86000000,14.56840000,1665189228167,False,True
39419774,16.94000000,3.13000000,53.02220000,1665189228167,False,True
39419775,16.94000000,2.70000000,45.73800000,1665189228167,False,True
39419776,16.94000000,0.84000000,14.22960000,1665189233737,True,True
39419777,16.94000000,0.84000000,14.22960000,1665189233738,True,True
39419778,16.94000000,0.84000000,14.22960000,1665189233741,True,True
39419779,16.94000000,0.84000000,14.22960000,1665189233742,True,True
39419780,16.94000000,0.84000000,14.22960000,1665189233742,True,True
39419781,16.94000000,0.84000000,14.22960000,1665189233743,True,True
39419782,16.94000000,88.51000000,1499.35940000,1665189233788,True,True
39419783,16.94000000,2.94000000,49.80360000,1665189314136,False,True
39419784,16.94000000,13.98000000,236.82120000,1665189314200,False,True
39419785,16.94000000,1.77000000,29.98380000,1665189314861,False,True
39419786,16.94000000,1.12000000,18.97280000,1665189315254,False,True
39419787,16.94000000,1.14000000,19.31160000,1665189315313,False,True
39419788,16.94000000,1.37000000,23.20780000,1665189316582,False,True
39419789,16.94000000,85.82000000,1453.79080000,1665189316595,False,True
39419790,16.94000000,2.69000000,45.56860000,1665189316595,False,True
39419791,16.94000000,2.38000000,40.31720000,1665189357310,True,True
39419792,16.94000000,2.38000000,40.31720000,1665189357310,True,True
39419793,16.94000000,2.38000000,40.31720000,1665189357310,True,True
39419794,16.94000000,1.46000000,24.73240000,1665189357325,True,True
39419795,16.94000000,1.46000000,24.73240000,1665189357325,True,True
39419796,16.94000000,1.46000000,24.73240000,1665189357327,True,True
39419797,16.94000000,1.46000000,24.73240000,1665189357328,True,True
39419798,16.94000000,1.46000000,24.73240000,1665189357328,True,True
39419799,16.94000000,2.70000000,45.73800000,1665189391461,True,True
39419800,16.94000000,5.80000000,98.25200000,1665189391461,True,True
39419801,16.94000000,3.41000000,57.76540000,1665189391461,True,True
39419802,16.94000000,2.26000000,38.28440000,1665189392803,True,True
39419803,16.94000000,102.47000000,1735.84180000,1665189602760,True,True
39419804,16.94000000,1.00000000,16.94000000,1665189602760,True,True
39419805,16.94000000,1.00000000,16.94000000,1665189602760,True,True
39419806,16.94000000,42.34000000,717.23960000,1665189602760,True,True
39419807,16.93000000,12.18000000,206.20740000,1665189602760,True,True
39419808,16.93000000,1.30000000,22.00900000,1665189602760,True,True
39419809,16.93000000,72.73000000,1231.31890000,1665189602760,True,True
39419810,16.93000000,10.39000000,175.90270000,1665189602760,True,True
39419811,16.93000000,44.77000000,757.95610000,1665189602760,True,True
39419812,16.95000000,0.58000000,9.83100000,1665189619547,False,True
39419813,16.94000000,25.59000000,433.49460000,1665189666094,False,True
39419814,16.94000000,0.77000000,13.04380000,1665189666094,False,True
39419815,16.94000000,12.76000000,216.15440000,1665189667863,False,True
39419816,16.94000000,38.59000000,653.71460000,1665189667867,False,True
39419817,16.94000000,8.84000000,149.74960000,1665189667873,False,True
39419818,16.94000000,7.57000000,128.23580000,1665189668573,False,True
39419819,16.94000000,13.27000000,224.79380000,1665189668582,False,True
39419820,16.94000000,8.50000000,143.99000000,1665189714690,True,True
39419821,16.94000000,5.57000000,94.35580000,1665189715354,True,True
39419822,16.95000000,1.17000000,19.83150000,1665189746286,False,True
39419823,16.94000000,16.19000000,274.25860000,1665189747636,True,True
39419824,16.94000000,2.93000000,49.63420000,1665189747841,True,True
39419825,16.94000000,5.90000000,99.94600000,1665189807460,True,True
39419826,16.94000000,2.26000000,38.28440000,1665189810902,True,True
39419827,16.94000000,2.26000000,38.28440000,1665189820044,True,True
39419828,16.94000000,2.22000000,37.60680000,1665189825955,True,True
39419829,16.94000000,35.97000000,609.33180000,1665189829391,True,True
39419830,16.94000000,2.26000000,38.28440000,1665189829783,True,True
39419831,16.94000000,1.70000000,28.79800000,1665189833308,True,True
39419832,16.94000000,5.35000000,90.62900000,1665189861434,True,True
39419833,16.93000000,2.26000000,38.26180000,1665189913640,True,True
39419834,16.93000000,2.26000000,38.26180000,1665189913745,True,True
39419835,16.94000000,2.79000000,47.26260000,1665190031735,False,True
39419836,16.93000000,2.71000000,45.88030000,1665190113328,True,True
39419837,16.93000000,0.73000000,12.35890000,1665190113328,True,True
39419838,16.94000000,11.91000000,201.75540000,1665190117137,False,True
39419839,16.94000000,2.61000000,44.21340000,1665190174211,False,True
39419840,16.94000000,20.76000000,351.67440000,1665190174420,False,True
39419841,16.94000000,20.00000000,338.80000000,1665190174421,False,True
39419842,16.94000000,10.69000000,181.08860000,1665190174429,False,True
39419843,16.94000000,9.45000000,160.08300000,1665190174431,False,True
39419844,16.94000000,6.87000000,116.37780000,1665190174434,False,True
39419845,16.94000000,12.83000000,217.34020000,1665190174435,False,True
39419846,16.94000000,9.51000000,161.09940000,1665190174437,False,True
39419847,16.94000000,7.74000000,131.11560000,1665190174444,False,True
39419848,16.94000000,4.33000000,73.35020000,1665190174450,False,True
39419849,16.94000000,6.50000000,110.11000000,1665190174450,False,True
39419850,16.94000000,1.61000000,27.27340000,1665190180415,True,True
39419851,16.94000000,11.81000000,200.06140000,1665190267399,True,True
39419852,16.94000000,119.40000000,2022.63600000,1665190451733,True,True
39419853,16.94000000,5.80000000,98.25200000,1665190451733,True,True
39419854,16.94000000,10.40000000,176.17600000,1665190451733,True,True
39419855,16.94000000,47.52000000,804.98880000,1665190451733,True,True
39419856,16.94000000,50.55000000,856.31700000,1665190451733,True,True
39419857,16.94000000,5.50000000,93.17000000,1665190451733,True,True
39419858,16.94000000,11.50000000,194.81000000,1665190451733,True,True
39419859,16.94000000,5.80000000,98.25200000,1665190451733,True,True
39419860,16.94000000,66.14000000,1120.41160000,1665190451733,True,True
39419861,16.94000000,78.98000000,1337.92120000,1665190451733,True,True
39419862,16.94000000,16.05000000,271.88700000,1665190451733,True,True
39419863,16.94000000,1.30000000,22.02200000,1665190451733,True,True
39419864,16.94000000,9.54000000,161.60760000,1665190451759,False,True
39419865,16.94000000,6.86000000,116.20840000,1665190451787,False,True
39419866,16.94000000,10.03000000,169.90820000,1665190451956,False,True
39419867,16.94000000,11.80000000,199.89200000,1665190451988,False,True
39419868,16.94000000,4.45000000,75.38300000,1665190452020,False,True
39419869,16.94000000,11.80000000,199.89200000,1665190452047,False,True
39419870,16.94000000,4.45000000,75.38300000,1665190452074,False,True
39419871,16.94000000,11.80000000,199.89200000,1665190452106,False,True
39419872,16.94000000,15.79000000,267.48260000,1665190452131,False,True
39419873,16.94000000,11.80000000,199.89200000,1665190452195,False,True
39419874,16.94000000,3.90000000,66.06600000,1665190452226,False,True
39419875,16.95000000,0.94000000,15.93300000,1665190533549,False,True
39419876,16.95000000,0.23000000,3.89850000,1665190533549,False,True
39419877,16.95000000,1.02000000,17.28900000,1665190543629,False,True
39419878,16.94000000,2.87000000,48.61780000,1665190663163,True,True
39419879,16.95000000,7.36000000,124.75200000,1665190668353,False,True
39419880,16.95000000,2.95000000,50.00250000,1665190668353,False,True
39419881,16.94000000,1.00000000,16.94000000,1665190681115,True,True
39419882,16.94000000,1.00000000,16.94000000,1665190708572,True,True
39419883,16.95000000,25.98000000,440.36100000,1665190803434,False,True
39419884,16.95000000,1.61000000,27.28950000,1665190803438,False,True
39419885,16.95000000,1.85000000,31.35750000,1665190803442,False,True
39419886,16.95000000,25.14000000,426.12300000,1665190803452,False,True
39419887,16.96000000,11.31000000,191.81760000,1665190803474,False,True
39419888,16.96000000,55.16000000,935.51360000,1665190803474,False,True
39419889,16.96000000,49.52000000,839.85920000,1665190803501,False,True
39419890,16.96000000,24.81000000,420.77760000,1665190810581,False,True
39419891,16.96000000,22.94000000,389.06240000,1665190810581,False,True
39419892,16.96000000,1.80000000,30.52800000,1665190885413,False,True
39419893,16.96000000,4.52000000,76.65920000,1665190885886,False,True
39419894,16.96000000,0.60000000,10.17600000,1665190888470,False,True
39419895,16.95000000,43.16000000,731.56200000,1665190907054,True,True
39419896,16.95000000,35.39000000,599.86050000,1665190907084,True,True
39419897,16.95000000,5.21000000,88.30950000,1665190907084,True,True
39419898,16.95000000,11.50000000,194.92500000,1665190907084,True,True
39419899,16.95000000,5.80000000,98.31000000,1665190907084,True,True
39419900,16.95000000,5.80000000,98.31000000,1665190907084,True,True
39419901,16.95000000,3.33000000,56.44350000,1665190907084,True,True
39419902,16.95000000,2.17000000,36.78150000,1665190907096,True,True
39419903,16.94000000,4.42000000,74.87480000,1665190964044,True,True
39419904,16.94000000,23.39000000,396.22660000,1665190964044,True,True
39419905,16.94000000,12.18000000,206.32920000,1665190964044,True,True
39419906,16.94000000,11.47000000,194.30180000,1665190964044,True,True
39419907,16.94000000,29.55000000,500.57700000,1665191054112,True,True
39419908,16.94000000,3.45000000,58.44300000,1665191054112,True,True
39419909,16.94000000,2.35000000,39.80900000,1665191060274,True,True
39419910,16.94000000,11.50000000,194.81000000,1665191060274,True,True
39419911,16.94000000,5.80000000,98.25200000,1665191060274,True,True
39419912,16.94000000,17.63000000,298.65220000,1665191060274,True,True
39419913,16.94000000,51.09000000,865.46460000,1665191060274,True,True
39419914,16.94000000,41.47000000,702.50180000,1665191095351,False,True
39419915,16.93000000,4.13000000,69.92090000,1665191150666,True,True
39419916,16.93000000,2.95000000,49.94350000,1665191150666,True,True
39419917,16.93000000,27.89000000,472.17770000,1665191150666,True,True
39419918,16.93000000,0.94000000,15.91420000,1665191150666,True,True
39419919,16.93000000,3.30000000,55.86900000,1665191150666,True,True
39419920,16.93000000,5.50000000,93.11500000,1665191150666,True,True
39419921,16.93000000,1.46000000,24.71780000,1665191150666,True,True
39419922,16.93000000,5.88000000,99.54840000,1665191159738,False,True
39419923,16.93000000,15.14000000,256.32020000,1665191168797,False,True
39419924,16.93000000,68.20000000,1154.62600000,1665191169744,False,True
39419925,16.93000000,2.26000000,38.26180000,1665191170729,False,True
39419926,16.93000000,6.47000000,109.53710000,1665191209340,False,True
39419927,16.93000000,12.93000000,218.90490000,1665191209340,False,True
39419928,16.93000000,2.26000000,38.26180000,1665191209834,False,True
39419929,16.92000000,0.94000000,15.90480000,1665191219178,True,True
39419930,16.92000000,1.04000000,17.59680000,1665191219178,True,True
39419931,16.92000000,0.69000000,11.67480000,1665191219178,True,True
39419932,16.92000000,0.69000000,11.67480000,1665191219178,True,True
39419933,16.92000000,0.71000000,12.01320000,1665191219178,True,True
39419934,16.92000000,10.32000000,174.61440000,1665191219178,True,True
39419935,16.92000000,15.57000000,263.44440000,1665191219178,True,True
39419936,16.92000000,5.65000000,95.59800000,1665191219179,True,True
39419937,16.92000000,1.46000000,24.70320000,1665191219179,True,True
39419938,16.92000000,8.88000000,150.24960000,1665191219246,False,True
39419939,16.92000000,5.44000000,92.04480000,1665191220050,False,True
39419940,16.92000000,4.56000000,77.15520000,1665191220517,True,True
39419941,16.92000000,4.56000000,77.15520000,1665191220519,True,True
39419942,16.92000000,5.08000000,85.95360000,1665191220519,True,True
39419943,16.92000000,5.08000000,85.95360000,1665191220519,True,True
39419944,16.92000000,0.63000000,10.65960000,1665191223175,True,True
39419945,16.92000000,1.77000000,29.94840000,1665191258501,True,True
39419946,16.92000000,8.61000000,145.68120000,1665191259171,True,True
39419947,16.92000000,7.49000000,126.73080000,1665191259749,True,True
39419948,16.92000000,6.42000000,108.62640000,1665191261228,True,True
39419949,16.93000000,2.70000000,45.71100000,1665191433933,False,True
39419950,16.93000000,24.55000000,415.63150000,1665191433933,False,True
39419951,16.92000000,7.31000000,123.68520000,1665191440966,True,True
39419952,16.92000000,3.21000000,54.31320000,1665191441359,True,True
39419953,16.92000000,37.52000000,634.83840000,1665191467310,False,True
39419954,16.92000000,7.28000000,123.17760000,1665191467313,False,True
39419955,16.92000000,10.04000000,169.87680000,1665191467313,False,True
39419956,16.92000000,10.31000000,174.44520000,1665191467314,False,True
39419957,16.92000000,6.18000000,104.56560000,1665191467314,False,True
39419958,16.92000000,9.69000000,163.95480000,1665191467316,False,True
39419959,16.92000000,7.78000000,131.63760000,1665191467317,False,True
39419960,16.92000000,11.17000000,188.99640000,1665191467319,False,True
39419961,16.92000000,25.39000000,429.59880000,1665191485161,True,True
39419962,16.92000000,5.80000000,98.13600000,1665191485188,True,True
39419963,16.92000000,11.50000000,194.58000000,1665191485188,True,True
39419964,16.92000000,5.50000000,93.06000000,1665191485188,True,True
39419965,16.92000000,5.80000000,98.13600000,1665191485188,True,True
39419966,16.92000000,9.34000000,158.03280000,1665191485221,False,True
39419967,16.92000000,0.60000000,10.15200000,1665191492952,False,True
39419968,16.92000000,7.38000000,124.86960000,1665191521587,False,True
39419969,16.92000000,18.01000000,304.72920000,1665191521593,False,True
39419970,16.92000000,20.00000000,338.40000000,1665191521593,False,True
39419971,16.92000000,14.44000000,244.32480000,1665191521593,False,True
39419972,16.93000000,25.62000000,433.74660000,1665191521596,False,True
39419973,16.93000000,11.44000000,193.67920000,1665191521612,False,True
39419974,16.93000000,10.69000000,180.98170000,1665191521613,False,True
39419975,16.93000000,17.50000000,296.27500000,1665191521767,False,True
39419976,16.93000000,92.00000000,1557.56000000,1665191521767,False,True
39419977,16.93000000,7.23000000,122.40390000,1665191521767,False,True
39419978,16.93000000,0.94000000,15.91420000,1665191521767,False,True
39419979,16.93000000,1.20000000,20.31600000,1665191521767,False,True
39419980,16.93000000,15.28000000,258.69040000,1665191521767,False,True
39419981,16.93000000,24.24000000,410.38320000,1665191521767,False,True
39419982,16.93000000,59.08000000,1000.22440000,1665191521767,False,True
39419983,16.93000000,26.00000000,440.18000000,1665191521767,False,True
39419984,16.93000000,82.56000000,1397.74080000,1665191521767,False,True
39419985,16.93000000,20.00000000,338.60000000,1665191521767,False,True
39419986,16.93000000,121.27000000,2053.10110000,1665191521767,False,True
39419987,16.93000000,52.36000000,886.45480000,1665191521800,False,True
39419988,16.93000000,11.67000000,197.57310000,1665191521800,False,True
39419989,16.93000000,5.80000000,98.19400000,1665191521937,False,True
39419990,16.93000000,5.80000000,98.19400000,1665191611252,True,True
39419991,16.93000000,6.15000000,104.11950000,1665191611252,True,True
39419992,16.93000000,12.52000000,211.96360000,1665191611252,True,True
39419993,16.93000000,32.95000000,557.84350000,1665191611255,True,True
39419994,16.92000000,14.98000000,253.46160000,1665191611345,True,True
39419995,16.94000000,0.88000000,14.90720000,1665191737723,False,True
39419996,16.93000000,4.90000000,82.95700000,1665191750412,False,True
39419997,16.93000000,0.60000000,10.15800000,1665191776449,False,True
39419998,16.93000000,5.90000000,99.88700000,1665191975505,False,True
39419999,16.92000000,1.23000000,20.81160000,1665192119300,True,True
39420000,16.93000000,1.00000000,16.93000000,1665192184829,False,True
39420001,16.93000000,0.32000000,5.41760000,1665192190494,False,True
39420002,16.93000000,1.94000000,32.84420000,1665192190494,False,True
39420003,16.93000000,2.26000000,38.26180000,1665192225566,False,True
39420004,16.93000000,0.16000000,2.70880000,1665192227777,False,True
39420005,16.93000000,15.59000000,263.93870000,1665192227777,False,True
39420006,16.94000000,0.88000000,14.90720000,1665192230018,False,True
39420007,16.94000000,0.76000000,12.87440000,1665192230023,False,True
39420008,16.94000000,19.72000000,334.05680000,1665192259547,False,True
39420009,16.94000000,0.28000000,4.74320000,1665192329770,False,True
39420010,16.94000000,1.00000000,16.94000000,1665192329770,False,True
39420011,16.95000000,1.02000000,17.28900000,1665192404003,False,True
39420012,16.94000000,5.80000000,98.25200000,1665192659987,True,True
39420013,16.94000000,16.38000000,277.47720000,1665192659987,True,True
39420014,16.94000000,2.06000000,34.89640000,1665192659987,True,True
39420015,16.94000000,2.26000000,38.28440000,1665192857213,False,True
39420016,16.94000000,0.94000000,15.92360000,1665192875868,False,True
39420017,16.94000000,1.32000000,22.36080000,1665192875868,False,True
39420018,16.94000000,9.21000000,156.01740000,1665192924700,False,True
39420019,16.94000000,56.12000000,950.67280000,1665192924703,False,True
39420020,16.94000000,1000.00000000,16940.00000000,1665192924703,False,True
39420021,16.94000000,10.02000000,169.73880000,1665192924706,False,True
39420022,16.94000000,163.33000000,2766.81020000,1665192924710,False,True
39420023,16.94000000,5.90000000,99.94600000,1665192924710,False,True
39420024,16.94000000,3.10000000,52.51400000,1665192924710,False,True
39420025,16.94000000,87.67000000,1485.12980000,1665192924710,False,True
39420026,16.95000000,0.94000000,15.93300000,1665192924723,False,True
39420027,16.95000000,2.95000000,50.00250000,1665192924723,False,True
39420028,16.95000000,20.00000000,339.00000000,1665192924723,False,True
39420029,16.95000000,3.30000000,55.93500000,1665192924723,False,True
39420030,16.95000000,3.21000000,54.40950000,1665192924723,False,True
39420031,16.95000000,14.21000000,240.85950000,1665192924789,False,True
39420032,16.95000000,12.97000000,219.84150000,1665192924880,False,True
39420033,16.95000000,3.73000000,63.22350000,1665192925197,False,True
39420034,16.95000000,2.70000000,45.76500000,1665192925205,False,True
39420035,16.95000000,59.00000000,1000.05000000,1665192925684,False,True
39420036,16.95000000,1.04000000,17.62800000,1665192925703,False,True
39420037,16.95000000,0.87000000,14.74650000,1665192925707,False,True
39420038,16.95000000,1.42000000,24.06900000,1665192935073,False,True
39420039,16.95000000,1.89000000,32.03550000,1665192935093,False,True
39420040,16.95000000,0.28000000,4.74600000,1665192935093,False,True
39420041,16.95000000,1.18000000,20.00100000,1665192935118,False,True
39420042,16.96000000,0.62000000,10.51520000,1665192935202,False,True
39420043,16.96000000,5.90000000,100.06400000,1665192950337,False,True
39420044,16.95000000,2.55000000,43.22250000,1665193055005,True,True
39420045,16.95000000,42.06000000,712.91700000,1665193100767,True,True
39420046,16.95000000,3.99000000,67.63050000,1665193100793,True,True
39420047,16.95000000,3.99000000,67.63050000,1665193100794,True,True
39420048,16.95000000,12.08000000,204.75600000,1665193101062,True,True
39420049,16.95000000,1.04000000,17.62800000,1665193101417,True,True
39420050,16.95000000,62.50000000,1059.37500000,1665193102110,True,True
39420051,16.95000000,40.22000000,681.72900000,1665193103247,True,True
39420052,16.95000000,65.31000000,1107.00450000,1665193103801,True,True
39420053,16.95000000,42.84000000,726.13800000,1665193104345,True,True
39420054,16.95000000,23.24000000,393.91800000,1665193104345,True,True
39420055,16.95000000,10.98000000,186.11100000,1665193130747,True,True
39420056,16.95000000,2.94000000,49.83300000,1665193168100,True,True
39420057,16.95000000,1.00000000,16.95000000,1665193266016,True,True
39420058,16.96000000,1.04000000,17.63840000,1665193275381,False,True
39420059,16.96000000,20.00000000,339.20000000,1665193275381,False,True
39420060,16.96000000,3.30000000,55.96800000,1665193275381,False,True
39420061,16.96000000,2.94000000,49.86240000,1665193275381,False,True
39420062,16.96000000,2.20000000,37.31200000,1665193275381,False,True
39420063,16.96000000,2.00000000,33.92000000,1665193345062,False,True
39420064,16.96000000,12.38000000,209.96480000,1665193392254,False,True
39420065,16.96000000,6.97000000,118.21120000,1665193392254,False,True
39420066,16.96000000,3.05000000,51.72800000,1665193392255,False,True
39420067,16.97000000,0.62000000,10.52140000,1665193415103,False,True
39420068,16.97000000,0.94000000,15.95180000,1665193509325,False,True
39420069,16.97000000,1.04000000,17.64880000,1665193509325,False,True
39420070,16.97000000,0.69000000,11.70930000,1665193509325,False,True
39420071,16.97000000,5.31000000,90.11070000,1665193509325,False,True
39420072,16.97000000,14.69000000,249.28930000,1665193509415,False,True
39420073,16.97000000,7.41000000,125.74770000,1665193509415,False,True
39420074,16.97000000,3.30000000,56.00100000,1665193509415,False,True
39420075,16.97000000,10.83000000,183.78510000,1665193509415,False,True
39420076,16.97000000,1.45000000,24.60650000,1665193509415,False,True
39420077,16.97000000,7.41000000,125.74770000,1665193509556,False,True
39420078,16.97000000,10.17000000,172.58490000,1665193509556,False,True
39420079,16.97000000,7.41000000,125.74770000,1665193509589,False,True
39420080,16.97000000,7.41000000,125.74770000,1665193509599,False,True
39420081,16.97000000,10.26000000,174.11220000,1665193509599,False,True
39420082,16.97000000,7.41000000,125.74770000,1665193509644,False,True
39420083,16.97000000,7.41000000,125.74770000,1665193509710,False,True
39420084,16.97000000,7.41000000,125.74770000,1665193509728,False,True
39420085,16.97000000,7.41000000,125.74770000,1665193509739,False,True
39420086,16.97000000,7.41000000,125.74770000,1665193509755,False,True
39420087,16.97000000,7.38000000,125.23860000,1665193509766,False,True
39420088,16.97000000,6.06000000,102.83820000,1665193510625,True,True
39420089,16.98000000,0.62000000,10.52760000,1665193510739,False,True
39420090,16.97000000,35.35000000,599.88950000,1665193519896,True,True
39420091,16.97000000,5.50000000,93.33500000,1665193519896,True,True
39420092,16.97000000,5.80000000,98.42600000,1665193519896,True,True
39420093,16.97000000,5.80000000,98.42600000,1665193519896,True,True
39420094,16.97000000,11.50000000,195.15500000,1665193519896,True,True
39420095,16.97000000,23.53000000,399.30410000,1665193519896,True,True
39420096,16.97000000,9.60000000,162.91200000,1665193519995,False,True
39420097,16.97000000,11.78000000,199.90660000,1665193544226,False,True
39420098,16.97000000,2.94000000,49.89180000,1665193668456,False,True
39420099,16.97000000,1.18000000,20.02460000,1665193702256,False,True
39420100,16.97000000,1.53000000,25.96410000,1665193770372,False,True
39420101,16.96000000,6.82000000,115.66720000,1665193798659,True,True
39420102,16.96000000,6.35000000,107.69600000,1665193834887,True,True
39420103,16.97000000,0.64000000,10.86080000,1665193872206,False,True
39420104,16.96000000,2.26000000,38.32960000,1665193876839,True,True
39420105,16.96000000,0.62000000,10.51520000,1665193876894,True,True
39420106,16.96000000,49.11000000,832.90560000,1665193877181,True,True
39420107,16.96000000,33.58000000,569.51680000,1665193877181,True,True
39420108,16.96000000,3.64000000,61.73440000,1665193877181,True,True
39420109,16.96000000,5.80000000,98.36800000,1665193877181,True,True
39420110,16.96000000,47.17000000,800.00320000,1665193877181,True,True
39420111,16.95000000,8.37000000,141.87150000,1665193894900,True,True
39420112,16.96000000,61.53000000,1043.54880000,1665193902423,False,True
39420113,16.96000000,28.32000000,480.30720000,1665193914486,False,True
39420114,16.96000000,3.27000000,55.45920000,1665193998165,False,True
39420115,16.96000000,12.53000000,212.50880000,1665194183577,False,True
39420116,16.96000000,13.17000000,223.36320000,1665194183577,False,True
39420117,16.97000000,1.47000000,24.94590000,1665194233740,False,True
39420118,16.97000000,1.01000000,17.13970000,1665194264339,False,True
39420119,16.97000000,7.37000000,125.06890000,1665194311300,False,True
39420120,16.96000000,14.13000000,239.64480000,1665194370771,True,True
39420121,16.96000000,47.75000000,809.84000000,1665194404704,True,True
39420122,16.97000000,1.47000000,24.94590000,1665194429127,False,True
39420123,16.97000000,1.27000000,21.55190000,1665194431220,False,True
39420124,16.97000000,0.90000000,15.27300000,1665194480238,False,True
39420125,16.96000000,10.86000000,184.18560000,1665194648435,True,True
39420126,16.96000000,6.06000000,102.77760000,1665194648435,True,True
39420127,16.96000000,58.01000000,983.84960000,1665194728606,True,True
39420128,16.96000000,42.36000000,718.42560000,1665194728606,True,True
39420129,16.96000000,5.80000000,98.36800000,1665194728606,True,True
39420130,16.96000000,5.50000000,93.28000000,1665194728606,True,True
39420131,16.96000000,11.50000000,195.04000000,1665194728606,True,True
39420132,16.96000000,5.80000000,98.36800000,1665194728606,True,True
39420133,16.96000000,21.77000000,369.21920000,1665194728606,True,True
39420134,16.96000000,29.93000000,507.61280000,1665194728606,True,True
39420135,16.96000000,18.07000000,306.46720000,1665194728606,True,True
39420136,16.96000000,187.03000000,3172.02880000,1665194728606,True,True
39420137,16.96000000,120.80000000,2048.76800000,1665194728606,True,True
39420138,16.96000000,4.82000000,81.74720000,1665194728633,False,True
39420139,16.96000000,2.41000000,40.87360000,1665194728684,False,True
39420140,16.96000000,2.82000000,47.82720000,1665194729761,False,True
39420141,16.96000000,1.73000000,29.34080000,1665194731201,False,True
39420142,16.96000000,3.54000000,60.03840000,1665194732644,False,True
39420143,16.96000000,2.78000000,47.14880000,1665194733926,False,True
39420144,16.96000000,6.61000000,112.10560000,1665194740553,False,True
39420145,16.96000000,1.21000000,20.52160000,1665194760111,False,True
39420146,16.96000000,169.21000000,2869.80160000,1665194777491,False,True
39420147,16.96000000,29.93000000,507.61280000,1665194777491,False,True
39420148,16.96000000,40.21000000,681.96160000,1665194777491,False,True
39420149,16.96000000,50.71000000,860.04160000,1665194777491,False,True
39420150,16.96000000,78.78000000,1336.10880000,1665194782431,True,True
39420151,16.96000000,78.71000000,1334.92160000,1665194782478,True,True
39420152,16.96000000,66.51000000,1128.00960000,1665194782525,True,True
39420153,16.97000000,19.61000000,332.78170000,1665194813223,False,True
39420154,16.97000000,2.60000000,44.12200000,1665194895947,False,True
39420155,16.97000000,81.40000000,1381.35800000,1665194895947,False,True
39420156,16.97000000,20.00000000,339.40000000,1665194895955,False,True
39420157,16.97000000,9.47000000,160.70590000,1665194895956,False,True
39420158,16.97000000,22.43000000,380.63710000,1665194895957,False,True
39420159,16.97000000,81.14000000,1376.94580000,1665194895959,False,True
39420160,16.97000000,15.04000000,255.22880000,1665194895959,False,True
39420161,16.97000000,2.09000000,35.46730000,1665194896054,True,True
39420162,16.98000000,1.04000000,17.65920000,1665194933985,False,True
39420163,16.98000000,1.30000000,22.07400000,1665194933985,False,True
39420164,16.98000000,0.69000000,11.71620000,1665194933985,False,True
39420165,16.98000000,8.01000000,136.00980000,1665194933985,False,True
39420166,16.97000000,10.11000000,171.56670000,1665195053178,True,True
39420167,16.97000000,4.35000000,73.81950000,1665195053387,True,True
39420168,16.97000000,5.50000000,93.33500000,1665195053387,True,True
39420169,16.97000000,0.26000000,4.41220000,1665195053387,True,True
39420170,16.97000000,5.54000000,94.01380000,1665195053434,True,True
39420171,16.97000000,4.57000000,77.55290000,1665195053434,True,True
39420172,16.97000000,5.96000000,101.14120000,1665195053874,True,True
39420173,16.97000000,0.97000000,16.46090000,1665195055424,True,True
39420174,16.97000000,5.80000000,98.42600000,1665195055424,True,True
39420175,16.97000000,23.87000000,405.07390000,1665195055424,True,True
39420176,16.97000000,11.54000000,195.83380000,1665195055482,True,True
39420177,16.97000000,14.48000000,245.72560000,1665195055919,True,True
39420178,16.97000000,28.90000000,490.43300000,1665195055919,True,True
39420179,16.97000000,20.64000000,350.26080000,1665195056221,True,True
39420180,16.97000000,5.50000000,93.33500000,1665195056221,True,True
39420181,16.97000000,39.52000000,670.65440000,1665195056548,True,True
39420182,16.97000000,3.19000000,54.13430000,1665195056595,True,True
39420183,16.97000000,43.32000000,735.14040000,1665195056689,True,True
39420184,16.97000000,29.12000000,494.16640000,1665195056833,True,True
39420185,16.97000000,145.07000000,2461.83790000,1665195069827,False,True
39420186,16.98000000,11.99000000,203.59020000,1665195069933,False,True
39420187,16.98000000,38.01000000,645.40980000,1665195069933,False,True
39420188,16.98000000,0.62000000,10.52760000,1665195070129,False,True
39420189,16.98000000,5.35000000,90.84300000,1665195174420,True,True
39420190,16.98000000,5.35000000,90.84300000,1665195174420,True,True
39420191,16.98000000,1.07000000,18.16860000,1665195174420,True,True
39420192,16.99000000,0.94000000,15.97060000,1665195185716,False,True
39420193,16.99000000,1.04000000,17.66960000,1665195185716,False,True
39420194,16.99000000,0.71000000,12.06290000,1665195185716,False,True
39420195,16.99000000,20.00000000,339.80000000,1665195185716,False,True
39420196,16.99000000,1.92000000,32.62080000,1665195185716,False,True
39420197,16.99000000,5.50000000,93.44500000,1665195295505,False,True
39420198,16.99000000,3.30000000,56.06700000,1665195295505,False,True
39420199,16.99000000,3.10000000,52.66900000,1665195295505,False,True
39420200,16.98000000,1.01000000,17.14980000,1665195298240,True,True
39420201,16.99000000,0.62000000,10.53380000,1665195305375,False,True
39420202,16.99000000,6.80000000,115.53200000,1665195305395,False,True
39420203,16.99000000,7.42000000,126.06580000,1665195305395,False,True
39420204,16.99000000,7.42000000,126.06580000,1665195305395,False,True
39420205,16.99000000,7.42000000,126.06580000,1665195305395,False,True
39420206,16.99000000,7.42000000,126.06580000,1665195305395,False,True
39420207,16.99000000,2.61000000,44.34390000,1665195305395,False,True
39420208,16.99000000,4.81000000,81.72190000,1665195305410,False,True
39420209,16.99000000,1.37000000,23.27630000,1665195305410,False,True
39420210,16.99000000,6.05000000,102.78950000,1665195305461,False,True
39420211,16.98000000,1.01000000,17.14980000,1665195417948,True,True
39420212,16.98000000,53.94000000,915.90120000,1665195494247,True,True
39420213,16.98000000,5.80000000,98.48400000,1665195607746,True,True
39420214,16.98000000,11.50000000,195.27000000,1665195607746,True,True
39420215,16.98000000,5.50000000,93.39000000,1665195607746,True,True
39420216,16.98000000,5.80000000,98.48400000,1665195607746,True,True
39420217,16.98000000,56.76000000,963.78480000,1665195607746,True,True
39420218,16.98000000,1.11000000,18.84780000,1665195607746,True,True
39420219,16.98000000,31.62000000,536.90760000,1665195607746,True,True
39420220,16.98000000,14.75000000,250.45500000,1665195607746,True,True
39420221,16.98000000,1.17000000,19.86660000,1665195607746,True,True
39420222,16.98000000,8.77000000,148.91460000,1665195607746,True,True
39420223,16.98000000,10.14000000,172.17720000,1665195607776,False,True
39420224,16.98000000,1.00000000,16.98000000,1665195701778,False,True
39420225,16.98000000,1.76000000,29.88480000,1665195743051,False,True
39420226,16.97000000,0.94000000,15.95180000,1665195871431,True,True
39420227,16.97000000,3.06000000,51.92820000,1665195871431,True,True
39420228,16.97000000,2.44000000,41.40680000,1665195973166,True,True
39420229,16.97000000,13.70000000,232.48900000,1665195973166,True,True
39420230,16.97000000,5.80000000,98.42600000,1665195973166,True,True
39420231,16.97000000,5.80000000,98.42600000,1665195973166,True,True
39420232,16.97000000,11.50000000,195.15500000,1665195973166,True,True
39420233,16.97000000,10.31000000,174.96070000,1665195973166,True,True
39420234,16.97000000,39.32000000,667.26040000,1665195973166,True,True
39420235,16.98000000,6.00000000,101.88000000,1665195973411,False,True
39420236,16.97000000,6.05000000,102.66850000,1665195977079,True,True
39420237,16.97000000,2.49000000,42.25530000,1665196032105,True,True
39420238,16.97000000,9.47000000,160.70590000,1665196035010,True,True
39420239,16.97000000,0.88000000,14.93360000,1665196035038,True,True
39420240,16.97000000,93.32000000,1583.64040000,1665196035038,True,True
39420241,16.97000000,262.50000000,4454.62500000,1665196035039,True,True
39420242,16.97000000,1.46000000,24.77620000,1665196035039,True,True
39420243,16.97000000,2.01000000,34.10970000,1665196054947,False,True
39420244,16.97000000,7.55000000,128.12350000,1665196115998,False,True
39420245,16.97000000,8.42000000,142.88740000,1665196158048,False,True
39420246,16.97000000,1.47000000,24.94590000,1665196158255,False,True
39420247,16.97000000,42.53000000,721.73410000,1665196225005,False,True
39420248,16.97000000,11.24000000,190.74280000,1665196266625,False,True
39420249,16.97000000,0.80000000,13.57600000,1665196266625,False,True
39420250,16.97000000,8.39000000,142.37830000,1665196266627,False,True
39420251,16.97000000,5.25000000,89.09250000,1665196266632,False,True
39420252,16.97000000,7.14000000,121.16580000,1665196266632,False,True
39420253,16.97000000,6.54000000,110.98380000,1665196266639,False,True
39420254,16.97000000,36.89000000,626.02330000,1665196266821,False,True
39420255,16.97000000,8.12000000,137.79640000,1665196266825,False,True
39420256,16.97000000,9.98000000,169.36060000,1665196266847,False,True
39420257,16.97000000,2.55000000,43.27350000,1665196266889,False,True
39420258,16.97000000,2.14000000,36.31580000,1665196266889,False,True
39420259,16.97000000,1.22000000,20.70340000,1665196266889,False,True
39420260,16.97000000,188.54000000,3199.52380000,1665196266889,False,True
39420261,16.97000000,15.63000000,265.24110000,1665196323499,False,True
39420262,16.97000000,251.05000000,4260.31850000,1665196332465,False,True
39420263,16.97000000,108.15000000,1835.30550000,1665196332465,False,True
39420264,16.97000000,82.77000000,1404.60690000,1665196332465,False,True
39420265,16.97000000,69.32000000,1176.36040000,1665196332465,False,True
39420266,16.97000000,76.21000000,1293.28370000,1665196332465,False,True
39420267,16.97000000,21.64000000,367.23080000,1665196332465,False,True
39420268,16.98000000,38.14000000,647.61720000,1665196356280,False,True
39420269,16.98000000,32.53000000,552.35940000,1665196356280,False,True
39420270,16.97000000,1.01000000,17.13970000,1665196393693,False,True
39420271,16.97000000,17.07000000,289.67790000,1665196395158,False,True
39420272,16.97000000,13.36000000,226.71920000,1665196395162,False,True
39420273,16.97000000,6.96000000,118.11120000,1665196395163,False,True
39420274,16.97000000,108.14000000,1835.13580000,1665196396318,True,True
39420275,16.97000000,221.04000000,3751.04880000,1665196396318,True,True
39420276,16.97000000,5.35000000,90.78950000,1665196396318,True,True
39420277,16.97000000,51.74000000,878.02780000,1665196396318,True,True
39420278,16.97000000,5.35000000,90.78950000,1665196396318,True,True
39420279,16.97000000,5.50000000,93.33500000,1665196396318,True,True
39420280,16.97000000,14.44000000,245.04680000,1665196396318,True,True
39420281,16.97000000,5.80000000,98.42600000,1665196396318,True,True
39420282,16.97000000,11.50000000,195.15500000,1665196396318,True,True
39420283,16.97000000,5.80000000,98.42600000,1665196396318,True,True
39420284,16.97000000,138.64000000,2352.72080000,1665196406336,False,True
39420285,16.97000000,144.17000000,2446.56490000,1665196406509,False,True
39420286,16.97000000,36.53000000,619.91410000,1665196406564,False,True
39420287,16.98000000,11.77000000,199.85460000,1665196526089,False,True
39420288,16.98000000,12.45000000,211.40100000,1665196544852,False,True
39420289,16.98000000,11.77000000,199.85460000,1665196544936,False,True
39420290,16.98000000,12.06000000,204.77880000,1665196545295,False,True
39420291,16.98000000,11.77000000,199.85460000,1665196548343,False,True
39420292,16.98000000,11.77000000,199.85460000,1665196559433,False,True
39420293,16.98000000,28.41000000,482.40180000,1665196562278,False,True
39420294,16.98000000,0.39000000,6.62220000,1665196562278,False,True
39420295,16.98000000,50.50000000,857.49000000,1665196565023,False,True
39420296,16.97000000,44.27000000,751.26190000,1665196566190,True,True
39420297,16.98000000,3.17000000,53.82660000,1665196575188,False,True
39420298,16.98000000,18.03000000,306.14940000,1665196575188,False,True
39420299,16.99000000,1.00000000,16.99000000,1665196620989,False,True
39420300,16.98000000,13.59000000,230.75820000,1665196653168,True,True
39420301,16.98000000,1.78000000,30.22440000,1665196886215,False,True
39420302,16.98000000,5.33000000,90.50340000,1665196886398,False,True
39420303,16.98000000,4.17000000,70.80660000,1665196886469,False,True
39420304,16.98000000,1.16000000,19.69680000,1665196886629,False,True
39420305,16.98000000,2.56000000,43.46880000,1665196886700,False,True
39420306,16.98000000,0.62000000,10.52760000,1665196888816,True,True
39420307,16.98000000,57.88000000,982.80240000,1665196904364,True,True
39420308,16.98000000,70.67000000,1199.97660000,1665196904364,True,True
39420309,16.98000000,227.27000000,3859.04460000,1665196904364,True,True
39420310,16.99000000,1.00000000,16.99000000,1665196943572,False,True
39420311,16.99000000,2.14000000,36.35860000,1665196947445,False,True
39420312,16.99000000,2.40000000,40.77600000,1665196947445,False,True
39420313,16.99000000,22.64000000,384.65360000,1665197099925,False,True
39420314,16.98000000,0.65000000,11.03700000,1665197121181,True,True
39420315,16.99000000,0.94000000,15.97060000,1665197163904,False,True
39420316,16.99000000,10.30000000,174.99700000,1665197163904,False,True
39420317,16.99000000,6.41000000,108.90590000,1665197163904,False,True
39420318,16.99000000,0.82000000,13.93180000,1665197174767,False,True
39420319,16.99000000,0.18000000,3.05820000,1665197174767,False,True
39420320,16.98000000,5.15000000,87.44700000,1665197191809,True,True
39420321,16.98000000,19.86000000,337.22280000,1665197191809,True,True
39420322,16.98000000,3.55000000,60.27900000,1665197191809,True,True
39420323,16.98000000,21.67000000,367.95660000,1665197191809,True,True
39420324,16.98000000,11.77000000,199.85460000,1665197191913,False,True
39420325,16.98000000,5.35000000,90.84300000,1665197192300,False,True
39420326,16.98000000,140.92000000,2392.82160000,1665197192300,False,True
39420327,16.98000000,17.14000000,291.03720000,1665197192469,False,True
39420328,16.98000000,14.44000000,245.19120000,1665197192469,False,True
39420329,16.98000000,108.14000000,1836.21720000,1665197192469,False,True
39420330,16.98000000,2.84000000,48.22320000,1665197192469,False,True
39420331,16.98000000,32.05000000,544.20900000,1665197215168,False,True
39420332,16.98000000,0.96000000,16.30080000,1665197215168,False,True
39420333,16.98000000,6.55000000,111.21900000,1665197216813,False,True
39420334,16.97000000,0.94000000,15.95180000,1665197338825,True,True
39420335,16.97000000,11.50000000,195.15500000,1665197338825,True,True
39420336,16.97000000,5.50000000,93.33500000,1665197338825,True,True
39420337,16.97000000,5.80000000,98.42600000,1665197338825,True,True
39420338,16.97000000,5.80000000,98.42600000,1665197338825,True,True
39420339,16.96000000,10.00000000,169.60000000,1665197383929,True,True
39420340,16.97000000,17.80000000,302.06600000,1665197390863,False,True
39420341,16.97000000,39.10000000,663.52700000,1665197390863,False,True
39420342,16.96000000,0.88000000,14.92480000,1665197427024,True,True
39420343,16.97000000,1.93000000,32.75210000,1665197446390,False,True
39420344,16.97000000,0.59000000,10.01230000,1665197446390,False,True
39420345,16.97000000,15.16000000,257.26520000,1665197446390,False,True
39420346,16.96000000,2.15000000,36.46400000,1665197539467,True,True
39420347,16.96000000,5.29000000,89.71840000,1665197559467,True,True
39420348,16.97000000,0.80000000,13.57600000,1665197581458,False,True
39420349,16.97000000,3.00000000,50.91000000,1665197581458,False,True
39420350,16.97000000,9.63000000,163.42110000,1665197587855,True,True
39420351,16.97000000,5.24000000,88.92280000,1665197599467,True,True
39420352,16.97000000,11.79000000,200.07630000,1665197614692,True,True
39420353,16.97000000,4.56000000,77.38320000,1665197639467,True,True
39420354,16.97000000,2.13000000,36.14610000,1665197659468,True,True
39420355,16.97000000,4.20000000,71.27400000,1665197674467,True,True
39420356,16.97000000,26.25000000,445.46250000,1665197719139,True,True
39420357,16.97000000,8.58000000,145.60260000,1665197719277,True,True
39420358,16.97000000,3.18000000,53.96460000,1665197719467,True,True
39420359,16.97000000,11.10000000,188.36700000,1665197723124,True,True
39420360,16.97000000,21.48000000,364.51560000,1665197723153,True,True
39420361,16.97000000,29.49000000,500.44530000,1665197723153,True,True
39420362,16.97000000,5.44000000,92.31680000,1665197723153,True,True
39420363,16.97000000,2.04000000,34.61880000,1665197723554,True,True
39420364,16.97000000,2.04000000,34.61880000,1665197723555,True,True
39420365,16.97000000,2.04000000,34.61880000,1665197723555,True,True
39420366,16.97000000,2.04000000,34.61880000,1665197723555,True,True
39420367,16.97000000,2.04000000,34.61880000,1665197723555,True,True
39420368,16.97000000,1.70000000,28.84900000,1665197723627,True,True
39420369,16.97000000,1.70000000,28.84900000,1665197723632,True,True
39420370,16.97000000,1.70000000,28.84900000,1665197723632,True,True
39420371,16.97000000,1.70000000,28.84900000,1665197723633,True,True
39420372,16.97000000,1.70000000,28.84900000,1665197723633,True,True
39420373,16.97000000,1.70000000,28.84900000,1665197723633,True,True
39420374,16.97000000,23.45000000,397.94650000,1665197743695,True,True
39420375,16.97000000,3.55000000,60.24350000,1665197743695,True,True
39420376,16.97000000,14.44000000,245.04680000,1665197743695,True,True
39420377,16.96000000,108.14000000,1834.05440000,1665197743695,True,True
39420378,16.96000000,105.42000000,1787.92320000,1665197743695,True,True
39420379,16.96000000,3.26000000,55.28960000,1665197749467,True,True
39420380,16.97000000,2.26000000,38.35220000,1665197754442,False,True
39420381,16.96000000,5.09000000,86.32640000,1665197779468,True,True
39420382,16.97000000,0.90000000,15.27300000,1665197779475,False,True
39420383,16.97000000,1.36000000,23.07920000,1665197780630,False,True
39420384,16.96000000,2.16000000,36.63360000,1665197824467,True,True
39420385,16.96000000,3.81000000,64.61760000,1665197839467,True,True
39420386,16.96000000,40.37000000,684.67520000,1665197849510,True,True
39420387,16.96000000,130.95000000,2220.91200000,1665197849510,True,True
39420388,16.96000000,71.77000000,1217.21920000,1665197849510,True,True
39420389,16.96000000,5.80000000,98.36800000,1665197849510,True,True
39420390,16.96000000,11.50000000,195.04000000,1665197849510,True,True
39420391,16.96000000,16.83000000,285.43680000,1665197849510,True,True
39420392,16.96000000,5.50000000,93.28000000,1665197849510,True,True
39420393,16.96000000,17.28000000,293.06880000,1665197849510,True,True
39420394,16.97000000,13.18000000,223.66460000,1665197861857,False,True
39420395,16.97000000,4.35000000,73.81950000,1665197861858,False,True
39420396,16.98000000,12.09000000,205.28820000,1665197861919,False,True
39420397,16.98000000,14.58000000,247.56840000,1665197861940,False,True
39420398,16.98000000,37.72000000,640.48560000,1665197861940,False,True
39420399,16.98000000,17.95000000,304.79100000,1665197861962,False,True
39420400,16.98000000,14.44000000,245.19120000,1665197861962,False,True
39420401,16.99000000,15.82000000,268.78180000,1665197861962,False,True
39420402,16.99000000,5.29000000,89.87710000,1665197861962,False,True
39420403,16.98000000,55.40000000,940.69200000,1665197861970,False,True
39420404,16.97000000,4.57000000,77.55290000,1665197864468,True,True
39420405,16.97000000,5.59000000,94.86230000,1665197899467,True,True
39420406,16.97000000,4.75000000,80.60750000,1665197929468,True,True
39420407,16.97000000,2.62000000,44.46140000,1665197935384,True,True
39420408,16.97000000,5.41000000,91.80770000,1665197935384,True,True
39420409,16.97000000,4.70000000,79.75900000,1665197959468,True,True
39420410,16.97000000,4.57000000,77.55290000,1665197989467,True,True
39420411,16.98000000,1.17000000,19.86660000,1665198008272,False,True
39420412,16.97000000,6.38000000,108.26860000,1665198019467,True,True
39420413,16.97000000,3.82000000,64.82540000,1665198059468,True,True
39420414,16.97000000,1.68000000,28.50960000,1665198059477,True,True
39420415,16.97000000,5.80000000,98.42600000,1665198059477,True,True
39420416,16.97000000,13.90000000,235.88300000,1665198059477,True,True
39420417,16.97000000,5.80000000,98.42600000,1665198059477,True,True
39420418,16.97000000,11.50000000,195.15500000,1665198059477,True,True
39420419,16.97000000,7.27000000,123.37190000,1665198059477,True,True
39420420,16.97000000,23.23000000,394.21310000,1665198059477,True,True
39420421,16.96000000,2.99000000,50.71040000,1665198079467,True,True
39420422,16.96000000,4.03000000,68.34880000,1665198099467,True,True
39420423,16.96000000,5.15000000,87.34400000,1665198129467,True,True
39420424,16.96000000,1.78000000,30.18880000,1665198139467,True,True
39420425,16.96000000,2.18000000,36.97280000,1665198159467,True,True
39420426,16.97000000,4.12000000,69.91640000,1665198173687,False,True
39420427,16.96000000,3.07000000,52.06720000,1665198174467,True,True
39420428,16.96000000,3.80000000,64.44800000,1665198199468,True,True
39420429,16.96000000,1.78000000,30.18880000,1665198234467,True,True
39420430,16.96000000,0.21000000,3.56160000,1665198247850,True,True
39420431,16.96000000,5.80000000,98.36800000,1665198247850,True,True
39420432,16.96000000,10.08000000,170.95680000,1665198247850,True,True
39420433,16.96000000,18.49000000,313.59040000,1665198247850,True,True
39420434,16.96000000,1.46000000,24.76160000,1665198247850,True,True
39420435,16.96000000,11.50000000,195.04000000,1665198247850,True,True
39420436,16.95000000,0.62000000,10.50900000,1665198251341,True,True
39420437,16.96000000,0.96000000,16.28160000,1665198255544,False,True
39420438,16.95000000,0.32000000,5.42400000,1665198319467,True,True
39420439,16.95000000,3.02000000,51.18900000,1665198319467,True,True
39420440,16.95000000,3.19000000,54.07050000,1665198364467,True,True
39420441,16.95000000,1.38000000,23.39100000,1665198379468,True,True
39420442,16.95000000,36.20000000,613.59000000,1665198399161,True,True
39420443,16.95000000,23.14000000,392.22300000,1665198399423,True,True
39420444,16.95000000,5.40000000,91.53000000,1665198399423,True,True
39420445,16.95000000,1.04000000,17.62800000,1665198399423,True,True
39420446,16.95000000,0.81000000,13.72950000,1665198399423,True,True
39420447,16.95000000,3.30000000,55.93500000,1665198399423,True,True
39420448,16.95000000,5.50000000,93.22500000,1665198399423,True,True
39420449,16.95000000,5.80000000,98.31000000,1665198399423,True,True
39420450,16.95000000,5.51000000,93.39450000,1665198399423,True,True
39420451,16.95000000,29.88000000,506.46600000,1665198399427,True,True
39420452,16.95000000,11.50000000,194.92500000,1665198399427,True,True
39420453,16.95000000,1.46000000,24.74700000,1665198399427,True,True
39420454,16.95000000,5.80000000,98.31000000,1665198399427,True,True
39420455,16.95000000,6.13000000,103.90350000,1665198399932,False,True
39420456,16.94000000,0.63000000,10.67220000,1665198403225,True,True
39420457,16.94000000,2.70000000,45.73800000,1665198403227,True,True
39420458,16.94000000,1.04000000,17.61760000,1665198403227,True,True
39420459,16.94000000,1.11000000,18.80340000,1665198403227,True,True
39420460,16.94000000,2.26000000,38.28440000,1665198416841,False,True
39420461,16.93000000,0.94000000,15.91420000,1665198439469,True,True
39420462,16.93000000,1.04000000,17.60720000,1665198439469,True,True
39420463,16.93000000,0.31000000,5.24830000,1665198439469,True,True
39420464,16.93000000,0.99000000,16.76070000,1665198464467,True,True
39420465,16.93000000,0.64000000,10.83520000,1665198464467,True,True
39420466,16.93000000,0.65000000,11.00450000,1665198464467,True,True
39420467,16.93000000,4.19000000,70.93670000,1665198484467,True,True
39420468,16.93000000,3.23000000,54.68390000,1665198499468,True,True
39420469,16.94000000,47.10000000,797.87400000,1665198503120,False,True
39420470,16.94000000,37.89000000,641.85660000,1665198503123,False,True
39420471,16.94000000,19.72000000,334.05680000,1665198503136,False,True
39420472,16.94000000,3.39000000,57.42660000,1665198503136,False,True
39420473,16.94000000,19.34000000,327.61960000,1665198503189,False,True
39420474,16.94000000,49.76000000,842.93440000,1665198503189,False,True
39420475,16.95000000,39.66000000,672.23700000,1665198503952,False,True
39420476,16.94000000,2.41000000,40.82540000,1665198534467,True,True
39420477,16.94000000,8.52000000,144.32880000,1665198558317,True,True
39420478,16.94000000,2.81000000,47.60140000,1665198559467,True,True
39420479,16.94000000,5.05000000,85.54700000,1665198584467,True,True
39420480,16.94000000,2.39000000,40.48660000,1665198600600,True,True
39420481,16.94000000,4.56000000,77.24640000,1665198619467,True,True
39420482,16.94000000,2.50000000,42.35000000,1665198654467,True,True
39420483,16.94000000,0.77000000,13.04380000,1665198664362,True,True
39420484,16.94000000,1.62000000,27.44280000,1665198679467,True,True
39420485,16.94000000,3.64000000,61.66160000,1665198694467,True,True
39420486,16.94000000,1.02000000,17.27880000,1665198710011,True,True
39420487,16.95000000,2.20000000,37.29000000,1665198729364,False,True
39420488,16.95000000,1.72000000,29.15400000,1665198729425,False,True
39420489,16.94000000,2.16000000,36.59040000,1665198729469,True,True
39420490,16.94000000,2.31000000,39.13140000,1665198739381,True,True
39420491,16.94000000,1.68000000,28.45920000,1665198739467,True,True
39420492,16.94000000,1.51000000,25.57940000,1665198742176,True,True
39420493,16.94000000,5.80000000,98.25200000,1665198742176,True,True
39420494,16.94000000,11.50000000,194.81000000,1665198742176,True,True
39420495,16.94000000,5.80000000,98.25200000,1665198742176,True,True
39420496,16.94000000,13.28000000,224.96320000,1665198742176,True,True
39420497,16.94000000,3.24000000,54.88560000,1665198754467,True,True
39420498,16.94000000,12.99000000,220.05060000,1665198760987,True,True
39420499,16.94000000,0.76000000,12.87440000,1665198760987,True,True
39420500,16.94000000,0.76000000,12.87440000,1665198760987,True,True
39420501,16.94000000,0.76000000,12.87440000,1665198760987,True,True
39420502,16.94000000,74.57000000,1263.21580000,1665198760987,True,True
39420503,16.94000000,5.50000000,93.17000000,1665198760987,True,True
39420504,16.94000000,1.46000000,24.73240000,1665198760987,True,True
39420505,16.94000000,5.19000000,87.91860000,1665198760987,True,True
39420506,16.94000000,32.17000000,544.95980000,1665198760987,True,True
39420507,16.94000000,3.24000000,54.88560000,1665198760995,True,True
39420508,16.94000000,6.93000000,117.39420000,1665198778901,False,True
39420509,16.94000000,3.40000000,57.59600000,1665198789466,True,True
39420510,16.94000000,3.19000000,54.03860000,1665198799468,True,True
39420511,16.94000000,1.59000000,26.93460000,1665198834467,True,True
39420512,16.94000000,3.21000000,54.37740000,1665198859466,True,True
39420513,16.94000000,3.03000000,51.32820000,1665198889467,True,True
39420514,16.95000000,1.38000000,23.39100000,1665198901623,False,True
39420515,16.94000000,2.77000000,46.92380000,1665198919467,True,True
39420516,16.94000000,0.14000000,2.37160000,1665198919467,True,True
39420517,16.94000000,1.58000000,26.76520000,1665198940950,True,True
39420518,16.94000000,4.04000000,68.43760000,1665198944467,True,True
39420519,16.94000000,5.74000000,97.23560000,1665198959985,True,True
39420520,16.94000000,35.41000000,599.84540000,1665198959985,True,True
39420521,16.94000000,5.80000000,98.25200000,1665198959985,True,True
39420522,16.94000000,5.50000000,93.17000000,1665198959985,True,True
39420523,16.94000000,2.36000000,39.97840000,1665198959985,True,True
39420524,16.93000000,4.99000000,84.48070000,1665198959985,True,True
39420525,16.93000000,2.54000000,43.00220000,1665198979468,True,True
39420526,16.93000000,2.42000000,40.97060000,1665199004467,True,True
39420527,16.93000000,4.49000000,76.01570000,1665199005128,True,True
39420528,16.93000000,3.30000000,55.86900000,1665199005128,True,True
39420529,16.93000000,2.21000000,37.41530000,1665199005128,True,True
39420530,16.93000000,1.95000000,33.01350000,1665199029481,True,True
39420531,16.93000000,3.07000000,51.97510000,1665199039479,True,True
39420532,16.93000000,0.14000000,2.37020000,1665199039479,True,True
39420533,16.94000000,118.30000000,2004.00200000,1665199057466,False,True
39420534,16.94000000,74.57000000,1263.21580000,1665199057466,False,True
39420535,16.94000000,13.12000000,222.25280000,1665199057466,False,True
39420536,16.94000000,2.71000000,45.90740000,1665199057466,False,True
39420537,16.94000000,4.49000000,76.06060000,1665199057466,False,True
39420538,16.94000000,2.21000000,37.43740000,1665199057466,False,True
39420539,16.94000000,5.02000000,85.03880000,1665199057466,False,True
39420540,16.94000000,42.97000000,727.91180000,1665199057466,False,True
39420541,16.94000000,1.58000000,26.76520000,1665199079467,True,True
39420542,16.95000000,10.00000000,169.50000000,1665199093845,False,True
39420543,16.94000000,2.86000000,48.44840000,1665199099483,True,True
39420544,16.95000000,22.19000000,376.12050000,1665199119638,False,True
39420545,16.95000000,15.92000000,269.84400000,1665199119638,False,True
39420546,16.95000000,25.87000000,438.49650000,1665199119640,False,True
39420547,16.95000000,0.94000000,15.93300000,1665199119640,False,True
39420548,16.95000000,7.61000000,128.98950000,1665199119640,False,True
39420549,16.95000000,8.43000000,142.88850000,1665199119640,False,True
39420550,16.95000000,16.88000000,286.11600000,1665199119642,False,True
39420551,16.95000000,18.05000000,305.94750000,1665199119682,False,True
39420552,16.95000000,14.64000000,248.14800000,1665199119682,False,True
39420553,16.95000000,5.41000000,91.69950000,1665199119682,False,True
39420554,16.95000000,4.85000000,82.20750000,1665199119683,False,True
39420555,16.95000000,2.44000000,41.35800000,1665199124468,True,True
39420556,16.95000000,2.26000000,38.30700000,1665199124498,True,True
39420557,16.95000000,2.51000000,42.54450000,1665199159467,True,True
39420558,16.95000000,1.56000000,26.44200000,1665199159467,True,True
39420559,16.95000000,2.26000000,38.30700000,1665199185487,True,True
39420560,16.95000000,3.79000000,64.24050000,1665199199467,True,True
39420561,16.95000000,3.29000000,55.76550000,1665199219467,True,True
39420562,16.95000000,42.40000000,718.68000000,1665199226660,True,True
39420563,16.95000000,22.47000000,380.86650000,1665199226873,True,True
39420564,16.95000000,2.26000000,38.30700000,1665199228288,True,True
39420565,16.95000000,2.02000000,34.23900000,1665199228292,True,True
39420566,16.95000000,28.09000000,476.12550000,1665199234553,True,True
39420567,16.95000000,17.30000000,293.23500000,1665199234553,True,True
39420568,16.94000000,2.77000000,46.92380000,1665199244467,True,True
39420569,16.94000000,3.64000000,61.66160000,1665199279467,True,True
39420570,16.94000000,4.34000000,73.51960000,1665199314467,True,True
39420571,16.94000000,4.00000000,67.76000000,1665199339468,True,True
39420572,16.94000000,3.66000000,62.00040000,1665199374467,True,True
39420573,16.94000000,2.44000000,41.33360000,1665199388564,True,True
39420574,16.94000000,2.67000000,45.22980000,1665199399467,True,True
39420575,16.95000000,1.23000000,20.84850000,1665199403744,False,True
39420576,16.94000000,2.20000000,37.26800000,1665199424484,True,True
39420577,16.95000000,45.25000000,766.98750000,1665199428072,False,True
39420578,16.95000000,13.74000000,232.89300000,1665199428072,False,True
39420579,16.95000000,0.71000000,12.03450000,1665199430580,False,True
39420580,16.95000000,3.24000000,54.91800000,1665199430580,False,True
39420581,16.94000000,3.41000000,57.76540000,1665199459467,True,True
39420582,16.94000000,2.38000000,40.31720000,1665199489467,True,True
39420583,16.95000000,2.06000000,34.91700000,1665199495343,False,True
39420584,16.94000000,2.84000000,48.10960000,1665199519466,True,True
39420585,16.94000000,4.04000000,68.43760000,1665199554468,True,True
39420586,16.94000000,93.00000000,1575.42000000,1665199563288,True,True
39420587,16.94000000,2.00000000,33.88000000,1665199579467,True,True
39420588,16.94000000,4.58000000,77.58520000,1665199599467,True,True
39420589,16.94000000,1.99000000,33.71060000,1665199639467,True,True
39420590,16.94000000,3.07000000,52.00580000,1665199659467,True,True
39420591,16.94000000,3.94000000,66.74360000,1665199689483,True,True
39420592,16.94000000,2.69000000,45.56860000,1665199699468,True,True
39420593,16.94000000,2.60000000,44.04400000,1665199729467,True,True
39420594,16.95000000,1.98000000,33.56100000,1665199749714,False,True
39420595,16.94000000,3.60000000,60.98400000,1665199759466,True,True
39420596,16.94000000,1.91000000,32.35540000,1665199799467,True,True
39420597,16.95000000,2.26000000,38.30700000,1665199803239,False,True
39420598,16.95000000,47.81000000,810.37950000,1665199806123,False,True
39420599,16.95000000,2.26000000,38.30700000,1665199806538,False,True
39420600,16.94000000,4.05000000,68.60700000,1665199819485,True,True
39420601,16.94000000,3.00000000,50.82000000,1665199829181,True,True
39420602,16.94000000,61.64000000,1044.18160000,1665199831485,True,True
39420603,16.95000000,2.26000000,38.30700000,1665199840165,False,True
39420604,16.94000000,3.34000000,56.57960000,1665199859467,True,True
39420605,16.94000000,2.64000000,44.72160000,1665199879483,True,True
39420606,16.94000000,2.22000000,37.60680000,1665199914467,True,True
39420607,16.95000000,1.77000000,30.00150000,1665199916851,False,True
39420608,16.95000000,1.39000000,23.56050000,1665199918324,False,True
39420609,16.95000000,1.77000000,30.00150000,1665199919359,False,True
39420610,16.95000000,1.36000000,23.05200000,1665199921224,False,True
39420611,16.95000000,2.26000000,38.30700000,1665199924762,False,True
39420612,16.94000000,3.50000000,59.29000000,1665199929478,True,True
39420613,16.95000000,2.26000000,38.30700000,1665199936032,False,True
39420614,16.94000000,3.88000000,65.72720000,1665199939479,True,True
39420615,16.94000000,1.86000000,31.50840000,1665199989478,True,True
39420616,16.94000000,1.46000000,24.73240000,1665199999467,True,True
39420617,16.94000000,2.86000000,48.44840000,1665200014467,True,True
39420618,16.94000000,3.11000000,52.68340000,1665200044468,True,True
39420619,16.94000000,4.00000000,67.76000000,1665200059468,True,True
39420620,16.94000000,2.70000000,45.73800000,1665200104467,True,True
39420621,16.94000000,1.45000000,24.56300000,1665200119468,True,True
39420622,16.94000000,25.00000000,423.50000000,1665200128705,True,True
39420623,16.94000000,2.52000000,42.68880000,1665200134467,True,True
39420624,16.95000000,0.92000000,15.59400000,1665200139638,False,True
39420625,16.95000000,1.77000000,30.00150000,1665200142923,False,True
39420626,16.95000000,2.26000000,38.30700000,1665200146015,False,True
39420627,16.95000000,2.26000000,38.30700000,1665200151245,False,True
39420628,16.95000000,1.36000000,23.05200000,1665200153328,False,True
39420629,16.95000000,0.90000000,15.25500000,1665200153383,False,True
39420630,16.95000000,1.59000000,26.95050000,1665200156291,False,True
39420631,16.95000000,0.90000000,15.25500000,1665200160060,False,True
39420632,16.94000000,2.00000000,33.88000000,1665200179468,True,True
39420633,16.94000000,1.45000000,24.56300000,1665200204468,True,True
39420634,16.94000000,3.03000000,51.32820000,1665200224467,True,True
39420635,16.94000000,2.77000000,46.92380000,1665200239467,True,True
39420636,16.95000000,2.26000000,38.30700000,1665200240180,False,True
39420637,16.94000000,1.20000000,20.32800000,1665200284468,True,True
39420638,16.95000000,0.59000000,10.00050000,1665200312677,False,True
39420639,16.95000000,5.00000000,84.75000000,1665200334441,False,True
39420640,16.94000000,1.22000000,20.66680000,1665200359467,True,True
39420641,16.94000000,1.97000000,33.37180000,1665200379467,True,True
39420642,16.94000000,1.42000000,24.05480000,1665200404467,True,True
39420643,16.94000000,1.38000000,23.37720000,1665200419467,True,True
39420644,16.94000000,10.00000000,169.40000000,1665200423539,True,True
39420645,16.94000000,1.18000000,19.98920000,1665200444467,True,True
39420646,16.94000000,2.94000000,49.80360000,1665200464467,True,True
39420647,16.94000000,2.69000000,45.56860000,1665200479467,True,True
39420648,16.94000000,44.56000000,754.84640000,1665200511865,True,True
39420649,16.94000000,2.05000000,34.72700000,1665200519466,True,True
39420650,16.94000000,4.09000000,69.28460000,1665200526326,True,True
39420651,16.94000000,5.80000000,98.25200000,1665200526326,True,True
39420652,16.94000000,29.77000000,504.30380000,1665200526326,True,True
39420653,16.94000000,2.86000000,48.44840000,1665200526326,True,True
39420654,16.94000000,1.92000000,32.52480000,1665200526326,True,True
39420655,16.93000000,0.62000000,10.49660000,1665200539466,True,True
39420656,16.93000000,0.76000000,12.86680000,1665200539466,True,True
39420657,16.93000000,0.76000000,12.86680000,1665200539466,True,True
39420658,16.93000000,0.76000000,12.86680000,1665200539466,True,True
39420659,16.93000000,0.64000000,10.83520000,1665200539466,True,True
39420660,16.93000000,0.30000000,5.07900000,1665200571318,True,True
39420661,16.93000000,3.30000000,55.86900000,1665200571318,True,True
39420662,16.93000000,1.83000000,30.98190000,1665200571318,True,True
39420663,16.93000000,0.76000000,12.86680000,1665200579467,True,True
39420664,16.93000000,2.62000000,44.35660000,1665200579467,True,True
39420665,16.94000000,6.35000000,107.56900000,1665200585354,False,True
39420666,16.94000000,1.77000000,29.98380000,1665200594395,False,True
39420667,16.93000000,2.57000000,43.51010000,1665200599467,True,True
39420668,16.94000000,0.93000000,15.75420000,1665200628396,False,True
39420669,16.94000000,2.50000000,42.35000000,1665200628396,False,True
39420670,16.93000000,1.16000000,19.63880000,1665200629467,True,True
39420671,16.93000000,2.80000000,47.40400000,1665200649467,True,True
39420672,16.93000000,3.11000000,52.65230000,1665200659467,True,True
39420673,16.94000000,2.47000000,41.84180000,1665200704467,True,True
39420674,16.94000000,2.36000000,39.97840000,1665200719467,True,True
39420675,16.95000000,0.64000000,10.84800000,1665200741456,False,True
39420676,16.95000000,2.32000000,39.32400000,1665200741456,False,True
39420677,16.95000000,5.66000000,95.93700000,1665200741456,False,True
39420678,16.95000000,0.94000000,15.93300000,1665200741456,False,True
39420679,16.95000000,1.46000000,24.74700000,1665200741456,False,True
39420680,16.95000000,1.20000000,20.34000000,1665200749467,True,True
39420681,16.95000000,2.00000000,33.90000000,1665200779467,True,True
39420682,16.95000000,4.00000000,67.80000000,1665200786106,True,True
39420683,16.95000000,1.74000000,29.49300000,1665200814467,True,True
39420684,16.95000000,2.26000000,38.30700000,1665200839469,True,True
39420685,16.95000000,41.28000000,699.69600000,1665200864734,True,True
39420686,16.95000000,1.35000000,22.88250000,1665200874467,True,True
39420687,16.95000000,7.35000000,124.58250000,1665200876640,True,True
39420688,16.95000000,1.85000000,31.35750000,1665200899467,True,True
39420689,16.95000000,1.34000000,22.71300000,1665200934467,True,True
39420690,16.95000000,1.22000000,20.67900000,1665200959467,True,True
39420691,16.95000000,1.52000000,25.76400000,1665200979467,True,True
39420692,16.95000000,2.09000000,35.42550000,1665201004467,True,True
39420693,16.95000000,2.26000000,38.30700000,1665201008445,True,True
39420694,16.95000000,0.44000000,7.45800000,1665201019467,True,True
39420695,16.95000000,0.59000000,10.00050000,1665201019467,True,True
39420696,16.95000000,2.23000000,37.79850000,1665201034467,True,True
39420697,16.95000000,1.10000000,18.64500000,1665201079467,True,True
39420698,16.95000000,4.70000000,79.66500000,1665201079546,True,True
39420699,16.94000000,1.34000000,22.69960000,1665201094467,True,True
39420700,16.94000000,2.63000000,44.55220000,1665201124467,True,True
39420701,16.94000000,1.37000000,23.20780000,1665201139467,True,True
39420702,16.94000000,138.43000000,2345.00420000,1665201158537,True,True
39420703,16.94000000,14.44000000,244.61360000,1665201158537,True,True
39420704,16.94000000,35.41000000,599.84540000,1665201158537,True,True
39420705,16.94000000,92.00000000,1558.48000000,1665201158537,True,True
39420706,16.94000000,1.09000000,18.46460000,1665201158537,True,True
39420707,16.94000000,0.82000000,13.89080000,1665201158537,True,True
39420708,16.94000000,0.82000000,13.89080000,1665201158537,True,True
39420709,16.94000000,0.82000000,13.89080000,1665201158537,True,True
39420710,16.94000000,21.49000000,364.04060000,1665201158537,True,True
39420711,16.94000000,42.05000000,712.32700000,1665201158537,True,True
39420712,16.94000000,11.50000000,194.81000000,1665201158537,True,True
39420713,16.94000000,5.50000000,93.17000000,1665201158537,True,True
39420714,16.94000000,5.80000000,98.25200000,1665201158537,True,True
39420715,16.94000000,5.80000000,98.25200000,1665201158537,True,True
39420716,16.93000000,1.33000000,22.51690000,1665201164467,True,True
39420717,16.93000000,1.87000000,31.65910000,1665201189467,True,True
39420718,16.93000000,3.34000000,56.54620000,1665201199467,True,True
39420719,16.93000000,1.83000000,30.98190000,1665201239467,True,True
39420720,16.93000000,1.53000000,25.90290000,1665201259467,True,True
39420721,16.94000000,36.06000000,610.85640000,1665201274670,False,True
39420722,16.94000000,2.70000000,45.73800000,1665201274670,False,True
39420723,16.93000000,3.80000000,64.33400000,1665201279467,True,True
39420724,16.94000000,0.56000000,9.48640000,1665201284140,False,True
39420725,16.94000000,2.70000000,45.73800000,1665201284140,False,True
39420726,16.94000000,9.48000000,160.59120000,1665201284140,False,True
39420727,16.93000000,0.74000000,12.52820000,1665201319467,True,True
39420728,16.93000000,1.91000000,32.33630000,1665201319467,True,True
39420729,16.93000000,0.10000000,1.69300000,1665201327776,True,True
39420730,16.93000000,0.82000000,13.88260000,1665201327776,True,True
39420731,16.93000000,0.42000000,7.11060000,1665201327776,True,True
39420732,16.93000000,0.40000000,6.77200000,1665201333449,True,True
39420733,16.93000000,0.94000000,15.91420000,1665201333449,True,True
39420734,16.93000000,13.51000000,228.72430000,1665201333449,True,True
39420735,16.94000000,8.35000000,141.44900000,1665201339115,False,True
39420736,16.94000000,14.50000000,245.63000000,1665201339115,False,True
39420737,16.94000000,22.90000000,387.92600000,1665201339186,False,True
39420738,16.94000000,22.96000000,388.94240000,1665201339885,False,True
39420739,16.94000000,22.96000000,388.94240000,1665201339934,False,True
39420740,16.93000000,1.99000000,33.69070000,1665201349467,True,True
39420741,16.93000000,3.77000000,63.82610000,1665201379467,True,True
39420742,16.93000000,1.16000000,19.63880000,1665201387164,True,True
39420743,16.93000000,3.64000000,61.62520000,1665201387422,True,True
39420744,16.93000000,39.56000000,669.75080000,1665201387430,True,True
39420745,16.93000000,5.40000000,91.42200000,1665201387521,True,True
39420746,16.93000000,0.10000000,1.69300000,1665201387562,True,True
39420747,16.93000000,2.43000000,41.13990000,1665201387562,True,True
39420748,16.93000000,2.53000000,42.83290000,1665201387563,True,True
39420749,16.93000000,0.84000000,14.22120000,1665201387566,True,True
39420750,16.93000000,2.89000000,48.92770000,1665201387566,True,True
39420751,16.93000000,2.53000000,42.83290000,1665201387566,True,True
39420752,16.93000000,0.38000000,6.43340000,1665201387577,True,True
39420753,16.93000000,11.50000000,194.69500000,1665201387577,True,True
39420754,16.93000000,1.46000000,24.71780000,1665201387577,True,True
39420755,16.93000000,1.09000000,18.45370000,1665201387577,True,True
