39281959,16.95000000,4.84000000,82.03800000,1664668804512,True,True
39281960,16.96000000,0.88000000,14.92480000,1664668805352,False,True
39281961,16.95000000,6.51000000,110.34450000,1664668813466,True,True
39281962,16.95000000,5.11000000,86.61450000,1664668819084,True,True
39281963,16.95000000,1.02000000,17.28900000,1664668819084,True,True
39281964,16.95000000,1.96000000,33.22200000,1664668819084,True,True
39281965,16.95000000,44.14000000,748.17300000,1664668834843,True,True
39281966,16.95000000,2.80000000,47.46000000,1664668834844,True,True
39281967,16.95000000,5.00000000,84.75000000,1664668834844,True,True
39281968,16.95000000,1.76000000,29.83200000,1664668834844,True,True
39281969,16.95000000,9.00000000,152.55000000,1664668834844,True,True
39281970,16.95000000,14.92000000,252.89400000,1664668834844,True,True
39281971,16.95000000,1.93000000,32.71350000,1664668834868,False,True
39281972,16.95000000,1.17000000,19.83150000,1664668836270,False,True
39281973,16.95000000,0.59000000,10.00050000,1664668847554,False,True
39281974,16.94000000,1.30000000,22.02200000,1664668850612,True,True
39281975,16.94000000,10.00000000,169.40000000,1664668850612,True,True
39281976,16.94000000,1.80000000,30.49200000,1664668850612,True,True
39281977,16.94000000,7.47000000,126.54180000,1664668850612,True,True
39281978,16.94000000,7.45000000,126.20300000,1664668850612,True,True
39281979,16.94000000,17.06000000,288.99640000,1664668850612,True,True
39281980,16.94000000,31.41000000,532.08540000,1664668850612,True,True
39281981,16.94000000,6.00000000,101.64000000,1664668850612,True,True
39281982,16.94000000,5.02000000,85.03880000,1664668850612,True,True
39281983,16.94000000,5.03000000,85.20820000,1664668850612,True,True
39281984,16.94000000,6.55000000,110.95700000,1664668853466,True,True
39281985,16.94000000,5.90000000,99.94600000,1664668856207,True,True
39281986,16.94000000,1.11000000,18.80340000,1664668863086,True,True
39281987,16.94000000,1.11000000,18.80340000,1664668863086,True,True
39281988,16.94000000,1.76000000,29.81440000,1664668863086,True,True
39281989,16.94000000,2.50000000,42.35000000,1664668863086,True,True
39281990,16.94000000,23.55000000,398.93700000,1664668865368,True,True
39281991,16.94000000,4.82000000,81.65080000,1664668873466,True,True
39281992,16.94000000,9.11000000,154.32340000,1664668898466,True,True
39281993,16.94000000,5.00000000,84.70000000,1664668900832,True,True
39281994,16.94000000,16.47000000,279.00180000,1664668931315,True,True
39281995,16.94000000,32.82000000,555.97080000,1664668931315,True,True
39281996,16.94000000,3.67000000,62.16980000,1664668933466,True,True
39281997,16.94000000,3.32000000,56.24080000,1664668933466,True,True
39281998,16.94000000,8.48000000,143.65120000,1664668933500,True,True
39281999,16.94000000,1.76000000,29.81440000,1664668933500,True,True
39282000,16.94000000,38.76000000,656.59440000,1664668933500,True,True
39282001,16.94000000,15.71000000,266.12740000,1664668933500,True,True
39282002,16.94000000,2.00000000,33.88000000,1664668933545,False,True
39282003,16.94000000,1.37000000,23.20780000,1664668933696,False,True
39282004,16.94000000,13.14000000,222.59160000,1664668933804,False,True
39282005,16.95000000,1.18000000,20.00100000,1664668936378,False,True
39282006,16.94000000,2.73000000,46.24620000,1664668938176,True,True
39282007,16.94000000,55.00000000,931.70000000,1664668949086,True,True
39282008,16.94000000,2.23000000,37.77620000,1664668949120,False,True
39282009,16.94000000,31.23000000,529.03620000,1664668949177,False,True
39282010,16.94000000,7.06000000,119.59640000,1664668954221,False,True
39282011,16.94000000,3.08000000,52.17520000,1664668954221,False,True
39282012,16.94000000,27.16000000,460.09040000,1664668954222,False,True
39282013,16.94000000,20.76000000,351.67440000,1664668954233,False,True
39282014,16.95000000,29.00000000,491.55000000,1664668955885,False,True
39282015,16.95000000,29.00000000,491.55000000,1664668956136,False,True
39282016,16.95000000,8.58000000,145.43100000,1664668968466,True,True
39282017,16.96000000,6.21000000,105.32160000,1664668973921,False,True
39282018,16.95000000,5.19000000,87.97050000,1664668993466,True,True
39282019,16.96000000,0.58000000,9.83680000,1664669000750,False,True
39282020,16.95000000,24.06000000,407.81700000,1664669007319,True,True
39282021,16.95000000,35.63000000,603.92850000,1664669007319,True,True
39282022,16.95000000,1.00000000,16.95000000,1664669007319,True,True
39282023,16.95000000,14.91000000,252.72450000,1664669007319,True,True
39282024,16.94000000,3.39000000,57.42660000,1664669010535,True,True
39282025,16.94000000,8.15000000,138.06100000,1664669018466,True,True
39282026,16.94000000,26.29000000,445.35260000,1664669024558,True,True
39282027,16.94000000,19.56000000,331.34640000,1664669024558,True,True
39282028,16.94000000,5.90000000,99.94600000,1664669024558,True,True
39282029,16.94000000,29.99000000,508.03060000,1664669024558,True,True
39282030,16.94000000,62.13000000,1052.48220000,1664669024558,True,True
39282031,16.94000000,117.54000000,1991.12760000,1664669024558,True,True
39282032,16.94000000,48.24000000,817.18560000,1664669024558,True,True
39282033,16.94000000,44.12000000,747.39280000,1664669024558,True,True
39282034,16.95000000,55.00000000,932.25000000,1664669025550,False,True
39282035,16.95000000,55.00000000,932.25000000,1664669025550,False,True
39282036,16.95000000,37.58000000,636.98100000,1664669025550,False,True
39282037,16.95000000,24.66000000,417.98700000,1664669025550,False,True
39282038,16.94000000,5.50000000,93.17000000,1664669053466,True,True
39282039,16.94000000,5.12000000,86.73280000,1664669053466,True,True
39282040,16.94000000,0.78000000,13.21320000,1664669093466,True,True
39282041,16.94000000,8.78000000,148.73320000,1664669093466,True,True
39282042,16.94000000,29.55000000,500.57700000,1664669098886,False,True
39282043,16.94000000,5.45000000,92.32300000,1664669098886,False,True
39282044,16.94000000,2.23000000,37.77620000,1664669098915,False,True
39282045,16.94000000,35.00000000,592.90000000,1664669098945,False,True
39282046,16.94000000,19.46000000,329.65240000,1664669099010,False,True
39282047,16.94000000,15.54000000,263.24760000,1664669099010,False,True
39282048,16.94000000,21.48000000,363.87120000,1664669099129,False,True
39282049,16.94000000,48.52000000,821.92880000,1664669099129,False,True
39282050,16.94000000,6.48000000,109.77120000,1664669099338,False,True
39282051,16.94000000,50.00000000,847.00000000,1664669100577,False,True
39282052,16.94000000,13.52000000,229.02880000,1664669100577,False,True
39282053,16.93000000,2.70000000,45.71100000,1664669113466,True,True
39282054,16.93000000,0.62000000,10.49660000,1664669113466,True,True
39282055,16.93000000,1.05000000,17.77650000,1664669113466,True,True
39282056,16.94000000,0.64000000,10.84160000,1664669123980,False,True
39282057,16.94000000,1.18000000,19.98920000,1664669128163,False,True
39282058,16.94000000,4.55000000,77.07700000,1664669131977,False,True
39282059,16.94000000,18.89000000,319.99660000,1664669133013,False,True
39282060,16.94000000,4.55000000,77.07700000,1664669133161,False,True
39282061,16.94000000,18.79000000,318.30260000,1664669133247,False,True
39282062,16.94000000,55.00000000,931.70000000,1664669133247,False,True
39282063,16.94000000,51.18000000,866.98920000,1664669133247,False,True
39282064,16.94000000,39.28000000,665.40320000,1664669133247,False,True
39282065,16.94000000,2.87000000,48.61780000,1664669133305,False,True
39282066,16.94000000,2.86000000,48.44840000,1664669133326,False,True
39282067,16.94000000,3.24000000,54.88560000,1664669144005,False,True
39282068,16.94000000,6.75000000,114.34500000,1664669160292,False,True
39282069,16.94000000,16.04000000,271.71760000,1664669160292,False,True
39282070,16.94000000,38.96000000,659.98240000,1664669160293,False,True
39282071,16.95000000,11.48000000,194.58600000,1664669160293,False,True
39282072,16.95000000,39.43000000,668.33850000,1664669160293,False,True
39282073,16.95000000,4.09000000,69.32550000,1664669160293,False,True
39282074,16.95000000,10.02000000,169.83900000,1664669160293,False,True
39282075,16.95000000,5.73000000,97.12350000,1664669160296,False,True
39282076,16.95000000,2.67000000,45.25650000,1664669165576,False,True
39282077,16.95000000,7.21000000,122.20950000,1664669165717,False,True
39282078,16.95000000,0.81000000,13.72950000,1664669165742,False,True
39282079,16.95000000,1.98000000,33.56100000,1664669165967,False,True
39282080,16.96000000,0.79000000,13.39840000,1664669239016,False,True
39282081,16.96000000,1.01000000,17.12960000,1664669263356,False,True
39282082,16.96000000,1.76000000,29.84960000,1664669263356,False,True
39282083,16.96000000,2.70000000,45.79200000,1664669263356,False,True
39282084,16.96000000,61.27000000,1039.13920000,1664669263356,False,True
39282085,16.96000000,11.42000000,193.68320000,1664669263356,False,True
39282086,16.96000000,0.75000000,12.72000000,1664669296560,True,True
39282087,16.97000000,4.15000000,70.42550000,1664669301622,False,True
39282088,16.97000000,50.85000000,862.92450000,1664669321529,False,True
39282089,16.97000000,16.95000000,287.64150000,1664669321529,False,True
39282090,16.97000000,16.55000000,280.85350000,1664669321529,False,True
39282091,16.97000000,11.57000000,196.34290000,1664669321529,False,True
39282092,16.97000000,6.35000000,107.75950000,1664669326534,False,True
39282093,16.97000000,27.67000000,469.55990000,1664669326534,False,True
39282094,16.97000000,10.00000000,169.70000000,1664669326534,False,True
39282095,16.97000000,10.08000000,171.05760000,1664669326534,False,True
39282096,16.97000000,2.94000000,49.89180000,1664669335083,False,True
39282097,16.97000000,0.59000000,10.01230000,1664669339720,False,True
39282098,16.97000000,41.44000000,703.23680000,1664669410245,False,True
39282099,16.97000000,1.09000000,18.49730000,1664669410245,False,True
39282100,16.97000000,1.09000000,18.49730000,1664669410245,False,True
39282101,16.97000000,55.00000000,933.35000000,1664669410245,False,True
39282102,16.97000000,63.92000000,1084.72240000,1664669410245,False,True
39282103,16.97000000,14.84000000,251.83480000,1664669410245,False,True
39282104,16.97000000,2.78000000,47.17660000,1664669439280,False,True
39282105,16.97000000,6.69000000,113.52930000,1664669452233,False,True
39282106,16.97000000,1.47000000,24.94590000,1664669470012,False,True
39282107,16.98000000,0.70000000,11.88600000,1664669485500,False,True
39282108,16.98000000,0.62000000,10.52760000,1664669496692,False,True
39282109,16.98000000,1.30000000,22.07400000,1664669522271,False,True
39282110,16.98000000,1.76000000,29.88480000,1664669522271,False,True
39282111,16.98000000,1.86000000,31.58280000,1664669522297,True,True
39282112,16.99000000,2.11000000,35.84890000,1664669522780,False,True
39282113,16.99000000,3.06000000,51.98940000,1664669523201,False,True
39282114,16.99000000,3.01000000,51.13990000,1664669523280,False,True
39282115,16.99000000,1.30000000,22.08700000,1664669534006,False,True
39282116,16.99000000,5.94000000,100.92060000,1664669534006,False,True
39282117,16.99000000,2.94000000,49.95060000,1664669534006,False,True
39282118,16.99000000,1.76000000,29.90240000,1664669534006,False,True
39282119,16.99000000,5.94000000,100.92060000,1664669534026,False,True
39282120,16.99000000,5.94000000,100.92060000,1664669561184,False,True
39282121,16.99000000,5.94000000,100.92060000,1664669561185,False,True
39282122,16.99000000,5.94000000,100.92060000,1664669561186,False,True
39282123,16.99000000,5.94000000,100.92060000,1664669561187,False,True
39282124,16.99000000,5.94000000,100.92060000,1664669561187,False,True
39282125,16.99000000,5.94000000,100.92060000,1664669561188,False,True
39282126,16.99000000,5.94000000,100.92060000,1664669561190,False,True
39282127,16.99000000,5.88000000,99.90120000,1664669561193,False,True
39282128,17.00000000,55.00000000,935.00000000,1664669561193,False,True
39282129,17.00000000,10.29000000,174.93000000,1664669561193,False,True
39282130,17.00000000,1.29000000,21.93000000,1664669561193,False,True
39282131,17.00000000,29.83000000,507.11000000,1664669561193,False,True
39282132,17.00000000,587.30000000,9984.10000000,1664669561193,False,True
39282133,17.00000000,1.24000000,21.08000000,1664669561193,False,True
39282134,17.00000000,1.00000000,17.00000000,1664669561193,False,True
39282135,17.00000000,10.00000000,170.00000000,1664669561193,False,True
39282136,17.00000000,1.76000000,29.92000000,1664669561193,False,True
39282137,17.01000000,0.62000000,10.54620000,1664669561204,False,True
39282138,17.01000000,14.71000000,250.21710000,1664669561240,False,True
39282139,17.01000000,0.62000000,10.54620000,1664669594547,False,True
39282140,17.01000000,0.68000000,11.56680000,1664669617576,False,True
39282141,17.01000000,2.27000000,38.61270000,1664669617576,False,True
39282142,17.01000000,0.50000000,8.50500000,1664669628829,False,True
39282143,17.01000000,16.14000000,274.54140000,1664669628829,False,True
39282144,17.01000000,23.85000000,405.68850000,1664669633203,False,True
39282145,17.01000000,0.65000000,11.05650000,1664669652968,False,True
39282146,17.01000000,7.37000000,125.36370000,1664669658117,False,True
39282147,17.01000000,6.99000000,118.89990000,1664669658120,False,True
39282148,17.02000000,55.00000000,936.10000000,1664669658135,False,True
39282149,17.02000000,1.30000000,22.12600000,1664669658135,False,True
39282150,17.02000000,1.29000000,21.95580000,1664669658135,False,True
39282151,17.02000000,10.00000000,170.20000000,1664669658135,False,True
39282152,17.02000000,5.93000000,100.92860000,1664669658135,False,True
39282153,17.02000000,78.57000000,1337.26140000,1664669658135,False,True
39282154,17.02000000,12.37000000,210.53740000,1664669658141,False,True
39282155,17.02000000,1.68000000,28.59360000,1664669658141,False,True
39282156,17.02000000,12.68000000,215.81360000,1664669658141,False,True
39282157,17.02000000,30.78000000,523.87560000,1664669658143,False,True
39282158,17.02000000,7.48000000,127.30960000,1664669658143,False,True
39282159,17.02000000,1.76000000,29.95520000,1664669658143,False,True
39282160,17.02000000,10.05000000,171.05100000,1664669658143,False,True
39282161,17.02000000,20.00000000,340.40000000,1664669658143,False,True
39282162,17.02000000,1.11000000,18.89220000,1664669658143,False,True
39282163,17.02000000,5.93000000,100.92860000,1664669658143,False,True
39282164,17.02000000,1.09000000,18.55180000,1664669658143,False,True
39282165,17.02000000,1.11000000,18.89220000,1664669658143,False,True
39282166,17.02000000,1.09000000,18.55180000,1664669658143,False,True
39282167,17.02000000,5.93000000,100.92860000,1664669658143,False,True
39282168,17.02000000,5.93000000,100.92860000,1664669658143,False,True
39282169,17.02000000,5.93000000,100.92860000,1664669658143,False,True
39282170,17.02000000,5.93000000,100.92860000,1664669658143,False,True
39282171,17.02000000,5.93000000,100.92860000,1664669658143,False,True
39282172,17.02000000,5.93000000,100.92860000,1664669658143,False,True
39282173,17.02000000,5.93000000,100.92860000,1664669658143,False,True
39282174,17.02000000,5.86000000,99.73720000,1664669658143,False,True
39282175,17.03000000,14.46000000,246.25380000,1664669658388,False,True
39282176,17.03000000,4.84000000,82.42520000,1664669658404,False,True
39282177,17.03000000,5.89000000,100.30670000,1664669658431,False,True
39282178,17.03000000,5.85000000,99.62550000,1664669658435,False,True
39282179,17.03000000,1.22000000,20.77660000,1664669658435,False,True
39282180,17.03000000,0.08000000,1.36240000,1664669658596,False,True
39282181,17.03000000,0.69000000,11.75070000,1664669658596,False,True
39282182,17.03000000,0.64000000,10.89920000,1664669658596,False,True
39282183,17.03000000,10.20000000,173.70600000,1664669658596,False,True
39282184,17.03000000,8.15000000,138.79450000,1664669659216,False,True
39282185,17.03000000,2.94000000,50.06820000,1664669659216,False,True
39282186,17.03000000,2.93000000,49.89790000,1664669659216,False,True
39282187,17.03000000,8.16000000,138.96480000,1664669659216,False,True
39282188,17.03000000,3.84000000,65.39520000,1664669659297,False,True
39282189,17.03000000,1.08000000,18.39240000,1664669659297,False,True
39282190,17.03000000,1.45000000,24.69350000,1664669659949,True,True
39282191,17.03000000,43.36000000,738.42080000,1664669674891,True,True
39282192,17.03000000,44.80000000,762.94400000,1664669674902,True,True
39282193,17.03000000,15.33000000,261.06990000,1664669674902,True,True
39282194,17.03000000,22.40000000,381.47200000,1664669674904,True,True
39282195,17.03000000,23.54000000,400.88620000,1664669715412,False,True
39282196,17.03000000,6.91000000,117.67730000,1664669715412,False,True
39282197,17.03000000,23.54000000,400.88620000,1664669715412,False,True
39282198,17.03000000,1.27000000,21.62810000,1664669715412,False,True
39282199,17.03000000,22.27000000,379.25810000,1664669715436,False,True
39282200,17.03000000,11.40000000,194.14200000,1664669715476,False,True
39282201,17.03000000,12.14000000,206.74420000,1664669715507,False,True
39282202,17.03000000,0.62000000,10.55860000,1664669715892,False,True
39282203,17.03000000,0.89000000,15.15670000,1664669716105,False,True
39282204,17.03000000,0.62000000,10.55860000,1664669717608,False,True
39282205,17.03000000,1.18000000,20.09540000,1664669717646,False,True
39282206,17.03000000,1.76000000,29.97280000,1664669719261,False,True
39282207,17.02000000,20.00000000,340.40000000,1664669738731,True,True
39282208,17.02000000,5.50000000,93.61000000,1664669757112,True,True
39282209,17.02000000,1.76000000,29.95520000,1664669757112,True,True
39282210,17.02000000,8.79000000,149.60580000,1664669786589,False,True
39282211,17.02000000,9.03000000,153.69060000,1664669811240,False,True
39282212,17.02000000,9.42000000,160.32840000,1664669811250,False,True
39282213,17.02000000,7.15000000,121.69300000,1664669811250,False,True
39282214,17.02000000,14.91000000,253.76820000,1664669811250,False,True
39282215,17.02000000,39.02000000,664.12040000,1664669839619,True,True
39282216,17.02000000,55.00000000,936.10000000,1664669839619,True,True
39282217,17.02000000,55.00000000,936.10000000,1664669839619,True,True
39282218,17.02000000,30.14000000,512.98280000,1664669839619,True,True
39282219,17.02000000,10.10000000,171.90200000,1664669839619,True,True
39282220,17.01000000,2.70000000,45.92700000,1664669858505,True,True
39282221,17.01000000,2.73000000,46.43730000,1664669858505,True,True
39282222,17.02000000,39.02000000,664.12040000,1664669883258,False,True
39282223,17.02000000,30.45000000,518.25900000,1664669883258,False,True
39282224,17.02000000,8.58000000,146.03160000,1664669883258,False,True
39282225,17.02000000,31.53000000,536.64060000,1664669883258,False,True
39282226,17.02000000,5.93000000,100.92860000,1664669883267,False,True
39282227,17.02000000,5.93000000,100.92860000,1664669883267,False,True
39282228,17.02000000,5.93000000,100.92860000,1664669883267,False,True
39282229,17.02000000,5.93000000,100.92860000,1664669883267,False,True
39282230,17.02000000,5.93000000,100.92860000,1664669883267,False,True
39282231,17.02000000,0.84000000,14.29680000,1664669883267,False,True
39282232,17.02000000,5.09000000,86.63180000,1664669883274,False,True
39282233,17.02000000,5.93000000,100.92860000,1664669883274,False,True
39282234,17.02000000,2.78000000,47.31560000,1664669883274,False,True
39282235,17.02000000,3.15000000,53.61300000,1664669883275,False,True
39282236,17.02000000,5.93000000,100.92860000,1664669883275,False,True
39282237,17.02000000,5.86000000,99.73720000,1664669883275,False,True
39282238,17.03000000,44.80000000,762.94400000,1664669884195,False,True
39282239,17.03000000,14.19000000,241.65570000,1664669884195,False,True
39282240,17.03000000,5.92000000,100.81760000,1664669897848,False,True
39282241,17.03000000,5.92000000,100.81760000,1664669898265,False,True
39282242,17.03000000,5.92000000,100.81760000,1664669898265,False,True
39282243,17.03000000,5.92000000,100.81760000,1664669898265,False,True
39282244,17.03000000,5.92000000,100.81760000,1664669898265,False,True
39282245,17.03000000,5.92000000,100.81760000,1664669898265,False,True
39282246,17.03000000,5.92000000,100.81760000,1664669898265,False,True
39282247,17.03000000,5.92000000,100.81760000,1664669898265,False,True
39282248,17.03000000,5.92000000,100.81760000,1664669898265,False,True
39282249,17.03000000,5.92000000,100.81760000,1664669898265,False,True
39282250,17.04000000,5.72000000,97.46880000,1664669898265,False,True
39282251,17.03000000,3.87000000,65.90610000,1664669901992,True,True
39282252,17.03000000,3.87000000,65.90610000,1664669902045,True,True
39282253,17.03000000,3.87000000,65.90610000,1664669902104,True,True
39282254,17.03000000,3.87000000,65.90610000,1664669902341,True,True
39282255,17.03000000,3.87000000,65.90610000,1664669902396,True,True
39282256,17.03000000,3.87000000,65.90610000,1664669902454,True,True
39282257,17.03000000,3.87000000,65.90610000,1664669902509,True,True
39282258,17.03000000,3.87000000,65.90610000,1664669902568,True,True
39282259,17.03000000,3.87000000,65.90610000,1664669906142,True,True
39282260,17.03000000,3.85000000,65.56550000,1664669906207,True,True
39282261,17.04000000,0.60000000,10.22400000,1664669954049,False,True
39282262,17.04000000,4.67000000,79.57680000,1664669967423,False,True
39282263,17.04000000,44.01000000,749.93040000,1664669990353,False,True
39282264,17.04000000,1.30000000,22.15200000,1664669990353,False,True
39282265,17.04000000,0.69000000,11.75760000,1664669990353,False,True
39282266,17.04000000,2.13000000,36.29520000,1664669990353,False,True
39282267,17.04000000,7.47000000,127.28880000,1664669990353,False,True
39282268,17.04000000,7.45000000,126.94800000,1664669990353,False,True
39282269,17.04000000,20.00000000,340.80000000,1664669990353,False,True
39282270,17.04000000,7.47000000,127.28880000,1664669990353,False,True
39282271,17.04000000,29.69000000,505.91760000,1664669990353,False,True
39282272,17.04000000,1.09000000,18.57360000,1664669990353,False,True
39282273,17.04000000,1.09000000,18.57360000,1664669990353,False,True
39282274,17.04000000,55.00000000,937.20000000,1664669990353,False,True
39282275,17.04000000,5.92000000,100.87680000,1664669990353,False,True
39282276,17.04000000,38.68000000,659.10720000,1664669990353,False,True
39282277,17.04000000,5.92000000,100.87680000,1664669990353,False,True
39282278,17.04000000,5.92000000,100.87680000,1664669990353,False,True
39282279,17.04000000,5.92000000,100.87680000,1664669990353,False,True
39282280,17.04000000,5.92000000,100.87680000,1664669990353,False,True
39282281,17.04000000,5.92000000,100.87680000,1664669990353,False,True
39282282,17.04000000,5.92000000,100.87680000,1664669990353,False,True
39282283,17.04000000,5.92000000,100.87680000,1664669990353,False,True
39282284,17.04000000,5.92000000,100.87680000,1664669990353,False,True
39282285,17.04000000,5.88000000,100.19520000,1664669990353,False,True
39282286,17.04000000,6.63000000,112.97520000,1664669990365,True,True
39282287,17.04000000,70.00000000,1192.80000000,1664669990402,True,True
39282288,17.04000000,1.69000000,28.79760000,1664669990449,True,True
39282289,17.04000000,2.21000000,37.65840000,1664669990496,True,True
39282290,17.04000000,2.21000000,37.65840000,1664669990556,True,True
39282291,17.05000000,0.62000000,10.57100000,1664670005272,False,True
39282292,17.05000000,0.64000000,10.91200000,1664670010986,False,True
39282293,17.05000000,2.02000000,34.44100000,1664670018357,False,True
39282294,17.05000000,1.29000000,21.99450000,1664670018357,False,True
39282295,17.05000000,3.87000000,65.98350000,1664670018357,False,True
39282296,17.05000000,2.93000000,49.95650000,1664670018357,False,True
39282297,17.05000000,10.00000000,170.50000000,1664670018357,False,True
39282298,17.05000000,1.76000000,30.00800000,1664670018357,False,True
39282299,17.05000000,5.92000000,100.93600000,1664670018357,False,True
39282300,17.05000000,1.11000000,18.92550000,1664670018357,False,True
39282301,17.05000000,1.10000000,18.75500000,1664670018357,False,True
39282302,17.05000000,4.00000000,68.20000000,1664670067735,False,True
39282303,17.05000000,1.92000000,32.73600000,1664670104665,False,True
39282304,17.05000000,2.70000000,46.03500000,1664670104665,False,True
39282305,17.05000000,1.11000000,18.92550000,1664670104665,False,True
39282306,17.05000000,1.11000000,18.92550000,1664670104665,False,True
39282307,17.05000000,1.09000000,18.58450000,1664670104665,False,True
39282308,17.05000000,6.93000000,118.15650000,1664670104665,False,True
39282309,17.05000000,2.19000000,37.33950000,1664670104666,False,True
39282310,17.05000000,3.06000000,52.17300000,1664670104666,False,True
39282311,17.05000000,4.17000000,71.09850000,1664670104666,False,True
39282312,17.05000000,6.05000000,103.15250000,1664670104666,False,True
39282313,17.05000000,12.20000000,208.01000000,1664670104669,False,True
39282314,17.05000000,1.89000000,32.22450000,1664670104672,False,True
39282315,17.05000000,5.92000000,100.93600000,1664670104672,False,True
39282316,17.05000000,3.50000000,59.67500000,1664670104672,False,True
39282317,17.05000000,2.42000000,41.26100000,1664670104679,False,True
39282318,17.05000000,3.31000000,56.43550000,1664670104679,False,True
39282319,17.05000000,2.61000000,44.50050000,1664670104703,False,True
39282320,17.05000000,5.20000000,88.66000000,1664670104703,False,True
39282321,17.05000000,0.72000000,12.27600000,1664670104727,False,True
39282322,17.05000000,1.89000000,32.22450000,1664670104727,False,True
39282323,17.05000000,4.03000000,68.71150000,1664670104785,False,True
39282324,17.05000000,4.03000000,68.71150000,1664670104794,False,True
39282325,17.05000000,1.89000000,32.22450000,1664670104855,False,True
39282326,17.05000000,4.03000000,68.71150000,1664670104855,False,True
39282327,17.05000000,1.89000000,32.22450000,1664670104887,False,True
39282328,17.05000000,1.89000000,32.22450000,1664670104899,False,True
39282329,17.05000000,3.96000000,67.51800000,1664670104911,False,True
39282330,17.06000000,0.62000000,10.57720000,1664670105266,False,True
39282331,17.06000000,0.06000000,1.02360000,1664670105655,False,True
39282332,17.06000000,1.18000000,20.13080000,1664670105655,False,True
39282333,17.06000000,6.95000000,118.56700000,1664670105655,False,True
39282334,17.06000000,0.64000000,10.91840000,1664670105655,False,True
39282335,17.06000000,10.29000000,175.54740000,1664670105655,False,True
39282336,17.06000000,35.40000000,603.92400000,1664670105655,False,True
39282337,17.06000000,0.98000000,16.71880000,1664670105761,True,True
39282338,17.06000000,35.00000000,597.10000000,1664670105845,True,True
39282339,17.06000000,11.40000000,194.48400000,1664670106055,True,True
39282340,17.06000000,4.10000000,69.94600000,1664670106055,True,True
39282341,17.06000000,2.21000000,37.70260000,1664670106125,True,True
39282342,17.07000000,1.30000000,22.19100000,1664670106296,False,True
39282343,17.07000000,1.29000000,22.02030000,1664670106296,False,True
39282344,17.07000000,1.18000000,20.14260000,1664670106296,False,True
39282345,17.07000000,16.23000000,277.04610000,1664670106296,False,True
39282346,17.07000000,71.93000000,1227.84510000,1664670106296,False,True
39282347,17.07000000,0.75000000,12.80250000,1664670106296,False,True
39282348,17.07000000,55.00000000,938.85000000,1664670106296,False,True
39282349,17.07000000,56.61000000,966.33270000,1664670106296,False,True
39282350,17.07000000,7.79000000,132.97530000,1664670106296,False,True
39282351,17.07000000,46.60000000,795.46200000,1664670106296,False,True
39282352,17.07000000,11.78000000,201.08460000,1664670106296,False,True
39282353,17.07000000,12.00000000,204.84000000,1664670106296,False,True
39282354,17.07000000,10.29000000,175.65030000,1664670106296,False,True
39282355,17.07000000,1.76000000,30.04320000,1664670106296,False,True
39282356,17.07000000,5.14000000,87.73980000,1664670106296,False,True
39282357,17.07000000,20.00000000,341.40000000,1664670106296,False,True
39282358,17.07000000,56.68000000,967.52760000,1664670106296,False,True
39282359,17.07000000,72.65000000,1240.13550000,1664670106296,False,True
39282360,17.06000000,2.21000000,37.70260000,1664670106383,True,True
39282361,17.06000000,25.50000000,435.03000000,1664670115178,True,True
39282362,17.07000000,0.62000000,10.58340000,1664670139748,False,True
39282363,17.07000000,3.52000000,60.08640000,1664670150246,False,True
39282364,17.07000000,1.76000000,30.04320000,1664670150246,False,True
39282365,17.07000000,3.52000000,60.08640000,1664670167690,False,True
39282366,17.07000000,0.48000000,8.19360000,1664670167690,False,True
39282367,17.06000000,0.59000000,10.06540000,1664670178802,True,True
39282368,17.07000000,37.01000000,631.76070000,1664670195584,False,True
39282369,17.06000000,10.15000000,173.15900000,1664670207561,True,True
39282370,17.06000000,10.24000000,174.69440000,1664670208062,True,True
39282371,17.06000000,44.80000000,764.28800000,1664670208062,True,True
39282372,17.06000000,0.70000000,11.94200000,1664670208062,True,True
39282373,17.06000000,3.95000000,67.38700000,1664670208062,True,True
39282374,17.06000000,82.29000000,1403.86740000,1664670208071,True,True
39282375,17.06000000,5.99000000,102.18940000,1664670208071,True,True
39282376,17.06000000,49.01000000,836.11060000,1664670208074,True,True
39282377,17.06000000,6.15000000,104.91900000,1664670231379,False,True
39282378,17.07000000,30.87000000,526.95090000,1664670258022,False,True
39282379,17.07000000,61.19000000,1044.51330000,1664670269062,False,True
39282380,17.07000000,12.04000000,205.52280000,1664670307315,False,True
39282381,17.07000000,9.03000000,154.14210000,1664670332325,False,True
39282382,17.07000000,6.77000000,115.56390000,1664670357341,False,True
39282383,17.07000000,2.86000000,48.82020000,1664670432382,False,True
39282384,17.06000000,0.64000000,10.91840000,1664670447455,True,True
39282385,17.06000000,6.36000000,108.50160000,1664670467356,True,True
39282386,17.06000000,17.01000000,290.19060000,1664670475755,True,True
39282387,17.06000000,55.00000000,938.30000000,1664670478294,True,True
39282388,17.05000000,4.67000000,79.62350000,1664670479498,True,True
39282389,17.05000000,1.18000000,20.11900000,1664670508293,True,True
39282390,17.05000000,14.94000000,254.72700000,1664670508303,True,True
39282391,17.05000000,1.76000000,30.00800000,1664670508303,True,True
39282392,17.04000000,1.76000000,29.99040000,1664670513233,True,True
39282393,17.03000000,2.76000000,47.00280000,1664670513233,True,True
39282394,17.04000000,4.68000000,79.74720000,1664670514030,False,True
39282395,17.03000000,0.62000000,10.55860000,1664670514790,True,True
39282396,17.03000000,8.78000000,149.52340000,1664670541111,True,True
39282397,17.04000000,11.18000000,190.50720000,1664670567526,False,True
39282398,17.04000000,47.64000000,811.78560000,1664670567526,False,True
39282399,17.04000000,17.90000000,305.01600000,1664670571559,False,True
39282400,17.04000000,4.52000000,77.02080000,1664670572746,True,True
39282401,17.04000000,29.00000000,494.16000000,1664670592390,True,True
39282402,17.04000000,4.52000000,77.02080000,1664670596370,True,True
39282403,17.04000000,4.52000000,77.02080000,1664670596585,True,True
39282404,17.04000000,4.52000000,77.02080000,1664670596646,True,True
39282405,17.04000000,10.84000000,184.71360000,1664670600131,True,True
39282406,17.04000000,6.81000000,116.04240000,1664670600856,True,True
39282407,17.05000000,0.60000000,10.23000000,1664670601779,False,True
39282408,17.03000000,45.60000000,776.56800000,1664670612142,True,True
39282409,17.03000000,1.93000000,32.86790000,1664670612142,True,True
39282410,17.03000000,22.67000000,386.07010000,1664670617638,True,True
39282411,17.03000000,75.40000000,1284.06200000,1664670617658,True,True
39282412,17.03000000,1.30000000,22.13900000,1664670617658,True,True
39282413,17.03000000,5.40000000,91.96200000,1664670617658,True,True
39282414,17.03000000,10.00000000,170.30000000,1664670617658,True,True
39282415,17.03000000,17.72000000,301.77160000,1664670617658,True,True
39282416,17.03000000,0.39000000,6.64170000,1664670617658,True,True
39282417,17.03000000,87.61000000,1491.99830000,1664670617665,True,True
39282418,17.03000000,1.76000000,29.97280000,1664670617665,True,True
39282419,17.03000000,3.50000000,59.60500000,1664670617691,False,True
39282420,17.03000000,55.00000000,936.65000000,1664670622530,True,True
39282421,17.02000000,6.65000000,113.18300000,1664670622562,True,True
39282422,17.05000000,35.16000000,599.47800000,1664670714223,False,True
39282423,17.05000000,10.00000000,170.50000000,1664670722036,False,True
39282424,17.05000000,11.80000000,201.19000000,1664670722036,False,True
39282425,17.05000000,1.76000000,30.00800000,1664670722036,False,True
39282426,17.05000000,2.81000000,47.91050000,1664670722036,False,True
39282427,17.05000000,32.57000000,555.31850000,1664670722036,False,True
39282428,17.05000000,2.81000000,47.91050000,1664670722036,False,True
39282429,17.05000000,2.81000000,47.91050000,1664670722036,False,True
39282430,17.05000000,2.81000000,47.91050000,1664670722036,False,True
39282431,17.05000000,2.81000000,47.91050000,1664670722036,False,True
39282432,17.05000000,2.81000000,47.91050000,1664670722036,False,True
39282433,17.05000000,2.81000000,47.91050000,1664670722036,False,True
39282434,17.05000000,2.81000000,47.91050000,1664670722036,False,True
39282435,17.05000000,2.81000000,47.91050000,1664670722036,False,True
39282436,17.05000000,2.79000000,47.56950000,1664670722036,False,True
39282437,17.06000000,44.80000000,764.28800000,1664670737648,False,True
39282438,17.06000000,55.00000000,938.30000000,1664670737648,False,True
39282439,17.06000000,7.47000000,127.43820000,1664670737648,False,True
39282440,17.06000000,29.90000000,510.09400000,1664670737648,False,True
39282441,17.06000000,4.88000000,83.25280000,1664670771876,False,True
39282442,17.05000000,21.91000000,373.56550000,1664670788545,True,True
39282443,17.05000000,1.11000000,18.92550000,1664670809416,True,True
39282444,17.06000000,6.42000000,109.52520000,1664670840113,True,True
39282445,17.06000000,6.42000000,109.52520000,1664670840288,True,True
39282446,17.06000000,9.08000000,154.90480000,1664670840288,True,True
39282447,17.06000000,10.79000000,184.07740000,1664670840368,True,True
39282448,17.05000000,5.88000000,100.25400000,1664670840781,True,True
39282449,17.06000000,33.39000000,569.63340000,1664670909449,True,True
39282450,17.06000000,5.63000000,96.04780000,1664670909535,True,True
39282451,17.06000000,5.53000000,94.34180000,1664670909535,True,True
39282452,17.06000000,35.00000000,597.10000000,1664670910127,True,True
39282453,17.06000000,14.47000000,246.85820000,1664670910819,True,True
39282454,17.06000000,34.32000000,585.49920000,1664670910819,True,True
39282455,17.05000000,6.86000000,116.96300000,1664670910835,True,True
39282456,17.05000000,53.14000000,906.03700000,1664670910835,True,True
39282457,17.05000000,7.62000000,129.92100000,1664670910838,True,True
39282458,17.05000000,22.01000000,375.27050000,1664670910838,True,True
39282459,17.05000000,5.53000000,94.28650000,1664670910838,True,True
39282460,17.06000000,2.00000000,34.12000000,1664670923357,False,True
39282461,17.06000000,3.00000000,51.18000000,1664670952137,False,True
39282462,17.06000000,34.02000000,580.38120000,1664670987565,False,True
39282463,17.06000000,55.00000000,938.30000000,1664670987565,False,True
39282464,17.06000000,35.57000000,606.82420000,1664670987565,False,True
39282465,17.06000000,3.00000000,51.18000000,1664671024400,False,True
39282466,17.05000000,20.17000000,343.89850000,1664671035687,True,True
39282467,17.05000000,1.67000000,28.47350000,1664671035687,True,True
39282468,17.05000000,15.18000000,258.81900000,1664671035687,True,True
39282469,17.05000000,5.50000000,93.77500000,1664671063117,True,True
39282470,17.05000000,33.81000000,576.46050000,1664671063117,True,True
39282471,17.05000000,40.31000000,687.28550000,1664671063117,True,True
39282472,17.05000000,14.95000000,254.89750000,1664671063117,True,True
39282473,17.05000000,7.44000000,126.85200000,1664671063117,True,True
39282474,17.05000000,36.74000000,626.41700000,1664671063117,True,True
39282475,17.06000000,0.84000000,14.33040000,1664671067635,False,True
39282476,17.05000000,5.73000000,97.69650000,1664671067688,True,True
39282477,17.06000000,29.30000000,499.85800000,1664671135106,False,True
39282478,17.06000000,1.42000000,24.22520000,1664671224515,False,True
39282479,17.05000000,19.21000000,327.53050000,1664671251076,True,True
39282480,17.05000000,9.11000000,155.32550000,1664671254101,True,True
39282481,17.06000000,5.86000000,99.97160000,1664671257101,False,True
39282482,17.05000000,5.50000000,93.77500000,1664671347587,True,True
39282483,17.04000000,15.48000000,263.77920000,1664671393119,True,True
39282484,17.04000000,33.81000000,576.12240000,1664671393291,True,True
39282485,17.04000000,26.88000000,458.03520000,1664671393307,True,True
39282486,17.04000000,1.76000000,29.99040000,1664671393307,True,True
39282487,17.04000000,4.61000000,78.55440000,1664671428806,False,True
39282488,17.03000000,1.33000000,22.64990000,1664671531420,True,True
39282489,17.03000000,1.87000000,31.84610000,1664671533022,True,True
39282490,17.03000000,1.76000000,29.97280000,1664671533022,True,True
39282491,17.02000000,1.30000000,22.12600000,1664671536187,True,True
39282492,17.02000000,1.29000000,21.95580000,1664671536187,True,True
39282493,17.02000000,5.40000000,91.90800000,1664671536187,True,True
39282494,17.02000000,10.00000000,170.20000000,1664671536187,True,True
39282495,17.02000000,1.08000000,18.38160000,1664671536187,True,True
39282496,17.02000000,2.70000000,45.95400000,1664671536187,True,True
39282497,17.02000000,1.76000000,29.95520000,1664671536187,True,True
39282498,17.00000000,0.62000000,10.54000000,1664671539092,True,True
39282499,17.00000000,54.38000000,924.46000000,1664671541098,True,True
39282500,17.00000000,29.62000000,503.54000000,1664671541098,True,True
39282501,17.00000000,82.32000000,1399.44000000,1664671541108,True,True
39282502,17.00000000,189.52000000,3221.84000000,1664671541117,True,True
39282503,17.00000000,113.09000000,1922.53000000,1664671541120,True,True
39282504,17.00000000,2.17000000,36.89000000,1664671541154,True,True
39282505,17.00000000,27.59000000,469.03000000,1664671541219,True,True
39282506,17.00000000,143.33000000,2436.61000000,1664671541234,True,True
39282507,17.00000000,8.82000000,149.94000000,1664671541234,True,True
39282508,17.00000000,1.30000000,22.10000000,1664671541234,True,True
39282509,17.00000000,1.29000000,21.93000000,1664671541234,True,True
39282510,17.00000000,1.76000000,29.92000000,1664671541234,True,True
39282511,16.99000000,1.30000000,22.08700000,1664671543080,True,True
39282512,16.99000000,0.90000000,15.29100000,1664671543080,True,True
39282513,16.99000000,10.00000000,169.90000000,1664671543080,True,True
39282514,16.99000000,1.08000000,18.34920000,1664671543080,True,True
39282515,16.99000000,5.40000000,91.74600000,1664671543080,True,True
39282516,16.98000000,1.30000000,22.07400000,1664671580186,True,True
39282517,16.98000000,0.69000000,11.71620000,1664671580186,True,True
39282518,16.98000000,1.31000000,22.24380000,1664671580186,True,True
39282519,16.98000000,2.56000000,43.46880000,1664671580203,True,True
39282520,16.98000000,11.77000000,199.85460000,1664671585684,False,True
39282521,16.97000000,6.61000000,112.17170000,1664671589848,True,True
39282522,16.98000000,50.00000000,849.00000000,1664671590080,False,True
39282523,16.98000000,12.92000000,219.38160000,1664671594158,False,True
39282524,16.97000000,1.30000000,22.06100000,1664671610470,True,True
39282525,16.97000000,0.69000000,11.70930000,1664671610470,True,True
39282526,16.97000000,1.29000000,21.89130000,1664671610470,True,True
39282527,16.97000000,1.76000000,29.86720000,1664671610470,True,True
39282528,16.96000000,0.62000000,10.51520000,1664671610478,True,True
39282529,16.97000000,3.16000000,53.62520000,1664671635059,False,True
39282530,16.97000000,33.85000000,574.43450000,1664671635059,False,True
39282531,16.97000000,3.19000000,54.13430000,1664671635076,False,True
39282532,16.98000000,33.85000000,574.77300000,1664671650229,True,True
39282533,16.98000000,55.00000000,933.90000000,1664671650229,True,True
39282534,16.98000000,31.86000000,540.98280000,1664671650229,True,True
39282535,16.98000000,5.50000000,93.39000000,1664671650229,True,True
39282536,16.97000000,33.85000000,574.43450000,1664671650229,True,True
39282537,16.97000000,55.00000000,933.35000000,1664671650229,True,True
39282538,16.97000000,3.16000000,53.62520000,1664671650229,True,True
39282539,16.97000000,5.44000000,92.31680000,1664671650229,True,True
39282540,16.98000000,33.85000000,574.77300000,1664671689398,False,True
39282541,16.98000000,4.52000000,76.74960000,1664671689398,False,True
39282542,16.98000000,17.99000000,305.47020000,1664671689404,False,True
39282543,16.99000000,35.82000000,608.58180000,1664671690938,False,True
39282544,16.99000000,7.43000000,126.23570000,1664671690938,False,True
39282545,16.99000000,14.75000000,250.60250000,1664671690938,False,True
39282546,16.98000000,19.45000000,330.26100000,1664671697004,True,True
39282547,16.99000000,3.36000000,57.08640000,1664671709593,False,True
39282548,16.99000000,39.96000000,678.92040000,1664671747286,False,True
39282549,16.99000000,14.06000000,238.87940000,1664671747287,False,True
39282550,16.99000000,11.63000000,197.59370000,1664671747307,False,True
39282551,16.99000000,11.30000000,191.98700000,1664671747307,False,True
39282552,16.99000000,134.41000000,2283.62590000,1664671747309,False,True
39282553,16.99000000,358.17000000,6085.30830000,1664671747311,False,True
39282554,16.99000000,3.00000000,50.97000000,1664671747311,False,True
39282555,16.99000000,167.75000000,2850.07250000,1664671747311,False,True
39282556,17.00000000,2.70000000,45.90000000,1664671800124,False,True
39282557,17.00000000,55.00000000,935.00000000,1664671800124,False,True
39282558,17.00000000,37.98000000,645.66000000,1664671800124,False,True
39282559,16.99000000,68.41000000,1162.28590000,1664671804343,True,True
39282560,17.00000000,35.21000000,598.57000000,1664671808753,False,True
39282561,17.00000000,0.60000000,10.20000000,1664671813671,False,True
39282562,17.00000000,26.94000000,457.98000000,1664671817632,False,True
39282563,17.00000000,1.76000000,29.92000000,1664671817632,False,True
39282564,17.00000000,86.48000000,1470.16000000,1664671817632,False,True
39282565,17.00000000,8.40000000,142.80000000,1664671817632,False,True
39282566,17.00000000,21.00000000,357.00000000,1664671850295,False,True
39282567,17.00000000,2.94000000,49.98000000,1664671941195,False,True
39282568,17.00000000,1.76000000,29.92000000,1664671941195,False,True
39282569,17.00000000,2.89000000,49.13000000,1664671941228,True,True
39282570,17.00000000,36.13000000,614.21000000,1664672042781,True,True
39282571,17.00000000,10.12000000,172.04000000,1664672042781,True,True
39282572,17.01000000,0.58000000,9.86580000,1664672085171,False,True
39282573,17.00000000,2.21000000,37.57000000,1664672091973,True,True
39282574,17.00000000,2.21000000,37.57000000,1664672116192,True,True
39282575,17.01000000,2.36000000,40.14360000,1664672242139,False,True
39282576,17.01000000,1.30000000,22.11300000,1664672242139,False,True
39282577,17.01000000,1.11000000,18.88110000,1664672242139,False,True
39282578,17.01000000,1.11000000,18.88110000,1664672242139,False,True
39282579,17.01000000,1.76000000,29.93760000,1664672242139,False,True
39282580,17.02000000,4.49000000,76.41980000,1664672246781,False,True
39282581,17.01000000,55.00000000,935.55000000,1664672355962,True,True
39282582,17.01000000,3.15000000,53.58150000,1664672355971,True,True
39282583,17.01000000,5.50000000,93.55500000,1664672355971,True,True
39282584,17.01000000,31.49000000,535.64490000,1664672355971,True,True
39282585,17.01000000,6.34000000,107.84340000,1664672365827,False,True
39282586,17.01000000,17.16000000,291.89160000,1664672365837,False,True
39282587,17.01000000,31.49000000,535.64490000,1664672365837,False,True
39282588,17.01000000,125.81000000,2140.02810000,1664672369233,True,True
39282589,17.01000000,4.53000000,77.05530000,1664672372873,True,True
39282590,17.01000000,1.05000000,17.86050000,1664672372921,True,True
39282591,17.01000000,4.53000000,77.05530000,1664672373049,True,True
39282592,17.01000000,7.66000000,130.29660000,1664672374377,True,True
39282593,17.01000000,11.81000000,200.88810000,1664672374428,True,True
39282594,17.01000000,1.63000000,27.72630000,1664672374614,True,True
39282595,17.01000000,36.28000000,617.12280000,1664672404246,True,True
39282596,17.01000000,5.35000000,91.00350000,1664672405302,False,True
39282597,17.01000000,5.35000000,91.00350000,1664672405302,False,True
39282598,17.01000000,36.91000000,627.83910000,1664672405302,False,True
39282599,17.01000000,1.00000000,17.01000000,1664672408502,False,True
39282600,17.01000000,19.40000000,329.99400000,1664672413503,False,True
39282601,17.01000000,1.11000000,18.88110000,1664672413503,False,True
39282602,17.01000000,1.11000000,18.88110000,1664672413503,False,True
39282603,17.01000000,45.83000000,779.56830000,1664672413588,True,True
39282604,17.01000000,11.16000000,189.83160000,1664672413588,True,True
39282605,17.01000000,31.21000000,530.88210000,1664672429437,True,True
39282606,17.01000000,12.63000000,214.83630000,1664672444361,True,True
39282607,17.01000000,37.45000000,637.02450000,1664672444361,True,True
39282608,17.00000000,3.21000000,54.57000000,1664672444401,True,True
39282609,17.00000000,0.64000000,10.88000000,1664672474631,True,True
39282610,17.00000000,55.00000000,935.00000000,1664672474631,True,True
39282611,17.00000000,38.72000000,658.24000000,1664672474631,True,True
39282612,17.01000000,0.90000000,15.30900000,1664672476233,False,True
39282613,17.00000000,13.03000000,221.51000000,1664672508792,True,True
39282614,17.00000000,0.76000000,12.92000000,1664672553781,True,True
39282615,17.00000000,21.62000000,367.54000000,1664672570049,True,True
39282616,17.01000000,0.70000000,11.90700000,1664672703551,False,True
39282617,17.00000000,1.66000000,28.22000000,1664672731679,True,True
39282618,17.00000000,1.66000000,28.22000000,1664672731682,True,True
39282619,17.00000000,1.66000000,28.22000000,1664672731682,True,True
39282620,17.00000000,1.66000000,28.22000000,1664672731683,True,True
39282621,17.00000000,1.66000000,28.22000000,1664672731683,True,True
39282622,17.00000000,1.66000000,28.22000000,1664672731685,True,True
39282623,17.00000000,19.45000000,330.65000000,1664672731763,True,True
39282624,17.00000000,21.34000000,362.78000000,1664672733951,False,True
39282625,16.99000000,1.76000000,29.90240000,1664672782503,True,True
39282626,16.99000000,2.70000000,45.87300000,1664672782503,True,True
39282627,16.98000000,25.00000000,424.50000000,1664672782522,True,True
39282628,16.98000000,25.25000000,428.74500000,1664672834330,True,True
39282629,16.98000000,34.91000000,592.77180000,1664672834522,True,True
39282630,16.98000000,15.09000000,256.22820000,1664672834627,True,True
39282631,16.98000000,46.98000000,797.72040000,1664672834627,True,True
39282632,16.98000000,9.83000000,166.91340000,1664672834891,True,True
39282633,16.98000000,1.61000000,27.33780000,1664672834995,True,True
39282634,16.98000000,29.58000000,502.26840000,1664672835200,True,True
39282635,16.98000000,10.00000000,169.80000000,1664672835200,True,True
39282636,16.98000000,1.76000000,29.88480000,1664672835200,True,True
39282637,16.98000000,35.82000000,608.22360000,1664672835200,True,True
39282638,16.97000000,55.00000000,933.35000000,1664672835200,True,True
39282639,16.97000000,2.03000000,34.44910000,1664672835200,True,True
39282640,16.98000000,20.60000000,349.78800000,1664672840216,False,True
39282641,16.98000000,16.97000000,288.15060000,1664672840217,False,True
39282642,16.98000000,8.90000000,151.12200000,1664672840460,False,True
39282643,16.98000000,2.21000000,37.52580000,1664672840742,False,True
39282644,16.98000000,5.30000000,89.99400000,1664672840896,False,True
39282645,16.98000000,5.09000000,86.42820000,1664672840905,False,True
39282646,16.98000000,0.31000000,5.26380000,1664672840905,False,True
39282647,16.98000000,35.18000000,597.35640000,1664672840905,False,True
39282648,16.98000000,0.64000000,10.86720000,1664672840908,False,True
39282649,16.98000000,35.82000000,608.22360000,1664672963741,True,True
39282650,16.98000000,33.04000000,561.01920000,1664672963741,True,True
39282651,16.98000000,55.00000000,933.90000000,1664672963741,True,True
39282652,16.98000000,11.77000000,199.85460000,1664672963741,True,True
39282653,16.98000000,147.46000000,2503.87080000,1664672963741,True,True
39282654,16.99000000,13.69000000,232.59310000,1664672986113,False,True
39282655,16.99000000,6.26000000,106.35740000,1664673042823,False,True
39282656,16.99000000,0.65000000,11.04350000,1664673042898,False,True
39282657,16.99000000,0.66000000,11.21340000,1664673042925,False,True
39282658,16.99000000,0.75000000,12.74250000,1664673045170,True,True
39282659,16.99000000,34.83000000,591.76170000,1664673075917,True,True
39282660,16.99000000,47.64000000,809.40360000,1664673075917,True,True
39282661,16.99000000,57.41000000,975.39590000,1664673075917,True,True
39282662,16.99000000,19.20000000,326.20800000,1664673075917,True,True
39282663,16.98000000,35.49000000,602.62020000,1664673075945,True,True
39282664,16.98000000,2.21000000,37.52580000,1664673084373,False,True
39282665,16.98000000,38.11000000,647.10780000,1664673085915,False,True
39282666,16.98000000,14.68000000,249.26640000,1664673085916,False,True
39282667,16.98000000,21.49000000,364.90020000,1664673085916,False,True
39282668,16.99000000,13.14000000,223.24860000,1664673116945,False,True
39282669,16.99000000,17.36000000,294.94640000,1664673116945,False,True
39282670,16.99000000,6.76000000,114.85240000,1664673164754,False,True
39282671,16.98000000,1.77000000,30.05460000,1664673194567,True,True
39282672,16.99000000,11.90000000,202.18100000,1664673237795,False,True
39282673,16.99000000,0.65000000,11.04350000,1664673247687,False,True
39282674,16.99000000,2.48000000,42.13520000,1664673309711,False,True
39282675,16.98000000,27.75000000,471.19500000,1664673320287,True,True
39282676,16.98000000,10.36000000,175.91280000,1664673320287,True,True
39282677,16.98000000,84.04000000,1426.99920000,1664673320305,True,True
39282678,16.98000000,12.92000000,219.38160000,1664673320328,True,True
39282679,16.98000000,24.98000000,424.16040000,1664673320350,True,True
39282680,16.98000000,1.46000000,24.79080000,1664673320381,True,True
39282681,16.98000000,5.50000000,93.39000000,1664673320381,True,True
39282682,16.98000000,9.67000000,164.19660000,1664673345484,False,True
39282683,16.98000000,2.56000000,43.46880000,1664673345487,False,True
39282684,16.99000000,7.31000000,124.19690000,1664673401961,False,True
39282685,16.99000000,0.85000000,14.44150000,1664673401970,False,True
39282686,17.00000000,29.56000000,502.52000000,1664673448610,False,True
39282687,17.00000000,5.51000000,93.67000000,1664673448610,False,True
39282688,17.00000000,9.41000000,159.97000000,1664673478746,False,True
39282689,17.00000000,2.70000000,45.90000000,1664673478746,False,True
39282690,17.00000000,0.87000000,14.79000000,1664673478746,False,True
39282691,17.00000000,1.76000000,29.92000000,1664673478808,False,True
39282692,17.00000000,3.71000000,63.07000000,1664673480202,True,True
39282693,17.01000000,5.28000000,89.81280000,1664673515761,False,True
39282694,17.00000000,4.69000000,79.73000000,1664673589989,True,True
39282695,17.00000000,30.89000000,525.13000000,1664673589989,True,True
39282696,17.00000000,48.90000000,831.30000000,1664673590016,True,True
39282697,17.00000000,27.87000000,473.79000000,1664673590026,True,True
39282698,16.99000000,17.15000000,291.37850000,1664673590156,True,True
39282699,17.00000000,5.40000000,91.80000000,1664673636499,False,True
39282700,17.00000000,30.77000000,523.09000000,1664673636499,False,True
39282701,17.00000000,9.07000000,154.19000000,1664673636656,False,True
39282702,17.00000000,8.50000000,144.50000000,1664673636656,False,True
39282703,17.00000000,15.50000000,263.50000000,1664673637119,True,True
39282704,17.00000000,4.36000000,74.12000000,1664673669071,True,True
39282705,17.00000000,38.98000000,662.66000000,1664673669071,True,True
39282706,17.01000000,1.12000000,19.05120000,1664673740095,False,True
39282707,17.01000000,21.51000000,365.88510000,1664673744880,True,True
39282708,17.02000000,7.19000000,122.37380000,1664673754625,False,True
39282709,17.01000000,4.53000000,77.05530000,1664673756302,True,True
39282710,17.01000000,10.93000000,185.91930000,1664673761881,True,True
39282711,17.01000000,10.76000000,183.02760000,1664673761881,True,True
39282712,17.01000000,9.01000000,153.26010000,1664673767180,True,True
39282713,17.01000000,15.98000000,271.81980000,1664673769043,True,True
39282714,17.01000000,1.00000000,17.01000000,1664673785145,True,True
39282715,17.01000000,32.45000000,551.97450000,1664673786665,False,True
39282716,17.01000000,35.74000000,607.93740000,1664673786665,False,True
39282717,17.01000000,19.91000000,338.66910000,1664673786665,False,True
39282718,17.01000000,55.00000000,935.55000000,1664673786665,False,True
39282719,17.01000000,6.80000000,115.66800000,1664673786665,False,True
39282720,17.01000000,10.89000000,185.23890000,1664673823038,False,True
39282721,17.01000000,0.12000000,2.04120000,1664673823038,False,True
39282722,17.01000000,12.69000000,215.85690000,1664673823039,False,True
39282723,17.01000000,1.17000000,19.90170000,1664673823043,False,True
39282724,17.02000000,7.60000000,129.35200000,1664673823043,False,True
39282725,17.02000000,8.69000000,147.90380000,1664673823043,False,True
39282726,17.02000000,22.24000000,378.52480000,1664673823068,False,True
39282727,17.02000000,4.79000000,81.52580000,1664673823069,False,True
39282728,17.02000000,0.78000000,13.27560000,1664673823069,False,True
39282729,17.02000000,0.52000000,8.85040000,1664673823076,False,True
39282730,17.02000000,1.29000000,21.95580000,1664673823076,False,True
39282731,17.02000000,9.09000000,154.71180000,1664673823076,False,True
39282732,17.02000000,1.76000000,29.95520000,1664673978618,False,True
39282733,17.02000000,8.53000000,145.18060000,1664673978618,False,True
39282734,17.02000000,5.78000000,98.37560000,1664673978619,False,True
39282735,17.02000000,7.36000000,125.26720000,1664673978620,False,True
39282736,17.02000000,5.30000000,90.20600000,1664673978637,False,True
39282737,17.03000000,0.62000000,10.55860000,1664673984046,False,True
39282738,17.03000000,0.60000000,10.21800000,1664674033942,False,True
39282739,17.02000000,3.07000000,52.25140000,1664674040728,True,True
39282740,17.02000000,3.07000000,52.25140000,1664674040728,True,True
39282741,17.02000000,3.25000000,55.31500000,1664674040731,True,True
39282742,17.02000000,3.25000000,55.31500000,1664674040731,True,True
39282743,17.02000000,15.50000000,263.81000000,1664674040810,True,True
39282744,17.02000000,11.63000000,197.94260000,1664674042680,False,True
39282745,17.02000000,1.76000000,29.95520000,1664674042680,False,True
39282746,17.03000000,1.30000000,22.13900000,1664674042747,False,True
39282747,17.03000000,0.69000000,11.75070000,1664674042747,False,True
39282748,17.03000000,10.00000000,170.30000000,1664674042747,False,True
39282749,17.03000000,2.93000000,49.89790000,1664674042747,False,True
39282750,17.03000000,9.08000000,154.63240000,1664674042747,False,True
39282751,17.03000000,37.77000000,643.22310000,1664674042747,False,True
39282752,17.03000000,55.00000000,936.65000000,1664674042747,False,True
39282753,17.03000000,0.94000000,16.00820000,1664674042778,True,True
39282754,17.03000000,1.13000000,19.24390000,1664674042851,True,True
39282755,17.03000000,1.08000000,18.39240000,1664674042937,True,True
39282756,17.03000000,2.21000000,37.63630000,1664674043163,True,True
39282757,17.03000000,2.21000000,37.63630000,1664674043436,True,True
39282758,17.03000000,31.46000000,535.76380000,1664674068983,True,True
39282759,17.03000000,27.55000000,469.17650000,1664674068983,True,True
39282760,17.03000000,24.00000000,408.72000000,1664674083090,True,True
39282761,17.03000000,2.21000000,37.63630000,1664674091094,True,True
39282762,17.03000000,35.82000000,610.01460000,1664674104288,True,True
39282763,17.03000000,29.17000000,496.76510000,1664674104288,True,True
39282764,17.03000000,0.67000000,11.41010000,1664674104292,True,True
39282765,17.02000000,72.07000000,1226.63140000,1664674143325,False,True
39282766,17.02000000,59.46000000,1012.00920000,1664674143325,False,True
39282767,17.02000000,27.96000000,475.87920000,1664674143325,False,True
39282768,17.02000000,7.86000000,133.77720000,1664674158351,False,True
39282769,17.02000000,10.58000000,180.07160000,1664674158351,False,True
39282770,17.02000000,14.92000000,253.93840000,1664674158351,False,True
39282771,17.02000000,3.65000000,62.12300000,1664674158351,False,True
39282772,17.02000000,10.88000000,185.17760000,1664674158371,False,True
39282773,17.02000000,38.40000000,653.56800000,1664674158394,False,True
39282774,17.02000000,41.26000000,702.24520000,1664674206034,True,True
39282775,17.02000000,6.30000000,107.22600000,1664674206034,True,True
39282776,17.02000000,52.44000000,892.52880000,1664674333984,True,True
39282777,17.03000000,5.87000000,99.96610000,1664674375778,False,True
39282778,17.03000000,41.50000000,706.74500000,1664674424278,False,True
39282779,17.03000000,17.49000000,297.85470000,1664674424278,False,True
39282780,17.02000000,2.70000000,45.95400000,1664674454412,True,True
39282781,17.02000000,5.50000000,93.61000000,1664674454412,True,True
39282782,17.02000000,29.52000000,502.43040000,1664674454412,True,True
39282783,17.02000000,14.92000000,253.93840000,1664674454412,True,True
39282784,17.02000000,54.90000000,934.39800000,1664674481220,False,True
39282785,17.02000000,3.85000000,65.52700000,1664674481220,False,True
39282786,17.02000000,17.62000000,299.89240000,1664674537266,False,True
39282787,17.02000000,1.66000000,28.25320000,1664674547802,False,True
39282788,17.02000000,5.53000000,94.12060000,1664674604125,False,True
39282789,17.02000000,5.88000000,100.07760000,1664674698744,False,True
39282790,17.01000000,6.68000000,113.62680000,1664674728718,True,True
39282791,17.02000000,11.33000000,192.83660000,1664674743314,False,True
39282792,17.02000000,5.43000000,92.41860000,1664674743318,False,True
39282793,17.02000000,13.34000000,227.04680000,1664674743318,False,True
39282794,17.02000000,7.76000000,132.07520000,1664674743318,False,True
39282795,17.02000000,1.76000000,29.95520000,1664674743340,False,True
39282796,17.02000000,1.08000000,18.38160000,1664674743340,False,True
39282797,17.02000000,5.00000000,85.10000000,1664674748419,True,True
39282798,17.02000000,34.97000000,595.18940000,1664674761077,True,True
39282799,17.02000000,102.55000000,1745.40100000,1664674761077,True,True
39282800,17.02000000,268.55000000,4570.72100000,1664674761077,True,True
39282801,17.02000000,55.00000000,936.10000000,1664674761077,True,True
39282802,17.02000000,55.00000000,936.10000000,1664674761077,True,True
39282803,17.02000000,58.99000000,1004.00980000,1664674761077,True,True
39282804,17.02000000,39.53000000,672.80060000,1664674761077,True,True
39282805,17.02000000,58.68000000,998.73360000,1664674761077,True,True
39282806,17.02000000,1.09000000,18.55180000,1664674761077,True,True
39282807,17.02000000,5.50000000,93.61000000,1664674761077,True,True
39282808,17.02000000,88.00000000,1497.76000000,1664674761077,True,True
39282809,17.02000000,11.32000000,192.66640000,1664674761101,False,True
39282810,17.02000000,54.49000000,927.41980000,1664674761134,False,True
39282811,17.02000000,9.54000000,162.37080000,1664674887608,False,True
39282812,17.02000000,5.38000000,91.56760000,1664674887614,False,True
39282813,17.02000000,5.41000000,92.07820000,1664674887614,False,True
39282814,17.02000000,16.24000000,276.40480000,1664674887619,False,True
39282815,17.02000000,18.00000000,306.36000000,1664674891079,True,True
39282816,17.02000000,37.00000000,629.74000000,1664674893233,True,True
39282817,17.02000000,35.87000000,610.50740000,1664674893233,True,True
39282818,17.02000000,5.50000000,93.61000000,1664674893233,True,True
39282819,17.02000000,5.41000000,92.07820000,1664674893233,True,True
39282820,17.02000000,55.00000000,936.10000000,1664674893233,True,True
39282821,17.01000000,11.73000000,199.52730000,1664674950651,True,True
39282822,17.01000000,2.93000000,49.83930000,1664674950651,True,True
39282823,17.01000000,5.50000000,93.55500000,1664674950651,True,True
39282824,17.01000000,14.92000000,253.78920000,1664674950651,True,True
39282825,17.01000000,21.10000000,358.91100000,1664674950651,True,True
39282826,17.01000000,55.00000000,935.55000000,1664674950651,True,True
39282827,17.01000000,30.89000000,525.43890000,1664674950651,True,True
39282828,17.01000000,20.98000000,356.86980000,1664674950651,True,True
39282829,17.02000000,0.99000000,16.84980000,1664674953475,False,True
39282830,17.02000000,10.00000000,170.20000000,1664674962981,False,True
39282831,17.01000000,0.88000000,14.96880000,1664675124295,True,True
39282832,17.02000000,39.12000000,665.82240000,1664675162180,False,True
39282833,17.02000000,50.62000000,861.55240000,1664675162180,False,True
39282834,17.01000000,1.76000000,29.93760000,1664675188289,True,True
39282835,17.01000000,4.69000000,79.77690000,1664675210076,False,True
39282836,17.01000000,31.13000000,529.52130000,1664675210086,False,True
39282837,17.01000000,55.00000000,935.55000000,1664675210086,False,True
39282838,17.01000000,55.00000000,935.55000000,1664675210086,False,True
39282839,17.02000000,2.79000000,47.48580000,1664675218327,False,True
39282840,17.02000000,1.00000000,17.02000000,1664675363326,False,True
39282841,17.01000000,1.76000000,29.93760000,1664675408886,True,True
39282842,17.01000000,1.62000000,27.55620000,1664675408913,False,True
39282843,17.00000000,32.92000000,559.64000000,1664675409970,True,True
39282844,17.00000000,0.62000000,10.54000000,1664675409978,True,True
39282845,17.00000000,1.00000000,17.00000000,1664675503796,True,True
39282846,17.00000000,5.94000000,100.98000000,1664675503796,True,True
39282847,17.00000000,111.00000000,1887.00000000,1664675517313,True,True
39282848,17.00000000,47.89000000,814.13000000,1664675524379,True,True
39282849,17.00000000,39.09000000,664.53000000,1664675524383,True,True
39282850,17.00000000,122.12000000,2076.04000000,1664675524397,True,True
39282851,17.00000000,11.55000000,196.35000000,1664675524405,True,True
39282852,17.00000000,46.24000000,786.08000000,1664675524416,True,True
39282853,17.00000000,148.06000000,2517.02000000,1664675524433,True,True
39282854,17.00000000,55.75000000,947.75000000,1664675524440,True,True
39282855,17.00000000,2.00000000,34.00000000,1664675524440,True,True
39282856,17.00000000,102.11000000,1735.87000000,1664675524440,True,True
39282857,17.00000000,0.59000000,10.03000000,1664675524440,True,True
39282858,17.00000000,1.76000000,29.92000000,1664675524440,True,True
39282859,17.00000000,2.52000000,42.84000000,1664675539756,False,True
39282860,16.99000000,18.58000000,315.67420000,1664675574384,True,True
39282861,16.99000000,1.30000000,22.08700000,1664675574384,True,True
39282862,16.99000000,3.86000000,65.58140000,1664675574384,True,True
39282863,16.99000000,1.02000000,17.32980000,1664675588591,True,True
39282864,17.00000000,1.24000000,21.08000000,1664675630848,False,True
39282865,16.99000000,7.88000000,133.88120000,1664675660941,False,True
39282866,16.99000000,15.50000000,263.34500000,1664675660979,False,True
39282867,16.99000000,31.62000000,537.22380000,1664675661012,False,True
39282868,16.99000000,2.50000000,42.47500000,1664675721226,True,True
39282869,16.99000000,3.44000000,58.44560000,1664675837473,True,True
39282870,17.00000000,6.02000000,102.34000000,1664675933799,False,True
39282871,16.99000000,1.32000000,22.42680000,1664675937081,True,True
39282872,17.00000000,0.59000000,10.03000000,1664675975885,False,True
39282873,17.00000000,48.55000000,825.35000000,1664675982989,False,True
39282874,17.00000000,10.27000000,174.59000000,1664675982989,False,True
39282875,17.00000000,3.59000000,61.03000000,1664675995672,False,True
39282876,17.00000000,30.22000000,513.74000000,1664676002722,False,True
39282877,17.00000000,6.47000000,109.99000000,1664676002722,False,True
39282878,17.00000000,8.45000000,143.65000000,1664676002722,False,True
39282879,17.00000000,1.00000000,17.00000000,1664676002722,False,True
39282880,17.00000000,6.16000000,104.72000000,1664676002723,False,True
39282881,17.00000000,17.09000000,290.53000000,1664676002723,False,True
39282882,17.00000000,7.29000000,123.93000000,1664676002724,False,True
39282883,17.00000000,23.46000000,398.82000000,1664676002725,False,True
39282884,17.00000000,1.76000000,29.92000000,1664676002725,False,True
39282885,17.00000000,1.08000000,18.36000000,1664676002725,False,True
39282886,17.00000000,9.29000000,157.93000000,1664676002728,False,True
39282887,17.00000000,10.16000000,172.72000000,1664676002729,False,True
39282888,17.00000000,10.22000000,173.74000000,1664676002733,False,True
39282889,17.00000000,25.33000000,430.61000000,1664676002733,False,True
39282890,17.01000000,0.88000000,14.96880000,1664676003400,False,True
39282891,17.01000000,54.12000000,920.58120000,1664676003428,False,True
39282892,17.01000000,4.79000000,81.47790000,1664676003428,False,True
39282893,17.01000000,47.64000000,810.35640000,1664676005766,False,True
39282894,17.00000000,35.27000000,599.59000000,1664676028531,True,True
39282895,17.00000000,27.08000000,460.36000000,1664676028531,True,True
39282896,17.01000000,2.57000000,43.71570000,1664676045876,False,True
39282897,17.01000000,55.00000000,935.55000000,1664676045876,False,True
39282898,17.01000000,1.76000000,29.93760000,1664676045876,False,True
39282899,17.01000000,160.00000000,2721.60000000,1664676045876,False,True
39282900,17.01000000,58.70000000,998.48700000,1664676045876,False,True
39282901,17.02000000,11.46000000,195.04920000,1664676045889,False,True
39282902,17.01000000,1.36000000,23.13360000,1664676045897,True,True
39282903,17.02000000,11.58000000,197.09160000,1664676045987,False,True
39282904,17.02000000,14.92000000,253.93840000,1664676045998,False,True
39282905,17.02000000,1.46000000,24.84920000,1664676045998,False,True
39282906,17.02000000,12.00000000,204.24000000,1664676046002,False,True
39282907,17.02000000,2.94000000,50.03880000,1664676046002,False,True
39282908,17.02000000,10.00000000,170.20000000,1664676046002,False,True
39282909,17.02000000,2.98000000,50.71960000,1664676046002,False,True
39282910,17.02000000,6.99000000,118.96980000,1664676046002,False,True
39282911,17.02000000,6.29000000,107.05580000,1664676046002,False,True
39282912,17.03000000,61.92000000,1054.49760000,1664676046002,False,True
39282913,17.03000000,8.59000000,146.28770000,1664676046024,False,True
39282914,17.03000000,15.51000000,264.13530000,1664676046024,False,True
39282915,17.03000000,32.40000000,551.77200000,1664676046143,False,True
39282916,17.03000000,7.09000000,120.74270000,1664676046160,False,True
39282917,17.03000000,24.81000000,422.51430000,1664676046160,False,True
39282918,17.03000000,23.10000000,393.39300000,1664676046160,False,True
39282919,17.03000000,52.50000000,894.07500000,1664676046267,False,True
39282920,17.03000000,8.65000000,147.30950000,1664676047201,False,True
39282921,17.03000000,0.66000000,11.23980000,1664676047702,False,True
39282922,17.03000000,1.50000000,25.54500000,1664676048286,False,True
39282923,17.03000000,30.28000000,515.66840000,1664676098050,False,True
39282924,17.03000000,444.95000000,7577.49850000,1664676098053,False,True
39282925,17.03000000,10.86000000,184.94580000,1664676098055,False,True
39282926,17.03000000,9.81000000,167.06430000,1664676098056,False,True
39282927,17.03000000,5.67000000,96.56010000,1664676098056,False,True
39282928,17.03000000,54.91000000,935.11730000,1664676098057,False,True
39282929,17.03000000,31.09000000,529.46270000,1664676098059,False,True
39282930,17.03000000,29.90000000,509.19700000,1664676098059,False,True
39282931,17.03000000,1.30000000,22.13900000,1664676098059,False,True
39282932,17.03000000,55.00000000,936.65000000,1664676098059,False,True
39282933,17.03000000,88.00000000,1498.64000000,1664676098059,False,True
39282934,17.04000000,50.39000000,858.64560000,1664676098092,False,True
39282935,17.04000000,1.30000000,22.15200000,1664676098092,False,True
39282936,17.04000000,0.69000000,11.75760000,1664676098092,False,True
39282937,17.04000000,1.72000000,29.30880000,1664676098092,False,True
39282938,17.04000000,0.62000000,10.56480000,1664676098154,False,True
39282939,17.04000000,7.26000000,123.71040000,1664676098168,False,True
39282940,17.04000000,55.00000000,937.20000000,1664676098168,False,True
39282941,17.05000000,2.25000000,38.36250000,1664676098168,False,True
39282942,17.05000000,38.00000000,647.90000000,1664676098168,False,True
39282943,17.05000000,14.75000000,251.48750000,1664676098178,False,True
39282944,17.05000000,11.78000000,200.84900000,1664676098178,False,True
39282945,17.05000000,1.29000000,21.99450000,1664676098178,False,True
39282946,17.05000000,17.68000000,301.44400000,1664676098178,False,True
39282947,17.05000000,3.87000000,65.98350000,1664676098178,False,True
39282948,17.05000000,9.63000000,164.19150000,1664676098178,False,True
39282949,17.04000000,11.73000000,199.87920000,1664676098373,True,True
39282950,17.04000000,20.11000000,342.67440000,1664676098375,True,True
39282951,17.04000000,2.19000000,37.31760000,1664676120090,True,True
39282952,17.04000000,0.59000000,10.05360000,1664676178489,True,True
39282953,17.05000000,3.89000000,66.32450000,1664676194641,False,True
39282954,17.05000000,11.74000000,200.16700000,1664676198113,False,True
39282955,17.05000000,2.21000000,37.68050000,1664676199580,False,True
39282956,17.05000000,6.42000000,109.46100000,1664676201264,True,True
39282957,17.05000000,5.35000000,91.21750000,1664676201264,True,True
39282958,17.05000000,37.66000000,642.10300000,1664676201264,True,True
39282959,17.04000000,20.57000000,350.51280000,1664676201264,True,True
39282960,17.04000000,38.63000000,658.25520000,1664676225164,True,True
39282961,17.04000000,2.21000000,37.65840000,1664676225828,False,True
39282962,17.05000000,4.28000000,72.97400000,1664676242483,True,True
39282963,17.04000000,46.24000000,787.92960000,1664676242483,True,True
39282964,17.04000000,24.71000000,421.05840000,1664676242483,True,True
39282965,17.04000000,51.09000000,870.57360000,1664676374649,False,True
39282966,17.04000000,3.91000000,66.62640000,1664676374649,False,True
39282967,17.04000000,6.60000000,112.46400000,1664676377990,False,True
39282968,17.04000000,1.58000000,26.92320000,1664676382235,False,True
39282969,17.03000000,10.00000000,170.30000000,1664676407784,True,True
39282970,17.03000000,1.76000000,29.97280000,1664676407784,True,True
39282971,17.03000000,0.74000000,12.60220000,1664676407784,True,True
39282972,17.03000000,0.74000000,12.60220000,1664676407784,True,True
39282973,17.03000000,0.74000000,12.60220000,1664676407784,True,True
39282974,17.03000000,0.74000000,12.60220000,1664676407784,True,True
39282975,17.02000000,7.50000000,127.65000000,1664676407960,True,True
39282976,17.02000000,55.00000000,936.10000000,1664676407960,True,True
39282977,17.02000000,9.94000000,169.17880000,1664676407960,True,True
39282978,17.02000000,10.29000000,175.13580000,1664676407960,True,True
39282979,17.02000000,2.94000000,50.03880000,1664676407960,True,True
39282980,17.02000000,81.47000000,1386.61940000,1664676407960,True,True
39282981,17.02000000,4.20000000,71.48400000,1664676407960,True,True
39282982,17.02000000,1.08000000,18.38160000,1664676407960,True,True
39282983,17.02000000,5.40000000,91.90800000,1664676407960,True,True
39282984,17.02000000,0.74000000,12.59480000,1664676407960,True,True
39282985,17.02000000,0.69000000,11.74380000,1664676407960,True,True
39282986,17.02000000,0.05000000,0.85100000,1664676407965,True,True
39282987,17.02000000,7.47000000,127.13940000,1664676407965,True,True
39282988,17.02000000,64.69000000,1101.02380000,1664676407965,True,True
39282989,17.02000000,6.43000000,109.43860000,1664676410914,True,True
39282990,17.03000000,13.30000000,226.49900000,1664676427126,False,True
39282991,17.03000000,10.00000000,170.30000000,1664676456338,False,True
39282992,17.03000000,1.76000000,29.97280000,1664676456338,False,True
39282993,17.03000000,1.08000000,18.39240000,1664676456338,False,True
39282994,17.03000000,41.04000000,698.91120000,1664676483701,True,True
39282995,17.03000000,14.35000000,244.38050000,1664676483701,True,True
39282996,17.03000000,59.72000000,1017.03160000,1664676483701,True,True
39282997,17.03000000,22.24000000,378.74720000,1664676483701,True,True
39282998,17.03000000,60.18000000,1024.86540000,1664676483704,True,True
39282999,17.02000000,2.99000000,50.88980000,1664676484787,True,True
39283000,17.03000000,5.35000000,91.11050000,1664676559711,True,True
39283001,17.03000000,5.35000000,91.11050000,1664676559711,True,True
39283002,17.03000000,38.21000000,650.71630000,1664676559711,True,True
39283003,17.03000000,16.79000000,285.93370000,1664676559728,True,True
39283004,17.02000000,12.60000000,214.45200000,1664676590236,True,True
39283005,17.02000000,5.46000000,92.92920000,1664676590236,True,True
39283006,17.02000000,1.28000000,21.78560000,1664676590236,True,True
39283007,17.02000000,5.00000000,85.10000000,1664676594581,True,True
39283008,17.03000000,9.47000000,161.27410000,1664676611796,False,True
39283009,17.03000000,10.93000000,186.13790000,1664676611796,False,True
39283010,17.03000000,5.46000000,92.98380000,1664676611796,False,True
39283011,17.03000000,11.84000000,201.63520000,1664676611796,False,True
39283012,17.03000000,18.75000000,319.31250000,1664676614250,True,True
39283013,17.03000000,2.21000000,37.63630000,1664676629776,True,True
39283014,17.03000000,31.36000000,534.06080000,1664676779983,True,True
39283015,17.02000000,1.76000000,29.95520000,1664676816111,True,True
39283016,17.01000000,45.35000000,771.40350000,1664676816184,True,True
39283017,17.02000000,41.73000000,710.24460000,1664676852141,False,True
39283018,17.02000000,41.73000000,710.24460000,1664676854141,False,True
39283019,17.02000000,41.73000000,710.24460000,1664676855149,False,True
39283020,17.02000000,0.65000000,11.06300000,1664676860423,False,True
39283021,17.01000000,0.74000000,12.58740000,1664676874852,True,True
39283022,17.01000000,1.76000000,29.93760000,1664676874852,True,True
39283023,17.01000000,4.50000000,76.54500000,1664676874882,False,True
39283024,17.00000000,1.00000000,17.00000000,1664676895238,True,True
39283025,17.00000000,1.29000000,21.93000000,1664676895238,True,True
39283026,17.00000000,1.30000000,22.10000000,1664676895238,True,True
39283027,17.00000000,58.82000000,999.94000000,1664676895238,True,True
39283028,17.00000000,0.74000000,12.58000000,1664676895238,True,True
39283029,17.00000000,5.00000000,85.00000000,1664676895238,True,True
39283030,17.00000000,1.76000000,29.92000000,1664676895238,True,True
39283031,17.00000000,51.09000000,868.53000000,1664676901276,False,True
39283032,17.00000000,2.20000000,37.40000000,1664676905949,False,True
39283033,17.00000000,2.92000000,49.64000000,1664676918163,False,True
39283034,17.00000000,3.58000000,60.86000000,1664676928598,False,True
39283035,17.00000000,35.82000000,608.94000000,1664676928598,False,True
39283036,17.03000000,1.81000000,30.82430000,1664676990598,False,True
39283037,17.03000000,0.89000000,15.15670000,1664676990599,False,True
39283038,17.03000000,1.18000000,20.09540000,1664676990599,False,True
39283039,17.03000000,4.53000000,77.14590000,1664676990624,False,True
39283040,17.03000000,4.58000000,77.99740000,1664676990704,False,True
39283041,17.03000000,1.76000000,29.97280000,1664676990704,False,True
39283042,17.04000000,55.00000000,937.20000000,1664676990963,False,True
39283043,17.04000000,200.00000000,3408.00000000,1664676990963,False,True
39283044,17.04000000,29.23000000,498.07920000,1664676990963,False,True
39283045,17.03000000,4.70000000,80.04100000,1664676991925,True,True
39283046,17.01000000,7.78000000,132.33780000,1664677147148,True,True
39283047,17.01000000,32.43000000,551.63430000,1664677184278,True,True
39283048,17.01000000,1.76000000,29.93760000,1664677184278,True,True
39283049,17.00000000,11.61000000,197.37000000,1664677195254,True,True
39283050,17.00000000,0.71000000,12.07000000,1664677195259,True,True
39283051,17.01000000,17.28000000,293.93280000,1664677206854,False,True
39283052,17.01000000,27.46000000,467.09460000,1664677325407,True,True
39283053,17.01000000,1.79000000,30.44790000,1664677341972,True,True
39283054,17.01000000,1.79000000,30.44790000,1664677345117,True,True
39283055,17.02000000,35.09000000,597.23180000,1664677526300,False,True
39283056,17.01000000,1.68000000,28.57680000,1664677608207,True,True
39283057,17.02000000,11.72000000,199.47440000,1664677704717,False,True
39283058,17.02000000,3.19000000,54.29380000,1664677704728,False,True
39283059,17.02000000,1.79000000,30.46580000,1664677704728,False,True
39283060,17.02000000,9.10000000,154.88200000,1664677704728,False,True
39283061,17.03000000,1.76000000,29.97280000,1664677717342,False,True
39283062,17.03000000,10.02000000,170.64060000,1664677717342,False,True
39283063,17.03000000,12.72000000,216.62160000,1664677717343,False,True
39283064,17.03000000,32.26000000,549.38780000,1664677717347,False,True
39283065,17.03000000,1.03000000,17.54090000,1664677747370,True,True
39283066,17.03000000,14.54000000,247.61620000,1664677802904,True,True
39283067,17.03000000,41.24000000,702.31720000,1664677804381,True,True
39283068,17.03000000,75.70000000,1289.17100000,1664677804381,True,True
39283069,17.03000000,55.00000000,936.65000000,1664677804381,True,True
39283070,17.03000000,1.09000000,18.56270000,1664677804381,True,True
39283071,17.03000000,33.87000000,576.80610000,1664677804381,True,True
39283072,17.03000000,47.30000000,805.51900000,1664677804388,True,True
39283073,17.03000000,0.85000000,14.47550000,1664677804408,True,True
39283074,17.03000000,0.85000000,14.47550000,1664677804409,True,True
39283075,17.03000000,26.28000000,447.54840000,1664677804417,True,True
39283076,17.02000000,47.64000000,810.83280000,1664677804939,True,True
39283077,17.03000000,1.36000000,23.16080000,1664677977118,False,True
39283078,17.03000000,10.83000000,184.43490000,1664677999372,False,True
39283079,17.03000000,7.79000000,132.66370000,1664678033286,False,True
39283080,17.03000000,11.74000000,199.93220000,1664678103789,True,True
39283081,17.03000000,39.02000000,664.51060000,1664678103789,True,True
39283082,17.03000000,18.16000000,309.26480000,1664678103789,True,True
39283083,17.03000000,7.79000000,132.66370000,1664678103790,True,True
39283084,17.03000000,16.10000000,274.18300000,1664678103830,False,True
39283085,17.03000000,0.58000000,9.87740000,1664678205354,False,True
39283086,17.02000000,15.61000000,265.68220000,1664678219529,True,True
39283087,17.02000000,2.21000000,37.61420000,1664678220184,True,True
39283088,17.02000000,2.21000000,37.61420000,1664678221027,True,True
39283089,17.02000000,8.01000000,136.33020000,1664678226875,True,True
39283090,17.02000000,2.70000000,45.95400000,1664678226875,True,True
39283091,17.02000000,14.92000000,253.93840000,1664678226875,True,True
39283092,17.02000000,6.40000000,108.92800000,1664678226875,True,True
39283093,17.02000000,1.17000000,19.91340000,1664678269639,True,True
39283094,17.03000000,38.44000000,654.63320000,1664678318270,False,True
39283095,17.03000000,3.93000000,66.92790000,1664678318270,False,True
39283096,17.03000000,43.28000000,737.05840000,1664678318273,False,True
39283097,17.03000000,7.79000000,132.66370000,1664678318273,False,True
39283098,17.03000000,26.80000000,456.40400000,1664678318273,False,True
39283099,17.03000000,35.64000000,606.94920000,1664678318274,False,True
39283100,17.03000000,8.41000000,143.22230000,1664678318280,False,True
39283101,17.04000000,1.30000000,22.15200000,1664678318439,False,True
39283102,17.04000000,2.93000000,49.92720000,1664678318439,False,True
39283103,17.04000000,1.79000000,30.50160000,1664678318439,False,True
39283104,17.04000000,7.48000000,127.45920000,1664678318439,False,True
39283105,17.04000000,10.00000000,170.40000000,1664678318439,False,True
39283106,17.04000000,49.27000000,839.56080000,1664678318439,False,True
39283107,17.03000000,0.73000000,12.43190000,1664678344738,True,True
39283108,17.03000000,6.32000000,107.62960000,1664678347098,True,True
39283109,17.04000000,2.60000000,44.30400000,1664678354537,False,True
39283110,17.04000000,3.13000000,53.33520000,1664678364701,False,True
39283111,17.04000000,55.00000000,937.20000000,1664678364701,False,True
39283112,17.04000000,200.00000000,3408.00000000,1664678364701,False,True
39283113,17.04000000,7.44000000,126.77760000,1664678364701,False,True
39283114,17.04000000,28.03000000,477.63120000,1664678364701,False,True
39283115,17.04000000,52.78000000,899.37120000,1664678364701,False,True
39283116,17.04000000,4.99000000,85.02960000,1664678389510,False,True
39283117,17.05000000,0.60000000,10.23000000,1664678474547,False,True
39283118,17.04000000,39.77000000,677.68080000,1664678478297,True,True
39283119,17.03000000,0.75000000,12.77250000,1664678478479,True,True
39283120,17.03000000,14.67000000,249.83010000,1664678478479,True,True
39283121,17.04000000,12.35000000,210.44400000,1664678501115,False,True
39283122,17.04000000,13.06000000,222.54240000,1664678501115,False,True
39283123,17.04000000,8.63000000,147.05520000,1664678501160,False,True
39283124,17.04000000,8.60000000,146.54400000,1664678501179,False,True
39283125,17.04000000,10.58000000,180.28320000,1664678501179,False,True
39283126,17.04000000,7.83000000,133.42320000,1664678501183,False,True
39283127,17.04000000,4.72000000,80.42880000,1664678501184,False,True
39283128,17.04000000,4.42000000,75.31680000,1664678501185,False,True
39283129,17.04000000,44.01000000,749.93040000,1664678542368,True,True
39283130,17.05000000,1.29000000,21.99450000,1664678631473,False,True
39283131,17.05000000,2.70000000,46.03500000,1664678631566,False,True
39283132,17.05000000,9.84000000,167.77200000,1664678703492,False,True
39283133,17.05000000,13.47000000,229.66350000,1664678703498,False,True
39283134,17.05000000,52.60000000,896.83000000,1664678735264,True,True
39283135,17.05000000,55.00000000,937.75000000,1664678735264,True,True
39283136,17.05000000,28.02000000,477.74100000,1664678735264,True,True
39283137,17.05000000,9.00000000,153.45000000,1664678735264,True,True
39283138,17.05000000,9.17000000,156.34850000,1664678820978,True,True
39283139,17.05000000,4.88000000,83.20400000,1664678821032,True,True
39283140,17.05000000,0.88000000,15.00400000,1664678821479,True,True
39283141,17.05000000,17.01000000,290.02050000,1664678822909,True,True
39283142,17.05000000,7.38000000,125.82900000,1664678823969,True,True
39283143,17.05000000,1.19000000,20.28950000,1664678833053,True,True
39283144,17.05000000,1.11000000,18.92550000,1664678910759,False,True
39283145,17.04000000,9.73000000,165.79920000,1664678960933,True,True
39283146,17.04000000,1.33000000,22.66320000,1664678961162,True,True
39283147,17.04000000,0.88000000,14.99520000,1664678962720,True,True
39283148,17.04000000,8.22000000,140.06880000,1664678963052,True,True
39283149,17.04000000,1.33000000,22.66320000,1664678964328,True,True
39283150,17.04000000,8.44000000,143.81760000,1664678991227,True,True
39283151,17.04000000,8.21000000,139.89840000,1664678991435,True,True
39283152,17.04000000,0.62000000,10.56480000,1664678991435,True,True
39283153,17.04000000,10.01000000,170.57040000,1664679003775,True,True
39283154,17.04000000,44.99000000,766.62960000,1664679003779,True,True
39283155,17.04000000,1.11000000,18.91440000,1664679003779,True,True
39283156,17.03000000,1.07000000,18.22210000,1664679033445,True,True
39283157,17.03000000,1.07000000,18.22210000,1664679033445,True,True
39283158,17.03000000,1.07000000,18.22210000,1664679033445,True,True
39283159,17.03000000,1.07000000,18.22210000,1664679033445,True,True
39283160,17.03000000,1.76000000,29.97280000,1664679033445,True,True
39283161,17.03000000,2.70000000,45.98100000,1664679033445,True,True
39283162,17.03000000,1.95000000,33.20850000,1664679033513,False,True
39283163,17.02000000,1.07000000,18.21140000,1664679039338,True,True
39283164,17.02000000,1.45000000,24.67900000,1664679039338,True,True
39283165,17.02000000,1.76000000,29.95520000,1664679046714,True,True
39283166,17.02000000,55.00000000,936.10000000,1664679046714,True,True
39283167,17.02000000,14.30000000,243.38600000,1664679046714,True,True
39283168,17.02000000,3.30000000,56.16600000,1664679046733,False,True
39283169,17.01000000,9.97000000,169.58970000,1664679074143,True,True
39283170,17.01000000,10.29000000,175.03290000,1664679074143,True,True
39283171,17.01000000,5.40000000,91.85400000,1664679074143,True,True
39283172,17.01000000,1.76000000,29.93760000,1664679074143,True,True
39283173,17.01000000,4.40000000,74.84400000,1664679074527,False,True
39283174,17.00000000,38.56000000,655.52000000,1664679090102,True,True
39283175,17.00000000,10.29000000,174.93000000,1664679090111,True,True
39283176,17.00000000,1.00000000,17.00000000,1664679090111,True,True
39283177,17.00000000,5.00000000,85.00000000,1664679090111,True,True
39283178,17.00000000,1.30000000,22.10000000,1664679090111,True,True
39283179,17.00000000,1.29000000,21.93000000,1664679090111,True,True
39283180,17.00000000,30.12000000,512.04000000,1664679090164,False,True
39283181,17.00000000,20.46000000,347.82000000,1664679098292,False,True
39283182,17.00000000,11.53000000,196.01000000,1664679107359,True,True
39283183,17.00000000,38.42000000,653.14000000,1664679107359,True,True
39283184,17.00000000,1.88000000,31.96000000,1664679161130,True,True
39283185,17.00000000,55.00000000,935.00000000,1664679161130,True,True
39283186,17.00000000,55.00000000,935.00000000,1664679161130,True,True
39283187,17.00000000,0.87000000,14.79000000,1664679180588,False,True
39283188,17.00000000,14.88000000,252.96000000,1664679180770,False,True
39283189,17.00000000,58.73000000,998.41000000,1664679207617,True,True
39283190,17.00000000,32.63000000,554.71000000,1664679207617,True,True
39283191,17.00000000,39.02000000,663.34000000,1664679207617,True,True
39283192,17.00000000,55.00000000,935.00000000,1664679207617,True,True
39283193,17.00000000,1.09000000,18.53000000,1664679207617,True,True
39283194,17.00000000,34.68000000,589.56000000,1664679207617,True,True
39283195,17.00000000,55.00000000,935.00000000,1664679208027,True,True
39283196,17.00000000,17.56000000,298.52000000,1664679277521,True,True
39283197,17.00000000,57.71000000,981.07000000,1664679277522,True,True
39283198,17.00000000,214.71000000,3650.07000000,1664679277525,True,True
39283199,16.99000000,18.96000000,322.13040000,1664679356639,True,True
39283200,16.99000000,2.22000000,37.71780000,1664679359975,True,True
39283201,16.99000000,0.93000000,15.80070000,1664679363492,True,True
39283202,16.99000000,13.53000000,229.87470000,1664679364034,True,True
39283203,16.99000000,1.36000000,23.10640000,1664679364678,True,True
39283204,16.99000000,18.00000000,305.82000000,1664679367130,True,True
39283205,16.99000000,0.11000000,1.86890000,1664679367130,True,True
39283206,16.99000000,1.74000000,29.56260000,1664679368147,True,True
39283207,16.99000000,1.36000000,23.10640000,1664679370038,True,True
39283208,16.99000000,18.30000000,310.91700000,1664679371385,True,True
39283209,16.99000000,18.22000000,309.55780000,1664679372542,True,True
39283210,16.99000000,18.03000000,306.32970000,1664679375599,True,True
39283211,16.99000000,13.00000000,220.87000000,1664679376664,True,True
39283212,17.00000000,3.00000000,51.00000000,1664679395604,False,True
39283213,17.00000000,6.27000000,106.59000000,1664679453973,False,True
39283214,17.00000000,32.54000000,553.18000000,1664679474367,False,True
39283215,17.00000000,180.00000000,3060.00000000,1664679474367,False,True
39283216,17.00000000,17.53000000,298.01000000,1664679474367,False,True
39283217,17.00000000,62.10000000,1055.70000000,1664679474367,False,True
39283218,17.00000000,55.00000000,935.00000000,1664679474367,False,True
39283219,17.00000000,55.00000000,935.00000000,1664679474367,False,True
39283220,17.00000000,116.73000000,1984.41000000,1664679474367,False,True
39283221,17.00000000,10.04000000,170.68000000,1664679474367,False,True
39283222,17.00000000,40.94000000,695.98000000,1664679474367,False,True
39283223,17.00000000,64.32000000,1093.44000000,1664679474367,False,True
39283224,17.00000000,49.94000000,848.98000000,1664679474367,False,True
39283225,17.00000000,15.67000000,266.39000000,1664679474380,True,True
39283226,17.00000000,31.21000000,530.57000000,1664679474561,True,True
39283227,17.00000000,30.53000000,519.01000000,1664679474623,True,True
39283228,17.00000000,29.00000000,493.00000000,1664679474694,True,True
39283229,17.00000000,4.54000000,77.18000000,1664679474762,True,True
39283230,17.00000000,24.46000000,415.82000000,1664679474842,True,True
39283231,17.00000000,86.63000000,1472.71000000,1664679474893,True,True
39283232,16.99000000,17.28000000,293.58720000,1664679475031,True,True
39283233,17.00000000,2.70000000,45.90000000,1664679604928,False,True
39283234,17.01000000,47.66000000,810.69660000,1664679606739,False,True
39283235,17.00000000,44.56000000,757.52000000,1664679607706,True,True
39283236,17.00000000,0.73000000,12.41000000,1664679607715,True,True
39283237,17.00000000,61.87000000,1051.79000000,1664679607715,True,True
39283238,17.00000000,88.00000000,1496.00000000,1664679607715,True,True
39283239,17.00000000,14.64000000,248.88000000,1664679607715,True,True
39283240,17.00000000,2.94000000,49.98000000,1664679668410,False,True
39283241,17.00000000,30.00000000,510.00000000,1664679705533,False,True
39283242,17.00000000,6.38000000,108.46000000,1664679721912,False,True
39283243,16.99000000,1.30000000,22.08700000,1664679729035,True,True
39283244,16.99000000,4.70000000,79.85300000,1664679729035,True,True
39283245,17.00000000,15.68000000,266.56000000,1664679730415,False,True
39283246,17.00000000,31.42000000,534.14000000,1664679730415,False,True
39283247,17.00000000,4.06000000,69.02000000,1664679730415,False,True
39283248,17.00000000,4.64000000,78.88000000,1664679730415,False,True
39283249,17.00000000,10.00000000,170.00000000,1664679772430,False,True
39283250,17.00000000,0.64000000,10.88000000,1664679854851,False,True
39283251,17.00000000,18.00000000,306.00000000,1664679879750,False,True
39283252,17.00000000,2.94000000,49.98000000,1664679918490,False,True
39283253,17.00000000,3.00000000,51.00000000,1664679924994,False,True
39283254,16.99000000,45.30000000,769.64700000,1664679981227,True,True
39283255,16.99000000,1.79000000,30.41210000,1664679981227,True,True
39283256,16.99000000,55.00000000,934.45000000,1664679981227,True,True
39283257,16.99000000,58.26000000,989.83740000,1664679981227,True,True
39283258,16.99000000,15.00000000,254.85000000,1664679981227,True,True
39283259,16.99000000,7.73000000,131.33270000,1664679981227,True,True
39283260,17.00000000,9.90000000,168.30000000,1664680045988,False,True
39283261,17.00000000,16.78000000,285.26000000,1664680045988,False,True
39283262,17.00000000,0.90000000,15.30000000,1664680080295,False,True
39283263,16.99000000,0.71000000,12.06290000,1664680111513,True,True
39283264,17.00000000,4.80000000,81.60000000,1664680162100,False,True
39283265,17.01000000,2.95000000,50.17950000,1664680285309,False,True
39283266,17.01000000,4.39000000,74.67390000,1664680285309,False,True
39283267,17.01000000,13.61000000,231.50610000,1664680285309,False,True
39283268,17.00000000,1.73000000,29.41000000,1664680299079,True,True
39283269,17.01000000,37.54000000,638.55540000,1664680305208,False,True
39283270,17.00000000,1.35000000,22.95000000,1664680319364,True,True
39283271,17.00000000,1.02000000,17.34000000,1664680348607,True,True
39283272,17.01000000,3.85000000,65.48850000,1664680349879,False,True
39283273,17.01000000,0.43000000,7.31430000,1664680349879,False,True
39283274,17.01000000,4.28000000,72.80280000,1664680358070,False,True
39283275,17.00000000,2.21000000,37.57000000,1664680367420,True,True
39283276,17.00000000,2.21000000,37.57000000,1664680367773,True,True
39283277,17.00000000,25.10000000,426.70000000,1664680378637,True,True
39283278,17.00000000,35.82000000,608.94000000,1664680378637,True,True
39283279,17.00000000,55.00000000,935.00000000,1664680378637,True,True
39283280,17.00000000,55.00000000,935.00000000,1664680378637,True,True
39283281,17.00000000,33.14000000,563.38000000,1664680378637,True,True
39283282,17.00000000,1.76000000,29.92000000,1664680378637,True,True
39283283,17.00000000,4.19000000,71.23000000,1664680378652,False,True
39283284,17.00000000,36.81000000,625.77000000,1664680379187,False,True
39283285,17.00000000,4.60000000,78.20000000,1664680387191,False,True
39283286,17.00000000,50.10000000,851.70000000,1664680407102,False,True
39283287,17.00000000,1.00000000,17.00000000,1664680442470,False,True
39283288,17.00000000,0.67000000,11.39000000,1664680487518,False,True
39283289,17.00000000,0.76000000,12.92000000,1664680489367,False,True
39283290,17.00000000,0.76000000,12.92000000,1664680489547,False,True
39283291,17.00000000,0.76000000,12.92000000,1664680489721,False,True
39283292,16.99000000,1.09000000,18.51910000,1664680571801,True,True
39283293,16.99000000,0.76000000,12.91240000,1664680571801,True,True
39283294,16.99000000,0.76000000,12.91240000,1664680571801,True,True
39283295,16.99000000,55.00000000,934.45000000,1664680571801,True,True
39283296,16.99000000,55.00000000,934.45000000,1664680571801,True,True
39283297,16.99000000,35.47000000,602.63530000,1664680571801,True,True
39283298,16.99000000,1.76000000,29.90240000,1664680571801,True,True
39283299,16.99000000,59.80000000,1016.00200000,1664680571801,True,True
39283300,16.99000000,16.90000000,287.13100000,1664680571801,True,True
39283301,16.99000000,10.40000000,176.69600000,1664680571801,True,True
39283302,16.99000000,5.50000000,93.44500000,1664680571801,True,True
39283303,16.99000000,49.83000000,846.61170000,1664680571801,True,True
39283304,16.99000000,35.28000000,599.40720000,1664680571801,True,True
39283305,16.99000000,1.11000000,18.85890000,1664680571801,True,True
39283306,16.98000000,1.30000000,22.07400000,1664680571801,True,True
39283307,16.98000000,55.00000000,933.90000000,1664680571801,True,True
39283308,16.98000000,0.69000000,11.71620000,1664680571801,True,True
39283309,16.98000000,1.24000000,21.05520000,1664680571801,True,True
39283310,16.98000000,13.00000000,220.74000000,1664680571801,True,True
39283311,16.98000000,162.19000000,2753.98620000,1664680571801,True,True
39283312,16.98000000,146.65000000,2490.11700000,1664680571801,True,True
39283313,16.98000000,10.29000000,174.72420000,1664680571801,True,True
39283314,16.98000000,104.82000000,1779.84360000,1664680571801,True,True
39283315,16.98000000,26.95000000,457.61100000,1664680571801,True,True
39283316,16.98000000,20.00000000,339.60000000,1664680571801,True,True
39283317,16.98000000,19.81000000,336.37380000,1664680571801,True,True
39283318,16.98000000,2.94000000,49.92120000,1664680571801,True,True
39283319,16.98000000,85.94000000,1459.26120000,1664680571801,True,True
39283320,16.98000000,4.20000000,71.31600000,1664680571801,True,True
39283321,16.98000000,10.00000000,169.80000000,1664680571801,True,True
39283322,16.98000000,2.94000000,49.92120000,1664680571801,True,True
39283323,16.98000000,5.40000000,91.69200000,1664680571801,True,True
39283324,16.98000000,88.00000000,1494.24000000,1664680571801,True,True
39283325,16.98000000,8.83000000,149.93340000,1664680571801,True,True
39283326,16.98000000,54.53000000,925.91940000,1664680571801,True,True
39283327,16.98000000,153.57000000,2607.61860000,1664680571801,True,True
39283328,16.98000000,89.33000000,1516.82340000,1664680571801,True,True
39283329,16.98000000,1.08000000,18.33840000,1664680571801,True,True
39283330,16.98000000,107.72000000,1829.08560000,1664680571801,True,True
39283331,16.98000000,4.03000000,68.42940000,1664680571801,True,True
39283332,16.98000000,1280.00000000,21734.40000000,1664680571809,False,True
39283333,16.98000000,19.82000000,336.54360000,1664680571811,False,True
39283334,16.97000000,0.62000000,10.52140000,1664680571811,True,True
39283335,16.98000000,4.83000000,82.01340000,1664680571811,False,True
39283336,16.98000000,166.41000000,2825.64180000,1664680571811,False,True
39283337,17.00000000,0.80000000,13.60000000,1664680571815,False,True
39283338,17.00000000,0.80000000,13.60000000,1664680571815,False,True
39283339,17.00000000,0.80000000,13.60000000,1664680571826,False,True
39283340,16.99000000,10.38000000,176.35620000,1664680572196,True,True
39283341,16.99000000,8.14000000,138.29860000,1664680572196,True,True
39283342,16.99000000,10.95000000,186.04050000,1664680572790,True,True
39283343,16.99000000,10.95000000,186.04050000,1664680573225,True,True
39283344,16.99000000,18.08000000,307.17920000,1664680574476,True,True
39283345,17.00000000,5.61000000,95.37000000,1664680577290,False,True
39283346,17.00000000,29.41000000,499.97000000,1664680602132,False,True
39283347,16.99000000,6.88000000,116.89120000,1664680606222,True,True
39283348,16.99000000,10.40000000,176.69600000,1664680606222,True,True
39283349,16.99000000,9.85000000,167.35150000,1664680606222,True,True
39283350,16.99000000,1.08000000,18.34920000,1664680712951,True,True
39283351,16.99000000,34.80000000,591.25200000,1664680716342,True,True
39283352,16.99000000,55.00000000,934.45000000,1664680716342,True,True
39283353,16.99000000,1.09000000,18.51910000,1664680716342,True,True
39283354,16.99000000,10.00000000,169.90000000,1664680716342,True,True
39283355,16.99000000,5.40000000,91.74600000,1664680716342,True,True
39283356,16.99000000,2.94000000,49.95060000,1664680716342,True,True
39283357,16.99000000,55.00000000,934.45000000,1664680716342,True,True
39283358,16.99000000,16.90000000,287.13100000,1664680716342,True,True
39283359,16.99000000,1.08000000,18.34920000,1664680716342,True,True
39283360,16.99000000,1.76000000,29.90240000,1664680716342,True,True
39283361,16.99000000,5.76000000,97.86240000,1664680716342,True,True
39283362,16.99000000,3.72000000,63.20280000,1664680716371,False,True
39283363,16.99000000,29.40000000,499.50600000,1664680716400,False,True
39283364,16.99000000,6.16000000,104.65840000,1664680716424,False,True
39283365,16.99000000,10.42000000,177.03580000,1664680716461,False,True
39283366,16.99000000,22.92000000,389.41080000,1664680716461,False,True
39283367,16.99000000,15.00000000,254.85000000,1664680733040,True,True
39283368,17.00000000,2.00000000,34.00000000,1664680759641,False,True
39283369,17.00000000,13.94000000,236.98000000,1664680811068,False,True
39283370,17.00000000,1.64000000,27.88000000,1664680813069,False,True
39283371,17.00000000,12.30000000,209.10000000,1664680813069,False,True
39283372,17.00000000,13.94000000,236.98000000,1664680814066,False,True
39283373,17.00000000,1.06000000,18.02000000,1664680817549,False,True
39283374,16.99000000,1.09000000,18.51910000,1664680877037,True,True
39283375,16.99000000,16.90000000,287.13100000,1664680877037,True,True
39283376,16.98000000,1.15000000,19.52700000,1664680887095,True,True
39283377,16.98000000,1.55000000,26.31900000,1664680933770,True,True
39283378,16.98000000,62.96000000,1069.06080000,1664680933770,True,True
39283379,16.98000000,1.09000000,18.50820000,1664680933770,True,True
39283380,16.98000000,55.00000000,933.90000000,1664680933770,True,True
39283381,16.98000000,35.00000000,594.30000000,1664680933969,False,True
39283382,16.98000000,54.50000000,925.41000000,1664680934406,False,True
39283383,16.98000000,35.00000000,594.30000000,1664680934556,False,True
39283384,16.98000000,35.00000000,594.30000000,1664680934673,False,True
39283385,16.98000000,35.00000000,594.30000000,1664680934859,False,True
39283386,16.98000000,35.00000000,594.30000000,1664680934931,False,True
39283387,16.98000000,35.00000000,594.30000000,1664680934994,False,True
39283388,16.98000000,19.50000000,331.11000000,1664680936168,False,True
39283389,16.98000000,2.33000000,39.56340000,1664680936263,False,True
39283390,16.98000000,2.30000000,39.05400000,1664680939147,False,True
39283391,16.98000000,4.54000000,77.08920000,1664680970014,False,True
39283392,16.98000000,10.70000000,181.68600000,1664680971083,False,True
39283393,16.98000000,5.35000000,90.84300000,1664680976110,False,True
39283394,16.98000000,32.11000000,545.22780000,1664680978132,False,True
39283395,16.98000000,17.89000000,303.77220000,1664680978132,False,True
