39735080,15.14000000,0.69000000,10.44660000,1666310404914,True,True
39735081,15.14000000,0.67000000,10.14380000,1666310404914,True,True
39735082,15.14000000,4.17000000,63.13380000,1666310404914,True,True
39735083,15.14000000,3.30000000,49.96200000,1666310404914,True,True
39735084,15.14000000,44.63000000,675.69820000,1666310404914,True,True
39735085,15.15000000,1.09000000,16.51350000,1666310405422,False,True
39735086,15.15000000,7.97000000,120.74550000,1666310405422,False,True
39735087,15.15000000,1.11000000,16.81650000,1666310405422,False,True
39735088,15.15000000,18.16000000,275.12400000,1666310405422,False,True
39735089,15.15000000,37.67000000,570.70050000,1666310405422,False,True
39735090,15.15000000,31.63000000,479.19450000,1666310405680,False,True
39735091,15.15000000,34.31000000,519.79650000,1666310405680,False,True
39735092,15.14000000,10.14000000,153.51960000,1666310411562,True,True
39735093,15.13000000,82.63000000,1250.19190000,1666310418925,True,True
39735094,15.14000000,0.67000000,10.14380000,1666310437627,False,True
39735095,15.14000000,3.17000000,47.99380000,1666310438022,False,True
39735096,15.14000000,1.51000000,22.86140000,1666310440708,True,True
39735097,15.14000000,7.49000000,113.39860000,1666310449947,True,True
39735098,15.14000000,5.22000000,79.03080000,1666310489056,False,True
39735099,15.14000000,1.08000000,16.35120000,1666310489064,False,True
39735100,15.13000000,45.03000000,681.30390000,1666310512124,True,True
39735101,15.13000000,23.77000000,359.64010000,1666310512153,True,True
39735102,15.13000000,32.91000000,497.92830000,1666310512213,True,True
39735103,15.13000000,100.00000000,1513.00000000,1666310512238,True,True
39735104,15.13000000,40.00000000,605.20000000,1666310512249,True,True
39735105,15.13000000,11.95000000,180.80350000,1666310512358,True,True
39735106,15.13000000,12.38000000,187.30940000,1666310512369,True,True
39735107,15.13000000,20.00000000,302.60000000,1666310512383,True,True
39735108,15.13000000,20.00000000,302.60000000,1666310512384,True,True
39735109,15.13000000,4.23000000,63.99990000,1666310512475,True,True
39735110,15.13000000,12.38000000,187.30940000,1666310512563,True,True
39735111,15.13000000,4.50000000,68.08500000,1666310512614,True,True
39735112,15.13000000,9.07000000,137.22910000,1666310513006,True,True
39735113,15.13000000,89.50000000,1354.13500000,1666310513263,True,True
39735114,15.13000000,5.86000000,88.66180000,1666310513358,True,True
39735115,15.13000000,740.00000000,11196.20000000,1666310513772,True,True
39735116,15.13000000,300.00000000,4539.00000000,1666310513784,True,True
39735117,15.13000000,20.00000000,302.60000000,1666310513792,True,True
39735118,15.13000000,44.00000000,665.72000000,1666310513801,True,True
39735119,15.13000000,97.98000000,1482.43740000,1666310513811,True,True
39735120,15.13000000,120.00000000,1815.60000000,1666310513817,True,True
39735121,15.13000000,773.21000000,11698.66730000,1666310513823,True,True
39735122,15.13000000,3.30000000,49.92900000,1666310513823,True,True
39735123,15.13000000,4.17000000,63.09210000,1666310513823,True,True
39735124,15.13000000,0.67000000,10.13710000,1666310513823,True,True
39735125,15.13000000,0.67000000,10.13710000,1666310513823,True,True
39735126,15.13000000,0.42000000,6.35460000,1666310513823,True,True
39735127,15.13000000,3.77000000,57.04010000,1666310513837,False,True
39735128,15.12000000,135.49000000,2048.60880000,1666310513970,True,True
39735129,15.12000000,27.97000000,422.90640000,1666310514350,True,True
39735130,15.12000000,1.87000000,28.27440000,1666310514350,True,True
39735131,15.12000000,1.33000000,20.10960000,1666310514350,True,True
39735132,15.12000000,1.32000000,19.95840000,1666310514350,True,True
39735133,15.12000000,0.72000000,10.88640000,1666310514350,True,True
39735134,15.12000000,0.73000000,11.03760000,1666310514350,True,True
39735135,15.12000000,0.73000000,11.03760000,1666310514350,True,True
39735136,15.12000000,0.71000000,10.73520000,1666310514350,True,True
39735137,15.12000000,0.76000000,11.49120000,1666310514350,True,True
39735138,15.12000000,1.70000000,25.70400000,1666310514350,True,True
39735139,15.12000000,6.00000000,90.72000000,1666310514350,True,True
39735140,15.11000000,2.01000000,30.37110000,1666310515301,True,True
39735141,15.11000000,5.95000000,89.90450000,1666310515301,True,True
39735142,15.11000000,0.76000000,11.48360000,1666310515301,True,True
39735143,15.11000000,0.96000000,14.50560000,1666310515301,True,True
39735144,15.11000000,2.05000000,30.97550000,1666310515301,True,True
39735145,15.11000000,1.69000000,25.53590000,1666310515301,True,True
39735146,15.11000000,4.67000000,70.56370000,1666310515301,True,True
39735147,15.11000000,0.72000000,10.87920000,1666310515301,True,True
39735148,15.11000000,2.33000000,35.20630000,1666310515301,True,True
39735149,15.11000000,0.72000000,10.87920000,1666310515301,True,True
39735150,15.11000000,7.12000000,107.58320000,1666310515373,True,True
39735151,15.11000000,33.32000000,503.46520000,1666310518305,True,True
39735152,15.11000000,1.11000000,16.77210000,1666310518305,True,True
39735153,15.11000000,11.90000000,179.80900000,1666310520261,True,True
39735154,15.12000000,12.21000000,184.61520000,1666310521224,False,True
39735155,15.12000000,13.22000000,199.88640000,1666310528613,True,True
39735156,15.12000000,7.69000000,116.27280000,1666310528613,True,True
39735157,15.12000000,7.69000000,116.27280000,1666310538970,False,True
39735158,15.12000000,7.05000000,106.59600000,1666310539034,True,True
39735159,15.12000000,13.22000000,199.88640000,1666310541014,False,True
39735160,15.12000000,7.05000000,106.59600000,1666310541646,False,True
39735161,15.13000000,8.86000000,134.05180000,1666310542400,False,True
39735162,15.13000000,3.30000000,49.92900000,1666310542400,False,True
39735163,15.13000000,4.17000000,63.09210000,1666310542400,False,True
39735164,15.13000000,3.84000000,58.09920000,1666310542481,True,True
39735165,15.14000000,8.06000000,122.02840000,1666310552493,False,True
39735166,15.14000000,8.78000000,132.92920000,1666310552493,False,True
39735167,15.14000000,4.17000000,63.13380000,1666310552493,False,True
39735168,15.14000000,3.30000000,49.96200000,1666310552493,False,True
39735169,15.14000000,2.46000000,37.24440000,1666310552583,True,True
39735170,15.15000000,11.52000000,174.52800000,1666310554846,False,True
39735171,15.15000000,20.00000000,303.00000000,1666310554846,False,True
39735172,15.15000000,37.57000000,569.18550000,1666310554992,True,True
39735173,15.15000000,10.14000000,153.62100000,1666310554992,True,True
39735174,15.15000000,14.12000000,213.91800000,1666310554992,True,True
39735175,15.15000000,4.19000000,63.47850000,1666310555069,True,True
39735176,15.15000000,2.46000000,37.26900000,1666310555156,True,True
39735177,15.15000000,7.56000000,114.53400000,1666310557095,True,True
39735178,15.15000000,6.06000000,91.80900000,1666310557095,True,True
39735179,15.16000000,11.52000000,174.64320000,1666310564799,False,True
39735180,15.16000000,3.30000000,50.02800000,1666310564799,False,True
39735181,15.16000000,4.17000000,63.21720000,1666310564799,False,True
39735182,15.16000000,1.70000000,25.77200000,1666310564799,False,True
39735183,15.16000000,3.30000000,50.02800000,1666310564799,False,True
39735184,15.16000000,3.30000000,50.02800000,1666310564799,False,True
39735185,15.16000000,4.43000000,67.15880000,1666310565040,True,True
39735186,15.16000000,6.52000000,98.84320000,1666310565040,True,True
39735187,15.16000000,1.23000000,18.64680000,1666310569185,True,True
39735188,15.16000000,1.22000000,18.49520000,1666310569185,True,True
39735189,15.16000000,13.03000000,197.53480000,1666310573963,True,True
39735190,15.16000000,0.98000000,14.85680000,1666310574676,False,True
39735191,15.16000000,0.76000000,11.52160000,1666310582509,False,True
39735192,15.15000000,3.30000000,49.99500000,1666310585177,True,True
39735193,15.15000000,4.17000000,63.17550000,1666310585177,True,True
39735194,15.15000000,10.51000000,159.22650000,1666310585177,True,True
39735195,15.15000000,0.27000000,4.09050000,1666310585190,True,True
39735196,15.14000000,8.78000000,132.92920000,1666310614567,True,True
39735197,15.14000000,6.21000000,94.01940000,1666310614567,True,True
39735198,15.14000000,5.15000000,77.97100000,1666310614567,True,True
39735199,15.14000000,0.72000000,10.90080000,1666310615162,True,True
39735200,15.14000000,4.17000000,63.13380000,1666310615162,True,True
39735201,15.14000000,3.30000000,49.96200000,1666310615162,True,True
39735202,15.14000000,3.28000000,49.65920000,1666310615186,False,True
39735203,15.14000000,2.46000000,37.24440000,1666310615239,False,True
39735204,15.13000000,5.01000000,75.80130000,1666310622435,True,True
39735205,15.13000000,10.01000000,151.45130000,1666310631056,False,True
39735206,15.13000000,22.09000000,334.22170000,1666310631056,False,True
39735207,15.13000000,2.10000000,31.77300000,1666310650001,True,True
39735208,15.13000000,6.20000000,93.80600000,1666310652904,False,True
39735209,15.13000000,15.06000000,227.85780000,1666310652904,False,True
39735210,15.13000000,72.59000000,1098.28670000,1666310682632,True,True
39735211,15.13000000,4.00000000,60.52000000,1666310683510,False,True
39735212,15.12000000,3.30000000,49.89600000,1666310710048,True,True
39735213,15.12000000,1.30000000,19.65600000,1666310710048,True,True
39735214,15.12000000,4.17000000,63.05040000,1666310710048,True,True
39735215,15.12000000,1.98000000,29.93760000,1666310710048,True,True
39735216,15.11000000,21.35000000,322.59850000,1666310716007,True,True
39735217,15.12000000,10.14000000,153.31680000,1666310725243,False,True
39735218,15.12000000,6.20000000,93.74400000,1666310725243,False,True
39735219,15.12000000,8.81000000,133.20720000,1666310725243,False,True
39735220,15.12000000,12.43000000,187.94160000,1666310725243,False,True
39735221,15.12000000,7.36000000,111.28320000,1666310725243,False,True
39735222,15.12000000,11.70000000,176.90400000,1666310725243,False,True
39735223,15.12000000,3.36000000,50.80320000,1666310725243,False,True
39735224,15.12000000,6.20000000,93.74400000,1666310741179,False,True
39735225,15.12000000,10.14000000,153.31680000,1666310742114,True,True
39735226,15.11000000,4.68000000,70.71480000,1666310745216,True,True
39735227,15.11000000,55.37000000,836.64070000,1666310756648,True,True
39735228,15.11000000,58.46000000,883.33060000,1666310756657,True,True
39735229,15.11000000,39.32000000,594.12520000,1666310756666,True,True
39735230,15.11000000,3.30000000,49.86300000,1666310756666,True,True
39735231,15.11000000,4.17000000,63.00870000,1666310756666,True,True
39735232,15.11000000,1.13000000,17.07430000,1666310759204,False,True
39735233,15.10000000,63.58000000,960.05800000,1666310787124,True,True
39735234,15.10000000,30.00000000,453.00000000,1666310787124,True,True
39735235,15.10000000,1.63000000,24.61300000,1666310787124,True,True
39735236,15.10000000,7.50000000,113.25000000,1666310787124,True,True
39735237,15.10000000,2.50000000,37.75000000,1666310787676,True,True
39735238,15.10000000,0.75000000,11.32500000,1666310787676,True,True
39735239,15.10000000,50.00000000,755.00000000,1666310787676,True,True
39735240,15.10000000,1.00000000,15.10000000,1666310787676,True,True
39735241,15.10000000,0.95000000,14.34500000,1666310787676,True,True
39735242,15.10000000,10.00000000,151.00000000,1666310787676,True,True
39735243,15.10000000,6.62000000,99.96200000,1666310787676,True,True
39735244,15.10000000,1.32000000,19.93200000,1666310787676,True,True
39735245,15.10000000,3.31000000,49.98100000,1666310787676,True,True
39735246,15.10000000,3.25000000,49.07500000,1666310787676,True,True
39735247,15.10000000,0.72000000,10.87200000,1666310787676,True,True
39735248,15.10000000,16.07000000,242.65700000,1666310787676,True,True
39735249,15.10000000,4.17000000,62.96700000,1666310796738,True,True
39735250,15.10000000,3.30000000,49.83000000,1666310796738,True,True
39735251,15.10000000,4.39000000,66.28900000,1666310796738,True,True
39735252,15.10000000,13.24000000,199.92400000,1666310798211,True,True
39735253,15.10000000,9.01000000,136.05100000,1666310798230,False,True
39735254,15.10000000,6.21000000,93.77100000,1666310799966,True,True
39735255,15.09000000,0.69000000,10.41210000,1666310804807,True,True
39735256,15.09000000,1.01000000,15.24090000,1666310804807,True,True
39735257,15.09000000,0.71000000,10.71390000,1666310804807,True,True
39735258,15.09000000,9.75000000,147.12750000,1666310804807,True,True
39735259,15.09000000,0.69000000,10.41210000,1666310804807,True,True
39735260,15.09000000,1.00000000,15.09000000,1666310804807,True,True
39735261,15.09000000,1.53000000,23.08770000,1666310804807,True,True
39735262,15.09000000,0.72000000,10.86480000,1666310804807,True,True
39735263,15.09000000,3.30000000,49.79700000,1666310804807,True,True
39735264,15.09000000,4.17000000,62.92530000,1666310804807,True,True
39735265,15.08000000,4.85000000,73.13800000,1666310804807,True,True
39735266,15.09000000,1.98000000,29.87820000,1666310829761,True,True
39735267,15.09000000,8.15000000,122.98350000,1666310838746,True,True
39735268,15.09000000,11.41000000,172.17690000,1666310838775,True,True
39735269,15.10000000,4.44000000,67.04400000,1666310853669,False,True
39735270,15.09000000,10.14000000,153.01260000,1666310854161,True,True
39735271,15.08000000,25.15000000,379.26200000,1666310854166,True,True
39735272,15.08000000,1.33000000,20.05640000,1666310854166,True,True
39735273,15.08000000,0.72000000,10.85760000,1666310854166,True,True
39735274,15.08000000,3.76000000,56.70080000,1666310854166,True,True
39735275,15.08000000,0.78000000,11.76240000,1666310854166,True,True
39735276,15.08000000,0.72000000,10.85760000,1666310854166,True,True
39735277,15.08000000,0.67000000,10.10360000,1666310854166,True,True
39735278,15.08000000,84.00000000,1266.72000000,1666310854166,True,True
39735279,15.08000000,3.30000000,49.76400000,1666310854166,True,True
39735280,15.08000000,4.17000000,62.88360000,1666310854166,True,True
39735281,15.08000000,11.30000000,170.40400000,1666310854166,True,True
39735282,15.08000000,6.22000000,93.79760000,1666310854166,True,True
39735283,15.08000000,36.25000000,546.65000000,1666310854166,True,True
39735284,15.08000000,20.00000000,301.60000000,1666310854166,True,True
39735285,15.08000000,9.20000000,138.73600000,1666310854166,True,True
39735286,15.08000000,207.57000000,3130.15560000,1666310854175,True,True
39735287,15.08000000,207.57000000,3130.15560000,1666310854176,True,True
39735288,15.08000000,1.44000000,21.71520000,1666310854211,False,True
39735289,15.08000000,2.98000000,44.93840000,1666310854217,False,True
39735290,15.08000000,6.24000000,94.09920000,1666310854217,False,True
39735291,15.08000000,12.38000000,186.69040000,1666310854217,False,True
39735292,15.08000000,4.37000000,65.89960000,1666310854217,False,True
39735293,15.08000000,12.00000000,180.96000000,1666310854217,False,True
39735294,15.07000000,0.87000000,13.11090000,1666310854282,True,True
39735295,15.07000000,0.91000000,13.71370000,1666310854282,True,True
39735296,15.07000000,1.34000000,20.19380000,1666310854282,True,True
39735297,15.07000000,1.51000000,22.75570000,1666310854282,True,True
39735298,15.07000000,0.75000000,11.30250000,1666310854282,True,True
39735299,15.07000000,82.29000000,1240.11030000,1666310854282,True,True
39735300,15.08000000,3.50000000,52.78000000,1666310854315,False,True
39735301,15.08000000,0.36000000,5.42880000,1666310854315,False,True
39735302,15.07000000,25.00000000,376.75000000,1666310854840,True,True
39735303,15.07000000,21.42000000,322.79940000,1666310854966,True,True
39735304,15.07000000,16.81000000,253.32670000,1666310855242,True,True
39735305,15.07000000,0.72000000,10.85040000,1666310855242,True,True
39735306,15.07000000,0.52000000,7.83640000,1666310855242,True,True
39735307,15.07000000,0.15000000,2.26050000,1666310855524,True,True
39735308,15.07000000,1.71000000,25.76970000,1666310855524,True,True
39735309,15.07000000,5.34000000,80.47380000,1666310855524,True,True
39735310,15.07000000,0.66000000,9.94620000,1666310855536,True,True
39735311,15.06000000,1.94000000,29.21640000,1666310856960,True,True
39735312,15.06000000,2.55000000,38.40300000,1666310856960,True,True
39735313,15.06000000,30.00000000,451.80000000,1666310856960,True,True
39735314,15.06000000,2.02000000,30.42120000,1666310856960,True,True
39735315,15.06000000,0.98000000,14.75880000,1666310856960,True,True
39735316,15.06000000,0.67000000,10.09020000,1666310856960,True,True
39735317,15.06000000,0.73000000,10.99380000,1666310856960,True,True
39735318,15.06000000,4.80000000,72.28800000,1666310856960,True,True
39735319,15.06000000,4.40000000,66.26400000,1666310856960,True,True
39735320,15.06000000,4.38000000,65.96280000,1666310856960,True,True
39735321,15.06000000,2.15000000,32.37900000,1666310856960,True,True
39735322,15.06000000,10.71000000,161.29260000,1666310856960,True,True
39735323,15.06000000,12.40000000,186.74400000,1666310856960,True,True
39735324,15.06000000,3.30000000,49.69800000,1666310856960,True,True
39735325,15.05000000,5.98000000,89.99900000,1666310856960,True,True
39735326,15.05000000,9.62000000,144.78100000,1666310856960,True,True
39735327,15.05000000,2.02000000,30.40100000,1666310856960,True,True
39735328,15.05000000,1.24000000,18.66200000,1666310856960,True,True
39735329,15.05000000,16.83000000,253.29150000,1666310856960,True,True
39735330,15.05000000,2.00000000,30.10000000,1666310856960,True,True
39735331,15.05000000,29.00000000,436.45000000,1666310856960,True,True
39735332,15.05000000,0.74000000,11.13700000,1666310856960,True,True
39735333,15.05000000,0.73000000,10.98650000,1666310856960,True,True
39735334,15.05000000,16.43000000,247.27150000,1666310856960,True,True
39735335,15.07000000,0.67000000,10.09690000,1666310857493,False,True
39735336,15.07000000,1.57000000,23.65990000,1666310861277,False,True
39735337,15.07000000,7.69000000,115.88830000,1666310864752,False,True
39735338,15.07000000,2.25000000,33.90750000,1666310864752,False,True
39735339,15.06000000,10.00000000,150.60000000,1666310875759,True,True
39735340,15.07000000,16.45000000,247.90150000,1666310895918,False,True
39735341,15.07000000,12.40000000,186.86800000,1666310895918,False,True
39735342,15.07000000,3.30000000,49.73100000,1666310895918,False,True
39735343,15.07000000,2.72000000,40.99040000,1666310895918,False,True
39735344,15.07000000,1.45000000,21.85150000,1666310895952,False,True
39735345,15.07000000,4.37000000,65.85590000,1666310895952,False,True
39735346,15.07000000,2.59000000,39.03130000,1666310895952,False,True
39735347,15.07000000,1.82000000,27.42740000,1666310895973,False,True
39735348,15.07000000,3.89000000,58.62230000,1666310895973,False,True
39735349,15.07000000,6.88000000,103.68160000,1666310895975,False,True
39735350,15.07000000,11.70000000,176.31900000,1666310895975,False,True
39735351,15.07000000,12.30000000,185.36100000,1666310895975,False,True
39735352,15.07000000,12.30000000,185.36100000,1666310895975,False,True
39735353,15.07000000,20.00000000,301.40000000,1666310895975,False,True
39735354,15.07000000,8.41000000,126.73870000,1666310899710,True,True
39735355,15.07000000,42.71000000,643.63970000,1666310899710,True,True
39735356,15.07000000,12.40000000,186.86800000,1666310899710,True,True
39735357,15.07000000,11.50000000,173.30500000,1666310899710,True,True
39735358,15.07000000,6.20000000,93.43400000,1666310899710,True,True
39735359,15.07000000,12.40000000,186.86800000,1666310899710,True,True
39735360,15.06000000,1.57000000,23.64420000,1666310899710,True,True
39735361,15.06000000,0.67000000,10.09020000,1666310899710,True,True
39735362,15.06000000,12.40000000,186.74400000,1666310899710,True,True
39735363,15.06000000,6.96000000,104.81760000,1666310899710,True,True
39735364,15.06000000,13.35000000,201.05100000,1666310899710,True,True
39735365,15.06000000,1.82000000,27.40920000,1666310899710,True,True
39735366,15.06000000,49.26000000,741.85560000,1666310899710,True,True
39735367,15.06000000,29.43000000,443.21580000,1666310899710,True,True
39735368,15.06000000,75.81000000,1141.69860000,1666310899710,True,True
39735369,15.06000000,370.37000000,5577.77220000,1666310899710,True,True
39735370,15.07000000,21.68000000,326.71760000,1666310950685,True,True
39735371,15.07000000,10.14000000,152.80980000,1666310968617,False,True
39735372,15.07000000,0.40000000,6.02800000,1666310968617,False,True
39735373,15.07000000,90.86000000,1369.26020000,1666310974889,False,True
39735374,15.07000000,38.48000000,579.89360000,1666310977225,False,True
39735375,15.07000000,20.00000000,301.40000000,1666310977230,False,True
39735376,15.07000000,8.39000000,126.43730000,1666310977230,False,True
39735377,15.07000000,5.06000000,76.25420000,1666310977230,False,True
39735378,15.07000000,1.09000000,16.42630000,1666310977230,False,True
39735379,15.07000000,3.33000000,50.18310000,1666311014027,True,True
39735380,15.08000000,0.67000000,10.10360000,1666311053001,False,True
39735381,15.07000000,16.58000000,249.86060000,1666311053158,True,True
39735382,15.07000000,6.20000000,93.43400000,1666311057000,False,True
39735383,15.07000000,4.61000000,69.47270000,1666311057000,False,True
39735384,15.07000000,5.31000000,80.02170000,1666311057000,False,True
39735385,15.07000000,29.56000000,445.46920000,1666311061758,True,True
39735386,15.07000000,9.02000000,135.93140000,1666311064071,False,True
39735387,15.06000000,3.30000000,49.69800000,1666311065410,True,True
39735388,15.06000000,4.41000000,66.41460000,1666311065410,True,True
39735389,15.06000000,13.32000000,200.59920000,1666311065410,True,True
39735390,15.06000000,18.46000000,278.00760000,1666311065770,False,True
39735391,15.06000000,124.38000000,1873.16280000,1666311073071,False,True
39735392,15.06000000,2.65000000,39.90900000,1666311096714,True,True
39735393,15.06000000,5.89000000,88.70340000,1666311098410,True,True
39735394,15.06000000,2.86000000,43.07160000,1666311098418,True,True
39735395,15.05000000,4.17000000,62.75850000,1666311103040,True,True
39735396,15.05000000,3.30000000,49.66500000,1666311103040,True,True
39735397,15.05000000,0.67000000,10.08350000,1666311103040,True,True
39735398,15.05000000,6.34000000,95.41700000,1666311103040,True,True
39735399,15.05000000,0.67000000,10.08350000,1666311103040,True,True
39735400,15.05000000,0.43000000,6.47150000,1666311103040,True,True
39735401,15.05000000,16.07000000,241.85350000,1666311103143,False,True
39735402,15.05000000,0.45000000,6.77250000,1666311103143,False,True
39735403,15.05000000,7.86000000,118.29300000,1666311103212,False,True
39735404,15.05000000,16.03000000,241.25150000,1666311103315,False,True
39735405,15.05000000,38.48000000,579.12400000,1666311109773,True,True
39735406,15.05000000,7.14000000,107.45700000,1666311110928,False,True
39735407,15.05000000,1.09000000,16.40450000,1666311110928,False,True
39735408,15.05000000,10.14000000,152.60700000,1666311126397,True,True
39735409,15.05000000,7.75000000,116.63750000,1666311127211,True,True
39735410,15.04000000,0.71000000,10.67840000,1666311130056,True,True
39735411,15.04000000,0.43000000,6.46720000,1666311130056,True,True
39735412,15.04000000,1.59000000,23.91360000,1666311130056,True,True
39735413,15.04000000,1.70000000,25.56800000,1666311130056,True,True
39735414,15.04000000,1.14000000,17.14560000,1666311130058,True,True
39735415,15.04000000,0.85000000,12.78400000,1666311130058,True,True
39735416,15.04000000,0.29000000,4.36160000,1666311130058,True,True
39735417,15.04000000,1.11000000,16.69440000,1666311130058,True,True
39735418,15.04000000,0.03000000,0.45120000,1666311130058,True,True
39735419,15.04000000,1.14000000,17.14560000,1666311130059,True,True
39735420,15.04000000,0.64000000,9.62560000,1666311130061,True,True
39735421,15.04000000,0.50000000,7.52000000,1666311130061,True,True
39735422,15.04000000,29.50000000,443.68000000,1666311130451,True,True
39735423,15.04000000,0.94000000,14.13760000,1666311130451,True,True
39735424,15.04000000,1.66000000,24.96640000,1666311130451,True,True
39735425,15.04000000,0.73000000,10.97920000,1666311130451,True,True
39735426,15.04000000,54.17000000,814.71680000,1666311130451,True,True
39735427,15.04000000,12.50000000,188.00000000,1666311130662,True,True
39735428,15.04000000,20.14000000,302.90560000,1666311130666,True,True
39735429,15.04000000,2.76000000,41.51040000,1666311130681,True,True
39735430,15.04000000,2.76000000,41.51040000,1666311130681,True,True
39735431,15.04000000,2.76000000,41.51040000,1666311130681,True,True
39735432,15.04000000,2.76000000,41.51040000,1666311130684,True,True
39735433,15.04000000,2.76000000,41.51040000,1666311130684,True,True
39735434,15.04000000,89.97000000,1353.14880000,1666311130997,True,True
39735435,15.04000000,12.84000000,193.11360000,1666311131488,True,True
39735436,15.04000000,22.51000000,338.55040000,1666311131501,True,True
39735437,15.04000000,4.17000000,62.71680000,1666311131501,True,True
39735438,15.04000000,3.30000000,49.63200000,1666311131501,True,True
39735439,15.04000000,1.15000000,17.29600000,1666311133887,False,True
39735440,15.04000000,3.21000000,48.27840000,1666311145533,False,True
39735441,15.03000000,8.62000000,129.55860000,1666311161364,True,True
39735442,15.03000000,1.79000000,26.90370000,1666311198772,True,True
39735443,15.04000000,24.80000000,372.99200000,1666311231071,False,True
39735444,15.04000000,9.58000000,144.08320000,1666311231071,False,True
39735445,15.04000000,3.95000000,59.40800000,1666311231105,False,True
39735446,15.04000000,4.41000000,66.32640000,1666311231105,False,True
39735447,15.04000000,20.00000000,300.80000000,1666311231105,False,True
39735448,15.04000000,14.72000000,221.38880000,1666311231105,False,True
39735449,15.04000000,28.29000000,425.48160000,1666311231105,False,True
39735450,15.04000000,44.00000000,661.76000000,1666311231115,False,True
39735451,15.04000000,20.65000000,310.57600000,1666311231124,False,True
39735452,15.04000000,7.73000000,116.25920000,1666311231250,False,True
39735453,15.04000000,13.29000000,199.88160000,1666311246655,True,True
39735454,15.04000000,21.09000000,317.19360000,1666311246655,True,True
39735455,15.04000000,5.52000000,83.02080000,1666311246657,True,True
39735456,15.04000000,26.61000000,400.21440000,1666311246657,True,True
39735457,15.04000000,11.87000000,178.52480000,1666311246657,True,True
39735458,15.04000000,10.14000000,152.50560000,1666311246657,True,True
39735459,15.04000000,4.60000000,69.18400000,1666311246658,True,True
39735460,15.04000000,16.05000000,241.39200000,1666311246658,True,True
39735461,15.04000000,9.02000000,135.66080000,1666311246660,True,True
39735462,15.04000000,1.54000000,23.16160000,1666311246661,True,True
39735463,15.04000000,4.17000000,62.71680000,1666311246661,True,True
39735464,15.04000000,7.99000000,120.16960000,1666311246663,True,True
39735465,15.04000000,14.45000000,217.32800000,1666311246668,True,True
39735466,15.04000000,0.01000000,0.15040000,1666311246668,True,True
39735467,15.04000000,10.14000000,152.50560000,1666311276647,False,True
39735468,15.04000000,1.56000000,23.46240000,1666311276650,False,True
39735469,15.04000000,4.06000000,61.06240000,1666311276650,False,True
39735470,15.04000000,8.24000000,123.92960000,1666311276652,False,True
39735471,15.04000000,12.30000000,184.99200000,1666311276652,False,True
39735472,15.04000000,15.83000000,238.08320000,1666311276652,False,True
39735473,15.04000000,0.74000000,11.12960000,1666311276652,False,True
39735474,15.05000000,13.20000000,198.66000000,1666311277070,False,True
39735475,15.05000000,11.52000000,173.37600000,1666311277070,False,True
39735476,15.05000000,0.90000000,13.54500000,1666311277070,False,True
39735477,15.05000000,36.26000000,545.71300000,1666311277070,False,True
39735478,15.05000000,20.87000000,314.09350000,1666311277070,False,True
39735479,15.05000000,19.11000000,287.60550000,1666311277083,False,True
39735480,15.05000000,20.00000000,301.00000000,1666311277083,False,True
39735481,15.06000000,8.81000000,132.67860000,1666311278096,False,True
39735482,15.06000000,3.30000000,49.69800000,1666311278096,False,True
39735483,15.06000000,0.70000000,10.54200000,1666311278096,False,True
39735484,15.06000000,4.17000000,62.80020000,1666311278096,False,True
39735485,15.06000000,10.00000000,150.60000000,1666311278096,False,True
39735486,15.07000000,3.32000000,50.03240000,1666311285939,False,True
39735487,15.07000000,3.30000000,49.73100000,1666311285939,False,True
39735488,15.07000000,4.17000000,62.84190000,1666311285939,False,True
39735489,15.07000000,18.59000000,280.15130000,1666311293497,True,True
39735490,15.07000000,6.63000000,99.91410000,1666311293497,True,True
39735491,15.08000000,0.87000000,13.11960000,1666311302571,False,True
39735492,15.08000000,11.52000000,173.72160000,1666311302571,False,True
39735493,15.08000000,22.43000000,338.24440000,1666311302571,False,True
39735494,15.08000000,32.38000000,488.29040000,1666311302571,False,True
39735495,15.07000000,1.14000000,17.17980000,1666311313862,True,True
39735496,15.08000000,1.14000000,17.19120000,1666311314382,False,True
39735497,15.07000000,7.67000000,115.58690000,1666311361475,True,True
39735498,15.07000000,5.55000000,83.63850000,1666311361475,True,True
39735499,15.07000000,12.40000000,186.86800000,1666311361475,True,True
39735500,15.06000000,3.30000000,49.69800000,1666311424137,True,True
39735501,15.06000000,18.89000000,284.48340000,1666311424137,True,True
39735502,15.06000000,12.63000000,190.20780000,1666311424137,True,True
39735503,15.06000000,0.59000000,8.88540000,1666311424148,True,True
39735504,15.06000000,12.41000000,186.89460000,1666311424148,True,True
39735505,15.06000000,19.58000000,294.87480000,1666311424148,True,True
39735506,15.06000000,7.40000000,111.44400000,1666311424148,True,True
39735507,15.06000000,9.47000000,142.61820000,1666311424182,True,True
39735508,15.06000000,13.42000000,202.10520000,1666311424185,True,True
39735509,15.06000000,37.11000000,558.87660000,1666311424228,True,True
39735510,15.06000000,5.59000000,84.18540000,1666311424230,True,True
39735511,15.06000000,4.17000000,62.80020000,1666311424244,True,True
39735512,15.06000000,11.48000000,172.88880000,1666311424244,True,True
39735513,15.05000000,1.29000000,19.41450000,1666311429763,True,True
39735514,15.05000000,1.00000000,15.05000000,1666311429763,True,True
39735515,15.05000000,9.94000000,149.59700000,1666311429763,True,True
39735516,15.05000000,3.30000000,49.66500000,1666311429763,True,True
39735517,15.05000000,9.93000000,149.44650000,1666311430812,True,True
39735518,15.05000000,8.64000000,130.03200000,1666311430896,False,True
39735519,15.04000000,14.60000000,219.58400000,1666311431805,True,True
39735520,15.04000000,15.85000000,238.38400000,1666311431816,True,True
39735521,15.04000000,1.71000000,25.71840000,1666311433822,True,True
39735522,15.04000000,2.19000000,32.93760000,1666311433822,True,True
39735523,15.04000000,3.30000000,49.63200000,1666311439838,True,True
39735524,15.04000000,4.17000000,62.71680000,1666311439838,True,True
39735525,15.04000000,5.40000000,81.21600000,1666311442843,True,True
39735526,15.04000000,3.31000000,49.78240000,1666311443021,False,True
39735527,15.04000000,3.31000000,49.78240000,1666311443050,False,True
39735528,15.03000000,12.80000000,192.38400000,1666311445836,True,True
39735529,15.04000000,10.57000000,158.97280000,1666311447588,False,True
39735530,15.03000000,39.11000000,587.82330000,1666311454391,True,True
39735531,15.03000000,1.26000000,18.93780000,1666311454411,True,True
39735532,15.03000000,0.69000000,10.37070000,1666311454411,True,True
39735533,15.03000000,0.73000000,10.97190000,1666311454411,True,True
39735534,15.03000000,3.32000000,49.89960000,1666311454411,True,True
39735535,15.03000000,3.30000000,49.59900000,1666311454411,True,True
39735536,15.03000000,4.17000000,62.67510000,1666311454411,True,True
39735537,15.03000000,14.40000000,216.43200000,1666311454525,False,True
39735538,15.03000000,22.45000000,337.42350000,1666311454756,False,True
39735539,15.03000000,5.10000000,76.65300000,1666311455741,False,True
39735540,15.03000000,9.63000000,144.73890000,1666311455741,False,True
39735541,15.03000000,12.40000000,186.37200000,1666311455741,False,True
39735542,15.03000000,9.63000000,144.73890000,1666311455741,False,True
39735543,15.03000000,12.30000000,184.86900000,1666311455741,False,True
39735544,15.03000000,6.20000000,93.18600000,1666311455741,False,True
39735545,15.03000000,12.30000000,184.86900000,1666311455741,False,True
39735546,15.03000000,12.40000000,186.37200000,1666311455741,False,True
39735547,15.03000000,11.70000000,175.85100000,1666311455741,False,True
39735548,15.03000000,20.00000000,300.60000000,1666311455741,False,True
39735549,15.03000000,8.92000000,134.06760000,1666311455741,False,True
39735550,15.03000000,3.01000000,45.24030000,1666311455741,False,True
39735551,15.03000000,9.64000000,144.88920000,1666311455757,True,True
39735552,15.03000000,10.14000000,152.40420000,1666311455825,True,True
39735553,15.03000000,0.75000000,11.27250000,1666311472965,False,True
39735554,15.03000000,11.55000000,173.59650000,1666311472974,False,True
39735555,15.03000000,7.67000000,115.28010000,1666311472974,False,True
39735556,15.03000000,4.63000000,69.58890000,1666311472985,False,True
39735557,15.03000000,11.70000000,175.85100000,1666311472985,False,True
39735558,15.03000000,6.20000000,93.18600000,1666311472985,False,True
39735559,15.03000000,12.22000000,183.66660000,1666311472985,False,True
39735560,15.03000000,34.06000000,511.92180000,1666311472986,False,True
39735561,15.03000000,13.60000000,204.40800000,1666311472988,False,True
39735562,15.03000000,20.00000000,300.60000000,1666311472988,False,True
39735563,15.03000000,1.35000000,20.29050000,1666311472988,False,True
39735564,15.03000000,11.05000000,166.08150000,1666311473000,False,True
39735565,15.03000000,15.50000000,232.96500000,1666311473000,False,True
39735566,15.03000000,10.72000000,161.12160000,1666311473000,False,True
39735567,15.04000000,0.79000000,11.88160000,1666311488399,False,True
39735568,15.04000000,3.00000000,45.12000000,1666311492660,False,True
39735569,15.03000000,12.40000000,186.37200000,1666311495183,True,True
39735570,15.03000000,8.78000000,131.96340000,1666311495183,True,True
39735571,15.03000000,26.63000000,400.24890000,1666311495183,True,True
39735572,15.03000000,19.21000000,288.72630000,1666311495183,True,True
39735573,15.03000000,14.16000000,212.82480000,1666311495183,True,True
39735574,15.03000000,12.47000000,187.42410000,1666311495184,True,True
39735575,15.03000000,26.63000000,400.24890000,1666311495184,True,True
39735576,15.03000000,26.63000000,400.24890000,1666311495184,True,True
39735577,15.03000000,26.63000000,400.24890000,1666311495184,True,True
39735578,15.02000000,99.86000000,1499.89720000,1666311495191,True,True
39735579,15.02000000,1.62000000,24.33240000,1666311495191,True,True
39735580,15.02000000,1.45000000,21.77900000,1666311495191,True,True
39735581,15.02000000,1.72000000,25.83440000,1666311495191,True,True
39735582,15.02000000,1.33000000,19.97660000,1666311495191,True,True
39735583,15.02000000,2.00000000,30.04000000,1666311495191,True,True
39735584,15.02000000,76.76000000,1152.93520000,1666311495191,True,True
39735585,15.02000000,30.00000000,450.60000000,1666311495191,True,True
39735586,15.02000000,1.74000000,26.13480000,1666311495191,True,True
39735587,15.02000000,0.73000000,10.96460000,1666311495191,True,True
39735588,15.02000000,0.67000000,10.06340000,1666311495191,True,True
39735589,15.02000000,8.78000000,131.87560000,1666311495191,True,True
39735590,15.02000000,3.30000000,49.56600000,1666311495191,True,True
39735591,15.02000000,4.17000000,62.63340000,1666311495191,True,True
39735592,15.02000000,20.00000000,300.40000000,1666311495191,True,True
39735593,15.01000000,1.35000000,20.26350000,1666311495191,True,True
39735594,15.01000000,1.34000000,20.11340000,1666311495191,True,True
39735595,15.01000000,0.84000000,12.60840000,1666311495191,True,True
39735596,15.01000000,2.91000000,43.67910000,1666311495191,True,True
39735597,15.01000000,2.41000000,36.17410000,1666311495191,True,True
39735598,15.01000000,1.74000000,26.11740000,1666311495191,True,True
39735599,15.01000000,5.25000000,78.80250000,1666311495191,True,True
39735600,15.01000000,20.03000000,300.65030000,1666311495191,True,True
39735601,15.01000000,1.54000000,23.11540000,1666311495191,True,True
39735602,15.01000000,4.68000000,70.24680000,1666311495191,True,True
39735603,15.01000000,84.81000000,1272.99810000,1666311495191,True,True
39735604,15.01000000,56.62000000,849.86620000,1666311495208,True,True
39735605,15.01000000,0.73000000,10.95730000,1666311495208,True,True
39735606,15.01000000,2.07000000,31.07070000,1666311495208,True,True
39735607,15.01000000,108.95000000,1635.33950000,1666311495208,True,True
39735608,15.01000000,13.30000000,199.63300000,1666311495208,True,True
39735609,15.01000000,4.80000000,72.04800000,1666311495208,True,True
39735610,15.01000000,10.17000000,152.65170000,1666311495208,True,True
39735611,15.01000000,29.06000000,436.19060000,1666311495208,True,True
39735612,15.01000000,14.69000000,220.49690000,1666311495208,True,True
39735613,15.01000000,1.71000000,25.66710000,1666311495208,True,True
39735614,15.01000000,48.48000000,727.68480000,1666311495208,True,True
39735615,15.01000000,51.43000000,771.96430000,1666311495208,True,True
39735616,15.01000000,4.04000000,60.64040000,1666311495208,True,True
39735617,15.01000000,11.52000000,172.91520000,1666311495208,True,True
39735618,15.01000000,6.98000000,104.76980000,1666311495208,True,True
39735619,15.01000000,6.22000000,93.36220000,1666311495212,True,True
39735620,15.00000000,1.00000000,15.00000000,1666311495213,True,True
39735621,15.00000000,1.00000000,15.00000000,1666311495213,True,True
39735622,15.00000000,5.99000000,89.85000000,1666311495213,True,True
39735623,15.00000000,30.00000000,450.00000000,1666311495213,True,True
39735624,15.00000000,1.63000000,24.45000000,1666311495213,True,True
39735625,15.00000000,0.76000000,11.40000000,1666311495213,True,True
39735626,15.00000000,0.71000000,10.65000000,1666311495213,True,True
39735627,15.00000000,0.78000000,11.70000000,1666311495213,True,True
39735628,15.00000000,6.66000000,99.90000000,1666311495213,True,True
39735629,15.00000000,0.74000000,11.10000000,1666311495213,True,True
39735630,15.00000000,1.33000000,19.95000000,1666311495213,True,True
39735631,15.00000000,5.30000000,79.50000000,1666311495213,True,True
39735632,15.00000000,4.00000000,60.00000000,1666311495213,True,True
39735633,15.00000000,0.83000000,12.45000000,1666311495213,True,True
39735634,15.00000000,2.65000000,39.75000000,1666311495213,True,True
39735635,15.00000000,10.00000000,150.00000000,1666311495213,True,True
39735636,15.00000000,1.33000000,19.95000000,1666311495213,True,True
39735637,15.00000000,0.68000000,10.20000000,1666311495213,True,True
39735638,15.00000000,1.65000000,24.75000000,1666311495213,True,True
39735639,15.00000000,1.56000000,23.40000000,1666311495213,True,True
39735640,15.00000000,1.88000000,28.20000000,1666311495213,True,True
39735641,15.00000000,113.12000000,1696.80000000,1666311495213,True,True
39735642,15.00000000,12.68000000,190.20000000,1666311495213,True,True
39735643,15.00000000,74.20000000,1113.00000000,1666311495213,True,True
39735644,15.00000000,4.00000000,60.00000000,1666311495213,True,True
39735645,15.00000000,0.68000000,10.20000000,1666311495213,True,True
39735646,15.00000000,25.00000000,375.00000000,1666311495213,True,True
39735647,15.00000000,31.33000000,469.95000000,1666311495213,True,True
39735648,15.00000000,6.66000000,99.90000000,1666311495213,True,True
39735649,15.00000000,1.18000000,17.70000000,1666311495213,True,True
39735650,15.00000000,2.00000000,30.00000000,1666311495213,True,True
39735651,15.00000000,1.00000000,15.00000000,1666311495213,True,True
39735652,15.00000000,23.33000000,349.95000000,1666311495213,True,True
39735653,15.00000000,1.00000000,15.00000000,1666311495213,True,True
39735654,15.00000000,2.00000000,30.00000000,1666311495213,True,True
39735655,15.00000000,3.50000000,52.50000000,1666311495213,True,True
39735656,15.00000000,15.00000000,225.00000000,1666311495213,True,True
39735657,15.00000000,5.00000000,75.00000000,1666311495213,True,True
39735658,15.00000000,13.39000000,200.85000000,1666311495213,True,True
39735659,15.00000000,2.00000000,30.00000000,1666311495213,True,True
39735660,15.00000000,13.64000000,204.60000000,1666311495213,True,True
39735661,15.00000000,1.00000000,15.00000000,1666311495213,True,True
39735662,15.00000000,13.33000000,199.95000000,1666311495213,True,True
39735663,15.00000000,1.46000000,21.90000000,1666311495213,True,True
39735664,15.00000000,0.82000000,12.30000000,1666311495213,True,True
39735665,15.00000000,43.64000000,654.60000000,1666311495213,True,True
39735666,15.00000000,2.87000000,43.05000000,1666311495213,True,True
39735667,15.00000000,100.00000000,1500.00000000,1666311495213,True,True
39735668,15.00000000,100.00000000,1500.00000000,1666311495213,True,True
39735669,15.00000000,0.85000000,12.75000000,1666311495213,True,True
39735670,15.00000000,33.33000000,499.95000000,1666311495213,True,True
39735671,15.00000000,3.38000000,50.70000000,1666311495213,True,True
39735672,15.00000000,1.00000000,15.00000000,1666311495213,True,True
39735673,15.00000000,9.00000000,135.00000000,1666311495213,True,True
39735674,15.00000000,3.33000000,49.95000000,1666311495213,True,True
39735675,15.00000000,1.00000000,15.00000000,1666311495213,True,True
39735676,15.00000000,1.00000000,15.00000000,1666311495213,True,True
39735677,15.00000000,2.62000000,39.30000000,1666311495213,True,True
39735678,15.00000000,0.67000000,10.05000000,1666311495213,True,True
39735679,15.00000000,21.67000000,325.05000000,1666311495213,True,True
39735680,15.00000000,150.00000000,2250.00000000,1666311495213,True,True
39735681,15.00000000,35.00000000,525.00000000,1666311495213,True,True
39735682,15.00000000,1.00000000,15.00000000,1666311495213,True,True
39735683,15.00000000,33.33000000,499.95000000,1666311495213,True,True
39735684,15.00000000,4.36000000,65.40000000,1666311495213,True,True
39735685,15.00000000,42.66000000,639.90000000,1666311495213,True,True
39735686,15.00000000,0.73000000,10.95000000,1666311495213,True,True
39735687,15.00000000,10.00000000,150.00000000,1666311495213,True,True
39735688,15.00000000,1.00000000,15.00000000,1666311495213,True,True
39735689,15.00000000,10.00000000,150.00000000,1666311495213,True,True
39735690,15.00000000,6.77000000,101.55000000,1666311495213,True,True
39735691,15.00000000,142.82000000,2142.30000000,1666311495213,True,True
39735692,15.00000000,137.64000000,2064.60000000,1666311495213,True,True
39735693,15.02000000,1.45000000,21.77900000,1666311495215,False,True
39735694,15.01000000,6.20000000,93.06200000,1666311495223,True,True
39735695,15.00000000,28.73000000,430.95000000,1666311495229,True,True
39735696,15.01000000,0.02000000,0.30020000,1666311495241,False,True
39735697,15.01000000,3.48000000,52.23480000,1666311495269,False,True
39735698,15.00000000,3.63000000,54.45000000,1666311495281,True,True
39735699,15.00000000,43.00000000,645.00000000,1666311495281,True,True
39735700,15.00000000,11.52000000,172.80000000,1666311495281,True,True
39735701,15.00000000,13.20000000,198.00000000,1666311495281,True,True
39735702,15.00000000,5.00000000,75.00000000,1666311495281,True,True
39735703,15.00000000,25.08000000,376.20000000,1666311495281,True,True
39735704,15.00000000,14.78000000,221.70000000,1666311495281,True,True
39735705,15.00000000,93.79000000,1406.85000000,1666311495281,True,True
39735706,15.00000000,11.73000000,175.95000000,1666311495283,True,True
39735707,15.01000000,5.71000000,85.70710000,1666311495306,False,True
39735708,15.00000000,37.27000000,559.05000000,1666311495338,True,True
39735709,15.01000000,16.58000000,248.86580000,1666311495352,False,True
39735710,15.00000000,20.00000000,300.00000000,1666311495391,True,True
39735711,15.00000000,3.02000000,45.30000000,1666311495391,True,True
39735712,15.01000000,32.13000000,482.27130000,1666311495423,False,True
39735713,15.01000000,31.92000000,479.11920000,1666311495510,False,True
39735714,15.00000000,2.98000000,44.70000000,1666311495551,True,True
39735715,15.00000000,8.04000000,120.60000000,1666311495551,True,True
39735716,15.00000000,1.50000000,22.50000000,1666311495578,True,True
39735717,15.00000000,2.57000000,38.55000000,1666311495578,True,True
39735718,15.00000000,1.45000000,21.75000000,1666311495585,True,True
39735719,15.00000000,42.49000000,637.35000000,1666311495585,True,True
39735720,14.99000000,1.94000000,29.08060000,1666311495585,True,True
39735721,14.99000000,1.77000000,26.53230000,1666311495585,True,True
39735722,14.99000000,3.67000000,55.01330000,1666311495585,True,True
39735723,14.99000000,2.91000000,43.62090000,1666311495585,True,True
39735724,14.99000000,3.33000000,49.91670000,1666311495585,True,True
39735725,14.99000000,0.73000000,10.94270000,1666311495585,True,True
39735726,14.99000000,17.79000000,266.67210000,1666311495585,True,True
39735727,14.99000000,2.00000000,29.98000000,1666311495585,True,True
39735728,15.00000000,11.67000000,175.05000000,1666311496247,False,True
39735729,15.00000000,79.30000000,1189.50000000,1666311496247,False,True
39735730,15.00000000,4.70000000,70.50000000,1666311496259,False,True
39735731,15.00000000,12.30000000,184.50000000,1666311496259,False,True
39735732,15.00000000,6.20000000,93.00000000,1666311496259,False,True
39735733,15.00000000,5.83000000,87.45000000,1666311496259,False,True
39735734,15.00000000,13.20000000,198.00000000,1666311496259,False,True
39735735,15.00000000,51.07000000,766.05000000,1666311496259,False,True
39735736,15.00000000,4.75000000,71.25000000,1666311496259,False,True
39735737,14.99000000,14.21000000,213.00790000,1666311496260,True,True
39735738,14.99000000,10.67000000,159.94330000,1666311496260,True,True
39735739,15.00000000,1.77000000,26.55000000,1666311496269,False,True
39735740,15.00000000,10.14000000,152.10000000,1666311497131,False,True
39735741,15.00000000,20.00000000,300.00000000,1666311497131,False,True
39735742,15.00000000,9.86000000,147.90000000,1666311497131,False,True
39735743,15.00000000,12.30000000,184.50000000,1666311497652,False,True
39735744,15.00000000,11.70000000,175.50000000,1666311497652,False,True
39735745,15.00000000,9.97000000,149.55000000,1666311497652,False,True
39735746,15.01000000,1.13000000,16.96130000,1666311499233,False,True
39735747,15.00000000,277.92000000,4168.80000000,1666311500213,True,True
39735748,15.00000000,9.86000000,147.90000000,1666311500213,True,True
39735749,15.00000000,10.14000000,152.10000000,1666311500213,True,True
39735750,15.00000000,45.09000000,676.35000000,1666311500213,True,True
39735751,15.00000000,67.98000000,1019.70000000,1666311500213,True,True
39735752,15.00000000,34.31000000,514.65000000,1666311500213,True,True
39735753,15.00000000,25.52000000,382.80000000,1666311500213,True,True
39735754,15.00000000,1.71000000,25.65000000,1666311501432,True,True
39735755,15.00000000,5.05000000,75.75000000,1666311501600,True,True
39735756,15.00000000,1.33000000,19.95000000,1666311506754,True,True
39735757,15.00000000,1.32000000,19.80000000,1666311506754,True,True
39735758,14.99000000,2.47000000,37.02530000,1666311506758,True,True
39735759,14.99000000,104.25000000,1562.70750000,1666311506758,True,True
39735760,14.99000000,9.86000000,147.80140000,1666311506758,True,True
39735761,14.99000000,76.41000000,1145.38590000,1666311506758,True,True
39735762,14.99000000,84.00000000,1259.16000000,1666311506764,True,True
39735763,14.99000000,5.02000000,75.24980000,1666311506764,True,True
39735764,14.98000000,1.00000000,14.98000000,1666311506766,True,True
39735765,14.98000000,0.69000000,10.33620000,1666311506766,True,True
39735766,14.98000000,1.00000000,14.98000000,1666311506766,True,True
39735767,14.98000000,0.91000000,13.63180000,1666311506766,True,True
39735768,14.98000000,30.00000000,449.40000000,1666311506766,True,True
39735769,14.98000000,0.96000000,14.38080000,1666311506766,True,True
39735770,14.98000000,1.42000000,21.27160000,1666311506766,True,True
39735771,14.98000000,2.66000000,39.84680000,1666311506766,True,True
39735772,14.98000000,8.28000000,124.03440000,1666311506766,True,True
39735773,14.98000000,2.00000000,29.96000000,1666311506766,True,True
39735774,14.98000000,0.73000000,10.93540000,1666311506766,True,True
39735775,14.98000000,71.40000000,1069.57200000,1666311506766,True,True
39735776,14.99000000,1.11000000,16.63890000,1666311506768,True,True
39735777,14.98000000,37.03000000,554.70940000,1666311506768,True,True
39735778,14.98000000,12.62000000,189.04760000,1666311506768,True,True
39735779,14.98000000,2.66000000,39.84680000,1666311506768,True,True
39735780,14.98000000,11.52000000,172.56960000,1666311506768,True,True
39735781,14.98000000,13.20000000,197.73600000,1666311506768,True,True
39735782,14.98000000,7.43000000,111.30140000,1666311506768,True,True
39735783,14.98000000,3.30000000,49.43400000,1666311506768,True,True
39735784,14.98000000,4.17000000,62.46660000,1666311506768,True,True
39735785,14.98000000,16.31000000,244.32380000,1666311506768,True,True
39735786,14.99000000,11.50000000,172.38500000,1666311506769,True,True
39735787,14.97000000,2.03000000,30.38910000,1666311506769,True,True
39735788,14.97000000,1.69000000,25.29930000,1666311506769,True,True
39735789,14.97000000,5.73000000,85.77810000,1666311506769,True,True
39735790,14.97000000,20.00000000,299.40000000,1666311506769,True,True
39735791,14.97000000,0.73000000,10.92810000,1666311506769,True,True
39735792,14.97000000,0.67000000,10.02990000,1666311506769,True,True
39735793,14.97000000,78.70000000,1178.13900000,1666311506769,True,True
39735794,14.97000000,33.28000000,498.20160000,1666311506769,True,True
39735795,14.97000000,44.93000000,672.60210000,1666311506770,True,True
39735796,14.97000000,1.33000000,19.91010000,1666311506770,True,True
39735797,14.97000000,1.00000000,14.97000000,1666311506770,True,True
39735798,14.97000000,24.98000000,373.95060000,1666311506770,True,True
39735799,14.97000000,9.51000000,142.36470000,1666311506770,True,True
39735800,14.97000000,8.20000000,122.75400000,1666311506770,True,True
39735801,14.97000000,31.10000000,465.56700000,1666311506770,True,True
39735802,14.98000000,124.94000000,1871.60120000,1666311506775,True,True
39735803,14.98000000,45.09000000,675.44820000,1666311506778,True,True
39735804,14.98000000,1.79000000,26.81420000,1666311506778,True,True
39735805,14.99000000,4.09000000,61.30910000,1666311506782,False,True
39735806,14.98000000,264.38000000,3960.41240000,1666311506789,True,True
39735807,14.98000000,30.00000000,449.40000000,1666311506796,True,True
39735808,14.97000000,30.88000000,462.27360000,1666311506804,True,True
39735809,14.97000000,9.03000000,135.17910000,1666311506808,True,True
39735810,14.97000000,11.52000000,172.45440000,1666311506828,True,True
39735811,14.97000000,4.05000000,60.62850000,1666311506828,True,True
39735812,14.97000000,12.00000000,179.64000000,1666311506828,True,True
39735813,14.97000000,139.30000000,2085.32100000,1666311506828,True,True
39735814,14.97000000,5.47000000,81.88590000,1666311506828,True,True
39735815,14.97000000,44.00000000,658.68000000,1666311506841,True,True
39735816,14.97000000,89.83000000,1344.75510000,1666311506845,True,True
39735817,14.96000000,63.58000000,951.15680000,1666311506845,True,True
39735818,14.96000000,0.71000000,10.62160000,1666311506845,True,True
39735819,14.96000000,1.67000000,24.98320000,1666311506845,True,True
39735820,14.96000000,0.72000000,10.77120000,1666311506845,True,True
39735821,14.96000000,3.71000000,55.50160000,1666311506845,True,True
39735822,14.96000000,1.01000000,15.10960000,1666311506845,True,True
39735823,14.96000000,30.00000000,448.80000000,1666311506845,True,True
39735824,14.96000000,0.83000000,12.41680000,1666311506845,True,True
39735825,14.96000000,0.67000000,10.02320000,1666311506845,True,True
39735826,14.96000000,0.73000000,10.92080000,1666311506845,True,True
39735827,14.96000000,73.54000000,1100.15840000,1666311506845,True,True
39735828,14.96000000,25.00000000,374.00000000,1666311506848,True,True
39735829,14.98000000,91.10000000,1364.67800000,1666311506850,False,True
39735830,14.97000000,17.63000000,263.92110000,1666311506853,True,True
39735831,14.97000000,4.40000000,65.86800000,1666311506920,False,True
39735832,14.97000000,14.98000000,224.25060000,1666311506920,False,True
39735833,14.97000000,100.24000000,1500.59280000,1666311506920,False,True
39735834,14.97000000,125.90000000,1884.72300000,1666311506920,False,True
39735835,14.97000000,84.00000000,1257.48000000,1666311506920,False,True
39735836,14.97000000,126.77000000,1897.74690000,1666311506920,False,True
39735837,14.97000000,20.00000000,299.40000000,1666311506920,False,True
39735838,14.97000000,7.28000000,108.98160000,1666311506920,False,True
39735839,14.97000000,1.09000000,16.31730000,1666311506920,False,True
39735840,14.97000000,8.81000000,131.88570000,1666311506920,False,True
39735841,14.96000000,128.09000000,1916.22640000,1666311506944,True,True
39735842,14.96000000,12.44000000,186.10240000,1666311506945,True,True
39735843,14.96000000,4.80000000,71.80800000,1666311506945,True,True
39735844,14.95000000,1.35000000,20.18250000,1666311506945,True,True
39735845,14.95000000,11.64000000,174.01800000,1666311506945,True,True
39735846,14.95000000,2.59000000,38.72050000,1666311506945,True,True
39735847,14.95000000,1.32000000,19.73400000,1666311506945,True,True
39735848,14.95000000,1.24000000,18.53800000,1666311506945,True,True
39735849,14.96000000,4.07000000,60.88720000,1666311506955,True,True
39735850,14.96000000,51.38000000,768.64480000,1666311506955,True,True
39735851,14.96000000,39.37000000,588.97520000,1666311506972,True,True
39735852,14.95000000,0.91000000,13.60450000,1666311507286,True,True
39735853,14.95000000,7.00000000,104.65000000,1666311507286,True,True
39735854,14.95000000,0.67000000,10.01650000,1666311507286,True,True
39735855,14.95000000,0.73000000,10.91350000,1666311507286,True,True
39735856,14.95000000,0.67000000,10.01650000,1666311507286,True,True
39735857,14.95000000,22.03000000,329.34850000,1666311507286,True,True
39735858,14.95000000,2.67000000,39.91650000,1666311507286,True,True
39735859,14.95000000,102.00000000,1524.90000000,1666311507286,True,True
39735860,14.95000000,11.33000000,169.38350000,1666311507286,True,True
39735861,14.95000000,47.49000000,709.97550000,1666311507286,True,True
39735862,14.96000000,7.03000000,105.16880000,1666311507288,False,True
39735863,14.96000000,52.04000000,778.51840000,1666311507288,False,True
39735864,14.96000000,76.30000000,1141.44800000,1666311507288,False,True
39735865,14.96000000,26.00000000,388.96000000,1666311507361,False,True
39735866,14.97000000,4.36000000,65.26920000,1666311507507,False,True
39735867,14.97000000,11.22000000,167.96340000,1666311507507,False,True
39735868,14.97000000,4.08000000,61.07760000,1666311507507,False,True
39735869,14.97000000,24.34000000,364.36980000,1666311507507,False,True
39735870,14.96000000,12.40000000,185.50400000,1666311507515,True,True
39735871,14.96000000,4.43000000,66.27280000,1666311507515,True,True
39735872,14.96000000,98.18000000,1468.77280000,1666311507515,True,True
39735873,14.97000000,1.66000000,24.85020000,1666311507518,False,True
39735874,14.97000000,1.11000000,16.61670000,1666311507518,False,True
39735875,14.97000000,1.11000000,16.61670000,1666311507518,False,True
39735876,14.96000000,3.13000000,46.82480000,1666311507814,True,True
39735877,14.96000000,1.72000000,25.73120000,1666311507863,True,True
39735878,14.96000000,8.97000000,134.19120000,1666311508041,True,True
39735879,14.96000000,13.90000000,207.94400000,1666311508071,True,True
39735880,14.96000000,6.53000000,97.68880000,1666311508071,True,True
39735881,14.96000000,8.00000000,119.68000000,1666311508087,True,True
39735882,14.96000000,0.97000000,14.51120000,1666311508151,True,True
39735883,14.96000000,22.87000000,342.13520000,1666311508714,False,True
39735884,14.95000000,7.47000000,111.67650000,1666311508715,True,True
39735885,14.96000000,20.00000000,299.20000000,1666311509279,False,True
39735886,14.96000000,3.30000000,49.36800000,1666311509279,False,True
39735887,14.96000000,100.65000000,1505.72400000,1666311511095,True,True
39735888,14.97000000,11.37000000,170.20890000,1666311512030,False,True
39735889,14.97000000,12.40000000,185.62800000,1666311512030,False,True
39735890,14.97000000,11.70000000,175.14900000,1666311512030,False,True
39735891,14.97000000,6.20000000,92.81400000,1666311512030,False,True
39735892,14.97000000,1.85000000,27.69450000,1666311512030,False,True
39735893,14.96000000,1.32000000,19.74720000,1666311513072,True,True
39735894,14.96000000,11.50000000,172.04000000,1666311515012,True,True
39735895,14.96000000,35.54000000,531.67840000,1666311515012,True,True
39735896,14.96000000,14.38000000,215.12480000,1666311515012,True,True
39735897,14.96000000,119.06000000,1781.13760000,1666311515013,True,True
39735898,14.95000000,29.04000000,434.14800000,1666311515014,True,True
39735899,14.95000000,12.40000000,185.38000000,1666311515014,True,True
39735900,14.95000000,125.90000000,1882.20500000,1666311515014,True,True
39735901,14.95000000,39.54000000,591.12300000,1666311515014,True,True
39735902,14.95000000,27.16000000,406.04200000,1666311515017,True,True
39735903,14.95000000,13.20000000,197.34000000,1666311515017,True,True
39735904,14.95000000,10.94000000,163.55300000,1666311515017,True,True
39735905,14.95000000,4.34000000,64.88300000,1666311515017,True,True
39735906,14.95000000,19.36000000,289.43200000,1666311515017,True,True
39735907,14.95000000,32.74000000,489.46300000,1666311515020,True,True
39735908,14.95000000,1.11000000,16.59450000,1666311515022,True,True
39735909,14.95000000,1.11000000,16.59450000,1666311515022,True,True
39735910,14.94000000,0.46000000,6.87240000,1666311515022,True,True
39735911,14.94000000,29.54000000,441.32760000,1666311515033,True,True
39735912,14.94000000,9.84000000,147.00960000,1666311515033,True,True
39735913,14.94000000,1.41000000,21.06540000,1666311515033,True,True
39735914,14.94000000,38.42000000,573.99480000,1666311515033,True,True
39735915,14.94000000,3.52000000,52.58880000,1666311515033,True,True
39735916,14.94000000,2.24000000,33.46560000,1666311515033,True,True
39735917,14.94000000,0.73000000,10.90620000,1666311515033,True,True
39735918,14.94000000,11.52000000,172.10880000,1666311515033,True,True
39735919,14.94000000,13.20000000,197.20800000,1666311515033,True,True
39735920,14.94000000,4.17000000,62.29980000,1666311515033,True,True
39735921,14.94000000,3.30000000,49.30200000,1666311515033,True,True
39735922,14.94000000,28.08000000,419.51520000,1666311515033,True,True
39735923,14.94000000,10.79000000,161.20260000,1666311515033,True,True
39735924,14.93000000,0.69000000,10.30170000,1666311515033,True,True
39735925,14.93000000,1.34000000,20.00620000,1666311515033,True,True
39735926,14.93000000,1.86000000,27.76980000,1666311515033,True,True
39735927,14.93000000,1.79000000,26.72470000,1666311515033,True,True
39735928,14.93000000,0.76000000,11.34680000,1666311515033,True,True
39735929,14.93000000,0.67000000,10.00310000,1666311515033,True,True
39735930,14.93000000,1.48000000,22.09640000,1666311515033,True,True
39735931,14.93000000,0.73000000,10.89890000,1666311515033,True,True
39735932,14.93000000,1.29000000,19.25970000,1666311515033,True,True
39735933,14.93000000,170.00000000,2538.10000000,1666311515033,True,True
39735934,14.93000000,101.79000000,1519.72470000,1666311515033,True,True
39735935,14.93000000,5.46000000,81.51780000,1666311515033,True,True
39735936,14.93000000,20.74000000,309.64820000,1666311515033,True,True
39735937,14.93000000,11.40000000,170.20200000,1666311515033,True,True
39735938,14.93000000,6.00000000,89.58000000,1666311515033,True,True
39735939,14.93000000,16.31000000,243.50830000,1666311515033,True,True
39735940,14.93000000,4.11000000,61.36230000,1666311515033,True,True
39735941,14.93000000,1.72000000,25.67960000,1666311515033,True,True
39735942,14.92000000,1.94000000,28.94480000,1666311515033,True,True
39735943,14.92000000,0.71000000,10.59320000,1666311515033,True,True
39735944,14.92000000,1.41000000,21.03720000,1666311515033,True,True
39735945,14.92000000,30.00000000,447.60000000,1666311515033,True,True
39735946,14.92000000,2.57000000,38.34440000,1666311515033,True,True
39735947,14.92000000,63.09000000,941.30280000,1666311515033,True,True
39735948,14.94000000,10.64000000,158.96160000,1666311515035,True,True
39735949,14.94000000,65.18000000,973.78920000,1666311515036,True,True
39735950,14.94000000,8.18000000,122.20920000,1666311515045,True,True
39735951,14.93000000,84.00000000,1254.12000000,1666311515061,True,True
39735952,14.92000000,39.83000000,594.26360000,1666311515061,True,True
39735953,14.92000000,30.00000000,447.60000000,1666311515061,True,True
39735954,14.92000000,0.73000000,10.89160000,1666311515061,True,True
39735955,14.92000000,94.16000000,1404.86720000,1666311515061,True,True
39735956,14.92000000,9.83000000,146.66360000,1666311515061,True,True
39735957,14.94000000,81.19000000,1212.97860000,1666311515073,False,True
39735958,14.94000000,11.85000000,177.03900000,1666311515081,False,True
39735959,14.93000000,34.91000000,521.20630000,1666311515085,True,True
39735960,14.93000000,4.09000000,61.06370000,1666311515160,True,True
39735961,14.93000000,20.00000000,298.60000000,1666311515249,False,True
39735962,14.93000000,8.69000000,129.74170000,1666311515295,True,True
39735963,14.93000000,39.91000000,595.85630000,1666311515335,True,True
39735964,14.92000000,10.65000000,158.89800000,1666311516093,True,True
39735965,14.92000000,14.42000000,215.14640000,1666311516093,True,True
39735966,14.92000000,18.47000000,275.57240000,1666311517089,True,True
39735967,14.92000000,4.43000000,66.09560000,1666311517089,True,True
39735968,14.92000000,13.20000000,196.94400000,1666311517089,True,True
39735969,14.92000000,4.77000000,71.16840000,1666311517089,True,True
39735970,14.92000000,10.70000000,159.64400000,1666311517116,True,True
39735971,14.92000000,6.98000000,104.14160000,1666311517202,False,True
39735972,14.92000000,10.70000000,159.64400000,1666311517202,False,True
39735973,14.92000000,0.99000000,14.77080000,1666311517612,False,True
39735974,14.91000000,1.40000000,20.87400000,1666311517644,True,True
39735975,14.91000000,1.51000000,22.51410000,1666311517644,True,True
39735976,14.91000000,1.00000000,14.91000000,1666311517644,True,True
39735977,14.91000000,2.04000000,30.41640000,1666311517644,True,True
39735978,14.91000000,0.73000000,10.88430000,1666311517644,True,True
39735979,14.91000000,12.00000000,178.92000000,1666311517644,True,True
39735980,14.91000000,3.30000000,49.20300000,1666311517908,True,True
39735981,14.91000000,7.75000000,115.55250000,1666311518124,True,True
39735982,14.91000000,59.76000000,891.02160000,1666311518124,True,True
39735983,14.92000000,4.17000000,62.21640000,1666311518335,False,True
39735984,14.92000000,12.30000000,183.51600000,1666311519005,False,True
39735985,14.92000000,12.40000000,185.00800000,1666311519005,False,True
39735986,14.92000000,10.64000000,158.74880000,1666311519005,False,True
39735987,14.92000000,9.36000000,139.65120000,1666311519016,False,True
39735988,14.92000000,34.64000000,516.82880000,1666311519016,False,True
39735989,14.92000000,29.68000000,442.82560000,1666311519020,False,True
39735990,14.92000000,4.79000000,71.46680000,1666311519020,False,True
39735991,14.92000000,3.45000000,51.47400000,1666311519067,False,True
39735992,14.92000000,4.06000000,60.57520000,1666311519098,False,True
39735993,14.92000000,13.20000000,196.94400000,1666311519098,False,True
39735994,14.93000000,11.52000000,171.99360000,1666311519655,False,True
39735995,14.93000000,6.20000000,92.56600000,1666311519655,False,True
39735996,14.93000000,11.70000000,174.68100000,1666311519655,False,True
39735997,14.93000000,12.30000000,183.63900000,1666311519655,False,True
39735998,14.93000000,12.40000000,185.13200000,1666311519655,False,True
39735999,14.94000000,4.34000000,64.83960000,1666311519655,False,True
39736000,14.94000000,12.44000000,185.85360000,1666311519655,False,True
39736001,14.94000000,19.38000000,289.53720000,1666311519655,False,True
39736002,14.94000000,0.87000000,12.99780000,1666311519655,False,True
39736003,14.94000000,97.93000000,1463.07420000,1666311519656,False,True
39736004,14.94000000,19.11000000,285.50340000,1666311519656,False,True
39736005,14.94000000,92.06000000,1375.37640000,1666311519656,False,True
39736006,14.94000000,4.42000000,66.03480000,1666311519656,False,True
39736007,14.94000000,11.52000000,172.10880000,1666311519656,False,True
39736008,14.94000000,17.52000000,261.74880000,1666311519656,False,True
39736009,14.94000000,1.98000000,29.58120000,1666311519657,False,True
39736010,14.94000000,32.00000000,478.08000000,1666311519657,False,True
39736011,14.94000000,52.10000000,778.37400000,1666311519657,False,True
39736012,14.94000000,11.40000000,170.31600000,1666311519657,False,True
39736013,14.94000000,9.74000000,145.51560000,1666311519657,False,True
39736014,14.94000000,9.87000000,147.45780000,1666311519657,False,True
39736015,14.93000000,10.70000000,159.75100000,1666311520426,True,True
39736016,14.93000000,25.38000000,378.92340000,1666311520426,True,True
39736017,14.93000000,11.59000000,173.03870000,1666311520637,True,True
39736018,14.93000000,26.81000000,400.27330000,1666311520637,True,True
39736019,14.93000000,25.48000000,380.41640000,1666311520637,True,True
39736020,14.93000000,2.05000000,30.60650000,1666311520637,True,True
39736021,14.93000000,24.76000000,369.66680000,1666311520792,True,True
39736022,14.93000000,11.90000000,177.66700000,1666311520792,True,True
39736023,14.93000000,26.81000000,400.27330000,1666311520792,True,True
39736024,14.93000000,21.99000000,328.31070000,1666311520792,True,True
39736025,14.93000000,4.82000000,71.96260000,1666311522240,True,True
39736026,14.93000000,11.74000000,175.27820000,1666311522240,True,True
39736027,14.93000000,3.48000000,51.95640000,1666311522240,True,True
39736028,14.93000000,2.33000000,34.78690000,1666311522743,True,True
39736029,14.94000000,6.68000000,99.79920000,1666311522932,False,True
39736030,14.93000000,24.47000000,365.33710000,1666311522979,True,True
39736031,14.93000000,10.87000000,162.28910000,1666311522979,True,True
39736032,14.93000000,0.71000000,10.60030000,1666311523022,True,True
39736033,14.93000000,10.14000000,151.39020000,1666311523903,False,True
39736034,14.93000000,20.00000000,298.60000000,1666311523903,False,True
39736035,14.93000000,0.38000000,5.67340000,1666311523903,False,True
39736036,14.92000000,9.64000000,143.82880000,1666311525233,True,True
39736037,14.93000000,0.75000000,11.19750000,1666311525330,False,True
39736038,14.92000000,12.47000000,186.05240000,1666311526247,True,True
39736039,14.92000000,3.48000000,51.92160000,1666311526247,True,True
39736040,14.92000000,10.85000000,161.88200000,1666311526247,True,True
39736041,14.92000000,6.72000000,100.26240000,1666311526247,True,True
39736042,14.91000000,8.26000000,123.15660000,1666311527262,True,True
39736043,14.91000000,3.67000000,54.71970000,1666311527262,True,True
39736044,14.91000000,2.33000000,34.74030000,1666311527421,True,True
39736045,14.91000000,1.28000000,19.08480000,1666311527421,True,True
39736046,14.91000000,2.89000000,43.08990000,1666311527424,True,True
39736047,14.91000000,0.72000000,10.73520000,1666311527424,True,True
39736048,14.91000000,2.58000000,38.46780000,1666311527424,True,True
39736049,14.91000000,1.03000000,15.35730000,1666311527424,True,True
39736050,14.91000000,0.70000000,10.43700000,1666311527424,True,True
39736051,14.91000000,2.83000000,42.19530000,1666311527518,True,True
39736052,14.91000000,10.70000000,159.53700000,1666311527661,False,True
39736053,14.91000000,10.70000000,159.53700000,1666311527661,False,True
39736054,14.91000000,0.87000000,12.97170000,1666311527661,False,True
39736055,14.91000000,20.00000000,298.20000000,1666311527677,False,True
39736056,14.92000000,11.70000000,174.56400000,1666311527991,False,True
39736057,14.92000000,7.04000000,105.03680000,1666311527991,False,True
39736058,14.92000000,5.26000000,78.47920000,1666311528003,False,True
39736059,14.92000000,0.53000000,7.90760000,1666311528003,False,True
39736060,14.92000000,11.77000000,175.60840000,1666311528009,False,True
39736061,14.92000000,12.40000000,185.00800000,1666311528009,False,True
39736062,14.92000000,6.20000000,92.50400000,1666311528009,False,True
39736063,14.92000000,12.90000000,192.46800000,1666311528009,False,True
39736064,14.92000000,10.14000000,151.28880000,1666311528838,True,True
39736065,14.92000000,12.36000000,184.41120000,1666311528838,True,True
39736066,14.92000000,7.03000000,104.88760000,1666311532474,False,True
39736067,14.92000000,27.90000000,416.26800000,1666311532474,False,True
39736068,14.92000000,22.64000000,337.78880000,1666311532476,False,True
39736069,14.92000000,7.86000000,117.27120000,1666311532505,False,True
39736070,14.92000000,12.14000000,181.12880000,1666311532509,False,True
39736071,14.92000000,3.30000000,49.23600000,1666311532509,False,True
39736072,14.92000000,4.17000000,62.21640000,1666311532509,False,True
39736073,14.93000000,11.52000000,171.99360000,1666311532764,False,True
39736074,14.93000000,13.20000000,197.07600000,1666311532764,False,True
39736075,14.93000000,3.35000000,50.01550000,1666311532764,False,True
39736076,14.93000000,26.00000000,388.18000000,1666311532764,False,True
39736077,14.93000000,12.30000000,183.63900000,1666311532764,False,True
39736078,14.93000000,74.57000000,1113.33010000,1666311532812,True,True
39736079,14.94000000,7.11000000,106.22340000,1666311533572,False,True
39736080,14.94000000,6.09000000,90.98460000,1666311533584,False,True
39736081,14.94000000,0.36000000,5.37840000,1666311533584,False,True
39736082,14.94000000,6.64000000,99.20160000,1666311533591,False,True
39736083,14.94000000,4.52000000,67.52880000,1666311533598,False,True
39736084,14.94000000,1.72000000,25.69680000,1666311533641,True,True
39736085,14.94000000,21.28000000,317.92320000,1666311535087,True,True
39736086,14.94000000,3.54000000,52.88760000,1666311535087,True,True
39736087,14.95000000,1.13000000,16.89350000,1666311535092,False,True
39736088,14.94000000,10.14000000,151.49160000,1666311535181,False,True
39736089,14.94000000,10.70000000,159.85800000,1666311535300,True,True
39736090,14.94000000,10.70000000,159.85800000,1666311535300,True,True
39736091,14.94000000,21.39000000,319.56660000,1666311535300,True,True
39736092,14.94000000,16.82000000,251.29080000,1666311535310,True,True
39736093,14.94000000,29.80000000,445.21200000,1666311535609,True,True
39736094,14.94000000,3.20000000,47.80800000,1666311535619,True,True
39736095,14.93000000,13.45000000,200.80850000,1666311536457,True,True
39736096,14.93000000,31.37000000,468.35410000,1666311536457,True,True
39736097,14.94000000,12.30000000,183.76200000,1666311536646,False,True
39736098,14.94000000,12.40000000,185.25600000,1666311536646,False,True
39736099,14.94000000,20.00000000,298.80000000,1666311536646,False,True
39736100,14.94000000,3.56000000,53.18640000,1666311536646,False,True
39736101,14.94000000,12.30000000,183.76200000,1666311536646,False,True
39736102,14.94000000,6.20000000,92.62800000,1666311536646,False,True
39736103,14.94000000,11.70000000,174.79800000,1666311536646,False,True
39736104,14.94000000,12.40000000,185.25600000,1666311536646,False,True
39736105,14.94000000,88.59000000,1323.53460000,1666311536693,True,True
39736106,14.94000000,2.88000000,43.02720000,1666311536856,True,True
39736107,14.94000000,33.54000000,501.08760000,1666311536966,True,True
39736108,14.94000000,3.47000000,51.84180000,1666311537486,False,True
39736109,14.95000000,13.20000000,197.34000000,1666311537498,False,True
39736110,14.95000000,11.52000000,172.22400000,1666311537498,False,True
39736111,14.95000000,4.12000000,61.59400000,1666311537498,False,True
39736112,14.95000000,94.16000000,1407.69200000,1666311537498,False,True
39736113,14.95000000,8.65000000,129.31750000,1666311537498,False,True
39736114,14.95000000,1.11000000,16.59450000,1666311537498,False,True
39736115,14.95000000,3.30000000,49.33500000,1666311537498,False,True
39736116,14.95000000,9.07000000,135.59650000,1666311537498,False,True
39736117,14.95000000,4.17000000,62.34150000,1666311537498,False,True
39736118,14.95000000,20.30000000,303.48500000,1666311537498,False,True
39736119,14.95000000,26.00000000,388.70000000,1666311537498,False,True
39736120,14.95000000,14.70000000,219.76500000,1666311537498,False,True
39736121,14.95000000,11.70000000,174.91500000,1666311537498,False,True
39736122,14.95000000,84.00000000,1255.80000000,1666311537498,False,True
39736123,14.96000000,11.40000000,170.54400000,1666311537518,False,True
39736124,14.96000000,9.83000000,147.05680000,1666311537518,False,True
39736125,14.96000000,13.20000000,197.47200000,1666311537518,False,True
39736126,14.96000000,5.43000000,81.23280000,1666311537518,False,True
39736127,14.96000000,6.09000000,91.10640000,1666311537518,False,True
39736128,14.96000000,2.69000000,40.24240000,1666311537518,False,True
39736129,14.95000000,5.93000000,88.65350000,1666311537519,True,True
39736130,14.95000000,22.27000000,332.93650000,1666311537520,True,True
39736131,14.95000000,5.93000000,88.65350000,1666311537523,True,True
39736132,14.95000000,33.86000000,506.20700000,1666311537524,True,True
39736133,14.95000000,7.73000000,115.56350000,1666311537524,True,True
39736134,14.95000000,14.63000000,218.71850000,1666311537544,True,True
39736135,14.96000000,13.77000000,205.99920000,1666311537553,False,True
39736136,14.96000000,3.34000000,49.96640000,1666311537553,False,True
39736137,14.96000000,5.53000000,82.72880000,1666311537553,False,True
39736138,14.96000000,78.47000000,1173.91120000,1666311537558,False,True
39736139,14.96000000,8.08000000,120.87680000,1666311537558,False,True
39736140,14.96000000,26.00000000,388.96000000,1666311537558,False,True
39736141,14.95000000,24.90000000,372.25500000,1666311537560,True,True
39736142,14.95000000,12.11000000,181.04450000,1666311537560,True,True
39736143,14.95000000,15.69000000,234.56550000,1666311537673,True,True
39736144,14.95000000,11.77000000,175.96150000,1666311537673,True,True
39736145,14.96000000,8.51000000,127.30960000,1666311537974,True,True
39736146,14.96000000,8.51000000,127.30960000,1666311537976,True,True
39736147,14.96000000,1.35000000,20.19600000,1666311537985,True,True
39736148,14.96000000,13.11000000,196.12560000,1666311538014,True,True
39736149,14.96000000,8.08000000,120.87680000,1666311538047,True,True
39736150,14.97000000,13.20000000,197.60400000,1666311538972,False,True
39736151,14.97000000,20.00000000,299.40000000,1666311538972,False,True
39736152,14.97000000,10.08000000,150.89760000,1666311538997,True,True
39736153,14.98000000,0.67000000,10.03660000,1666311540421,False,True
39736154,14.98000000,0.02000000,0.29960000,1666311540432,False,True
39736155,14.98000000,1.72000000,25.76560000,1666311540432,False,True
39736156,14.98000000,3.30000000,49.43400000,1666311540432,False,True
39736157,14.98000000,4.17000000,62.46660000,1666311540432,False,True
39736158,14.98000000,9.39000000,140.66220000,1666311540448,True,True
39736159,14.98000000,8.80000000,131.82400000,1666311540679,True,True
39736160,14.98000000,26.48000000,396.67040000,1666311541044,True,True
39736161,14.98000000,10.14000000,151.89720000,1666311541044,True,True
39736162,14.98000000,10.70000000,160.28600000,1666311541044,True,True
39736163,14.98000000,10.70000000,160.28600000,1666311541044,True,True
39736164,14.97000000,9.09000000,136.07730000,1666311541390,True,True
39736165,14.97000000,19.71000000,295.05870000,1666311541390,True,True
39736166,14.97000000,13.65000000,204.34050000,1666311541930,True,True
39736167,14.97000000,2.50000000,37.42500000,1666311541930,True,True
39736168,14.97000000,4.17000000,62.42490000,1666311545543,True,True
39736169,14.97000000,2.47000000,36.97590000,1666311545969,False,True
39736170,14.97000000,7.67000000,114.81990000,1666311548747,False,True
39736171,14.97000000,9.11000000,136.37670000,1666311548747,False,True
39736172,14.97000000,12.40000000,185.62800000,1666311548747,False,True
39736173,14.97000000,12.30000000,184.13100000,1666311548747,False,True
39736174,14.97000000,6.20000000,92.81400000,1666311548747,False,True
39736175,14.97000000,12.30000000,184.13100000,1666311548747,False,True
39736176,14.97000000,20.00000000,299.40000000,1666311548747,False,True
39736177,14.98000000,7.97000000,119.39060000,1666311549233,False,True
39736178,14.98000000,5.23000000,78.34540000,1666311549238,False,True
39736179,14.98000000,11.52000000,172.56960000,1666311549238,False,True
39736180,14.98000000,9.11000000,136.46780000,1666311549238,False,True
39736181,14.98000000,14.24000000,213.31520000,1666311552164,True,True
39736182,14.98000000,1.57000000,23.51860000,1666311552164,True,True
39736183,14.97000000,12.40000000,185.62800000,1666311554448,True,True
39736184,14.97000000,3.49000000,52.24530000,1666311554448,True,True
39736185,14.97000000,17.31000000,259.13070000,1666311554448,True,True
39736186,14.97000000,25.86000000,387.12420000,1666311554451,True,True
39736187,14.97000000,24.04000000,359.87880000,1666311554460,True,True
39736188,14.97000000,1.14000000,17.06580000,1666311554481,True,True
39736189,14.97000000,4.68000000,70.05960000,1666311554481,True,True
39736190,14.97000000,1.58000000,23.65260000,1666311554515,True,True
39736191,14.97000000,3.49000000,52.24530000,1666311555457,False,True
39736192,14.97000000,12.40000000,185.62800000,1666311555457,False,True
39736193,14.97000000,19.69000000,294.75930000,1666311555457,False,True
39736194,14.97000000,9.25000000,138.47250000,1666311555458,False,True
39736195,14.97000000,8.56000000,128.14320000,1666311555507,False,True
39736196,14.97000000,12.30000000,184.13100000,1666311555507,False,True
39736197,14.97000000,12.30000000,184.13100000,1666311555507,False,True
39736198,14.97000000,20.00000000,299.40000000,1666311555507,False,True
39736199,14.97000000,3.62000000,54.19140000,1666311555507,False,True
39736200,14.97000000,2.58000000,38.62260000,1666311555512,False,True
39736201,14.97000000,12.40000000,185.62800000,1666311555512,False,True
39736202,14.97000000,1.78000000,26.64660000,1666311563118,True,True
39736203,14.97000000,24.16000000,361.67520000,1666311564004,True,True
39736204,14.98000000,15.50000000,232.19000000,1666311564769,False,True
39736205,14.98000000,20.00000000,299.60000000,1666311564769,False,True
39736206,14.98000000,1.52000000,22.76960000,1666311564769,False,True
39736207,14.98000000,10.14000000,151.89720000,1666311564783,False,True
39736208,14.98000000,0.64000000,9.58720000,1666311564793,False,True
39736209,14.98000000,10.70000000,160.28600000,1666311566054,True,True
39736210,14.97000000,29.92000000,447.90240000,1666311574798,True,True
39736211,14.97000000,7.10000000,106.28700000,1666311574798,True,True
39736212,14.96000000,12.40000000,185.50400000,1666311580358,True,True
39736213,14.96000000,3.30000000,49.36800000,1666311580358,True,True
39736214,14.96000000,4.17000000,62.38320000,1666311580358,True,True
39736215,14.96000000,15.66000000,234.27360000,1666311580358,True,True
39736216,14.96000000,0.05000000,0.74800000,1666311580358,True,True
39736217,14.96000000,10.14000000,151.69440000,1666311580374,True,True
39736218,14.96000000,18.75000000,280.50000000,1666311580381,True,True
39736219,14.95000000,12.83000000,191.80850000,1666311583401,True,True
39736220,14.96000000,20.00000000,299.20000000,1666311584028,False,True
39736221,14.96000000,7.03000000,105.16880000,1666311586405,True,True
39736222,14.96000000,2.59000000,38.74640000,1666311586405,True,True
39736223,14.96000000,7.21000000,107.86160000,1666311589403,True,True
39736224,14.96000000,2.33000000,34.85680000,1666311595406,True,True
39736225,14.96000000,20.00000000,299.20000000,1666311622480,False,True
39736226,14.96000000,12.30000000,184.00800000,1666311622480,False,True
39736227,14.96000000,4.22000000,63.13120000,1666311622480,False,True
39736228,14.96000000,8.18000000,122.37280000,1666311622490,False,True
39736229,14.96000000,12.30000000,184.00800000,1666311622490,False,True
39736230,14.96000000,14.90000000,222.90400000,1666311622490,False,True
39736231,14.96000000,0.60000000,8.97600000,1666311622557,False,True
39736232,14.96000000,5.65000000,84.52400000,1666311622557,False,True
39736233,14.96000000,5.30000000,79.28800000,1666311622568,False,True
39736234,14.96000000,7.65000000,114.44400000,1666311622570,False,True
39736235,14.96000000,2.49000000,37.25040000,1666311622570,False,True
39736236,14.96000000,3.71000000,55.50160000,1666311622571,False,True
39736237,14.96000000,8.85000000,132.39600000,1666311626723,True,True
39736238,14.95000000,1.29000000,19.28550000,1666311626792,True,True
39736239,14.96000000,0.78000000,11.66880000,1666311631594,False,True
39736240,14.95000000,20.00000000,299.00000000,1666311638245,True,True
39736241,14.95000000,25.66000000,383.61700000,1666311638274,True,True
39736242,14.95000000,4.00000000,59.80000000,1666311638621,True,True
39736243,14.96000000,3.35000000,50.11600000,1666311639407,False,True
39736244,14.95000000,2.68000000,40.06600000,1666311639996,True,True
39736245,14.95000000,3.30000000,49.33500000,1666311639996,True,True
39736246,14.95000000,4.17000000,62.34150000,1666311639996,True,True
39736247,14.94000000,17.64000000,263.54160000,1666311642507,True,True
39736248,14.94000000,70.29000000,1050.13260000,1666311642509,True,True
39736249,14.94000000,39.98000000,597.30120000,1666311642815,True,True
39736250,14.94000000,3.30000000,49.30200000,1666311643484,True,True
39736251,14.94000000,4.17000000,62.29980000,1666311643484,True,True
39736252,14.94000000,12.30000000,183.76200000,1666311646937,False,True
39736253,14.94000000,12.30000000,183.76200000,1666311646937,False,True
39736254,14.94000000,1.25000000,18.67500000,1666311646937,False,True
39736255,14.94000000,11.15000000,166.58100000,1666311646944,False,True
39736256,14.94000000,9.54000000,142.52760000,1666311646944,False,True
39736257,14.94000000,6.33000000,94.57020000,1666311646948,False,True
39736258,14.94000000,6.20000000,92.62800000,1666311646948,False,True
39736259,14.93000000,19.16000000,286.05880000,1666311656245,True,True
39736260,14.93000000,0.69000000,10.30170000,1666311656245,True,True
39736261,14.93000000,3.30000000,49.26900000,1666311656245,True,True
39736262,14.93000000,4.17000000,62.25810000,1666311656245,True,True
39736263,14.93000000,5.30000000,79.12900000,1666311656245,True,True
39736264,14.93000000,2.49000000,37.17570000,1666311656310,False,True
39736265,14.93000000,17.84000000,266.35120000,1666311656359,False,True
39736266,14.93000000,10.26000000,153.18180000,1666311656359,False,True
39736267,14.93000000,0.67000000,10.00310000,1666311662645,False,True
39736268,14.92000000,3.30000000,49.23600000,1666311665189,True,True
39736269,14.92000000,4.17000000,62.21640000,1666311665189,True,True
39736270,14.91000000,35.38000000,527.51580000,1666311666105,True,True
39736271,14.91000000,10.17000000,151.63470000,1666311667107,True,True
39736272,14.90000000,55.18000000,822.18200000,1666311676619,True,True
39736273,14.90000000,6.18000000,92.08200000,1666311676619,True,True
39736274,14.90000000,2.22000000,33.07800000,1666311676629,True,True
39736275,14.90000000,0.90000000,13.41000000,1666311676629,True,True
39736276,14.90000000,2.04000000,30.39600000,1666311676629,True,True
39736277,14.90000000,1.63000000,24.28700000,1666311676629,True,True
39736278,14.90000000,0.68000000,10.13200000,1666311676629,True,True
39736279,14.90000000,0.84000000,12.51600000,1666311676629,True,True
39736280,14.90000000,1.83000000,27.26700000,1666311676629,True,True
39736281,14.90000000,18.89000000,281.46100000,1666311676629,True,True
39736282,14.90000000,12.53000000,186.69700000,1666311676630,True,True
39736283,14.90000000,5.87000000,87.46300000,1666311676643,True,True
39736284,14.90000000,12.16000000,181.18400000,1666311676699,True,True
39736285,14.90000000,1.00000000,14.90000000,1666311676699,True,True
39736286,14.90000000,0.70000000,10.43000000,1666311676699,True,True
39736287,14.90000000,1.89000000,28.16100000,1666311676699,True,True
39736288,14.90000000,1.00000000,14.90000000,1666311676699,True,True
39736289,14.90000000,6.71000000,99.97900000,1666311676699,True,True
39736290,14.90000000,1.10000000,16.39000000,1666311676699,True,True
39736291,14.90000000,2.14000000,31.88600000,1666311676699,True,True
39736292,14.90000000,17.31000000,257.91900000,1666311676699,True,True
39736293,14.90000000,1.87000000,27.86300000,1666311676699,True,True
39736294,14.90000000,1.02000000,15.19800000,1666311676699,True,True
39736295,14.90000000,15.00000000,223.50000000,1666311676699,True,True
39736296,14.90000000,1.36000000,20.26400000,1666311676699,True,True
39736297,14.90000000,7.22000000,107.57800000,1666311676702,True,True
39736298,14.90000000,0.37000000,5.51300000,1666311676702,True,True
39736299,14.90000000,0.97000000,14.45300000,1666311676734,True,True
39736300,14.90000000,3.50000000,52.15000000,1666311676734,True,True
39736301,14.90000000,0.73000000,10.87700000,1666311676734,True,True
39736302,14.90000000,1.50000000,22.35000000,1666311676734,True,True
39736303,14.90000000,30.00000000,447.00000000,1666311676734,True,True
39736304,14.90000000,1.73000000,25.77700000,1666311676734,True,True
39736305,14.90000000,3.30000000,49.17000000,1666311676734,True,True
39736306,14.90000000,4.17000000,62.13300000,1666311676734,True,True
39736307,14.90000000,2.89000000,43.06100000,1666311676734,True,True
39736308,14.90000000,3.11000000,46.33900000,1666311676781,True,True
39736309,14.89000000,1.36000000,20.25040000,1666311677676,True,True
39736310,14.89000000,2.91000000,43.32990000,1666311677676,True,True
39736311,14.89000000,2.45000000,36.48050000,1666311677676,True,True
39736312,14.90000000,6.19000000,92.23100000,1666311678383,False,True
39736313,14.90000000,30.42000000,453.25800000,1666311678383,False,True
39736314,14.90000000,89.45000000,1332.80500000,1666311678394,False,True
39736315,14.90000000,20.33000000,302.91700000,1666311678394,False,True
39736316,14.90000000,10.70000000,159.43000000,1666311678394,False,True
39736317,14.90000000,12.30000000,183.27000000,1666311678394,False,True
39736318,14.90000000,11.50000000,171.35000000,1666311678394,False,True
39736319,14.90000000,18.60000000,277.14000000,1666311678394,False,True
39736320,14.90000000,6.20000000,92.38000000,1666311678394,False,True
39736321,14.90000000,3.74000000,55.72600000,1666311678394,False,True
39736322,14.90000000,5.84000000,87.01600000,1666311678396,False,True
39736323,14.90000000,2.72000000,40.52800000,1666311678427,False,True
39736324,14.90000000,12.40000000,184.76000000,1666311678427,False,True
39736325,14.90000000,20.00000000,298.00000000,1666311678427,False,True
39736326,14.90000000,100.70000000,1500.43000000,1666311678449,True,True
39736327,14.91000000,11.52000000,171.76320000,1666311681299,False,True
39736328,14.91000000,12.40000000,184.88400000,1666311681299,False,True
39736329,14.91000000,10.42000000,155.36220000,1666311681299,False,True
39736330,14.91000000,6.49000000,96.76590000,1666311681306,False,True
39736331,14.91000000,8.48000000,126.43680000,1666311681306,False,True
39736332,14.91000000,11.52000000,171.76320000,1666311681312,False,True
39736333,14.91000000,11.52000000,171.76320000,1666311684795,True,True
39736334,14.91000000,12.84000000,191.44440000,1666311685086,True,True
39736335,14.91000000,2.56000000,38.16960000,1666311685099,True,True
39736336,14.90000000,3.24000000,48.27600000,1666311688898,True,True
39736337,14.91000000,1.13000000,16.84830000,1666311689123,False,True
39736338,14.90000000,21.50000000,320.35000000,1666311690118,True,True
39736339,14.90000000,6.71000000,99.97900000,1666311694820,True,True
39736340,14.90000000,12.36000000,184.16400000,1666311697834,True,True
39736341,14.90000000,14.49000000,215.90100000,1666311698185,True,True
39736342,14.90000000,12.40000000,184.76000000,1666311698185,True,True
39736343,14.90000000,3.54000000,52.74600000,1666311698450,True,True
39736344,14.90000000,23.31000000,347.31900000,1666311698458,True,True
39736345,14.90000000,15.56000000,231.84400000,1666311698481,True,True
39736346,14.90000000,11.29000000,168.22100000,1666311699297,True,True
39736347,14.90000000,23.83000000,355.06700000,1666311699309,True,True
39736348,14.90000000,3.02000000,44.99800000,1666311699316,True,True
39736349,14.90000000,6.95000000,103.55500000,1666311699316,True,True
39736350,14.90000000,19.87000000,296.06300000,1666311702125,True,True
39736351,14.90000000,7.64000000,113.83600000,1666311704641,False,True
39736352,14.90000000,12.30000000,183.27000000,1666311704641,False,True
39736353,14.90000000,12.40000000,184.76000000,1666311704641,False,True
39736354,14.90000000,11.66000000,173.73400000,1666311704641,False,True
39736355,14.90000000,0.64000000,9.53600000,1666311704642,False,True
39736356,14.90000000,6.20000000,92.38000000,1666311704642,False,True
39736357,14.90000000,3.30000000,49.17000000,1666311704642,False,True
39736358,14.90000000,5.74000000,85.52600000,1666311704645,False,True
39736359,14.90000000,9.56000000,142.44400000,1666311704647,False,True
39736360,14.90000000,18.87000000,281.16300000,1666311704647,False,True
39736361,14.90000000,3.33000000,49.61700000,1666311704647,False,True
39736362,14.90000000,8.17000000,121.73300000,1666311704647,False,True
39736363,14.90000000,14.70000000,219.03000000,1666311704647,False,True
39736364,14.90000000,15.50000000,230.95000000,1666311704647,False,True
39736365,14.90000000,133.11000000,1983.33900000,1666311704647,False,True
39736366,14.91000000,3.30000000,49.20300000,1666311708319,False,True
39736367,14.91000000,11.52000000,171.76320000,1666311708319,False,True
39736368,14.91000000,6.18000000,92.14380000,1666311708319,False,True
39736369,14.91000000,13.18000000,196.51380000,1666311708319,False,True
39736370,14.91000000,0.26000000,3.87660000,1666311708332,False,True
39736371,14.91000000,7.49000000,111.67590000,1666311708332,False,True
39736372,14.91000000,14.80000000,220.66800000,1666311708332,False,True
39736373,14.91000000,6.22000000,92.74020000,1666311708332,False,True
39736374,14.91000000,20.00000000,298.20000000,1666311708332,False,True
39736375,14.91000000,7.17000000,106.90470000,1666311708350,True,True
39736376,14.91000000,7.18000000,107.05380000,1666311708393,True,True
39736377,14.92000000,11.52000000,171.87840000,1666311709849,False,True
39736378,14.92000000,4.17000000,62.21640000,1666311709849,False,True
39736379,14.92000000,12.40000000,185.00800000,1666311709849,False,True
39736380,14.92000000,7.75000000,115.63000000,1666311709881,True,True
39736381,14.92000000,3.31000000,49.38520000,1666311709881,True,True
39736382,14.92000000,11.03000000,164.56760000,1666311709887,True,True
39736383,14.92000000,6.06000000,90.41520000,1666311712691,True,True
39736384,14.92000000,1.95000000,29.09400000,1666311712792,True,True
39736385,14.92000000,9.33000000,139.20360000,1666311712965,True,True
39736386,14.92000000,34.15000000,509.51800000,1666311717877,False,True
39736387,14.92000000,10.14000000,151.28880000,1666311717885,False,True
39736388,14.92000000,20.00000000,298.40000000,1666311717885,False,True
39736389,14.92000000,12.30000000,183.51600000,1666311717885,False,True
39736390,14.92000000,12.30000000,183.51600000,1666311717885,False,True
39736391,14.92000000,4.88000000,72.80960000,1666311717885,False,True
39736392,14.92000000,10.62000000,158.45040000,1666311717888,False,True
39736393,14.93000000,10.15000000,151.53950000,1666311719275,False,True
39736394,14.93000000,1.37000000,20.45410000,1666311719881,False,True
39736395,14.93000000,3.30000000,49.26900000,1666311719881,False,True
39736396,14.93000000,3.35000000,50.01550000,1666311719881,False,True
39736397,14.93000000,1.72000000,25.67960000,1666311719881,False,True
39736398,14.93000000,13.03000000,194.53790000,1666311719881,False,True
39736399,14.93000000,4.17000000,62.25810000,1666311719881,False,True
39736400,14.94000000,1.00000000,14.94000000,1666311725211,False,True
39736401,14.94000000,8.95000000,133.71300000,1666311725211,False,True
39736402,14.94000000,7.06000000,105.47640000,1666311725251,False,True
39736403,14.94000000,5.29000000,79.03260000,1666311725268,False,True
39736404,14.94000000,12.70000000,189.73800000,1666311725276,False,True
39736405,14.94000000,20.00000000,298.80000000,1666311725276,False,True
39736406,14.94000000,12.00000000,179.28000000,1666311725276,False,True
39736407,14.94000000,4.17000000,62.29980000,1666311725276,False,True
39736408,14.94000000,3.30000000,49.30200000,1666311725276,False,True
39736409,14.93000000,12.40000000,185.13200000,1666311728836,True,True
39736410,14.93000000,16.54000000,246.94220000,1666311728836,True,True
39736411,14.93000000,3.53000000,52.70290000,1666311728836,True,True
39736412,14.93000000,3.30000000,49.26900000,1666311728836,True,True
39736413,14.93000000,4.17000000,62.25810000,1666311728836,True,True
39736414,14.93000000,10.30000000,153.77900000,1666311743573,False,True
39736415,14.93000000,9.70000000,144.82100000,1666311743583,False,True
39736416,14.93000000,12.30000000,183.63900000,1666311743583,False,True
39736417,14.93000000,12.30000000,183.63900000,1666311743583,False,True
39736418,14.93000000,12.40000000,185.13200000,1666311743583,False,True
39736419,14.93000000,6.20000000,92.56600000,1666311743583,False,True
39736420,14.93000000,0.72000000,10.74960000,1666311743583,False,True
39736421,14.93000000,12.66000000,189.01380000,1666311743583,False,True
39736422,14.94000000,7.20000000,107.56800000,1666311750322,False,True
39736423,14.94000000,12.40000000,185.25600000,1666311750322,False,True
39736424,14.94000000,11.21000000,167.47740000,1666311750322,False,True
39736425,14.94000000,0.31000000,4.63140000,1666311750404,False,True
39736426,14.94000000,3.30000000,49.30200000,1666311750404,False,True
39736427,14.94000000,4.16000000,62.15040000,1666311750404,False,True
39736428,14.94000000,0.01000000,0.14940000,1666311750414,False,True
39736429,14.94000000,5.95000000,88.89300000,1666311750414,False,True
39736430,14.94000000,9.55000000,142.67700000,1666311750511,False,True
39736431,14.94000000,6.20000000,92.62800000,1666311750511,False,True
39736432,14.94000000,20.00000000,298.80000000,1666311750511,False,True
39736433,14.94000000,7.85000000,117.27900000,1666311750511,False,True
39736434,14.94000000,12.40000000,185.25600000,1666311757113,True,True
39736435,14.94000000,15.37000000,229.62780000,1666311757113,True,True
39736436,14.94000000,8.87000000,132.51780000,1666311766286,False,True
39736437,14.93000000,25.77000000,384.74610000,1666311783333,True,True
39736438,14.94000000,3.53000000,52.73820000,1666311784069,False,True
39736439,14.94000000,12.40000000,185.25600000,1666311784069,False,True
39736440,14.94000000,20.00000000,298.80000000,1666311784069,False,True
39736441,14.94000000,12.30000000,183.76200000,1666311784069,False,True
39736442,14.94000000,6.20000000,92.62800000,1666311784069,False,True
39736443,14.94000000,12.30000000,183.76200000,1666311784069,False,True
39736444,14.94000000,18.60000000,277.88400000,1666311784069,False,True
39736445,14.94000000,12.59000000,188.09460000,1666311784069,False,True
39736446,14.94000000,2.13000000,31.82220000,1666311784069,False,True
39736447,14.94000000,11.50000000,171.81000000,1666311784069,False,True
39736448,14.94000000,14.80000000,221.11200000,1666311784069,False,True
39736449,14.94000000,14.70000000,219.61800000,1666311784069,False,True
39736450,14.94000000,18.60000000,277.88400000,1666311784069,False,True
39736451,14.94000000,11.70000000,174.79800000,1666311784069,False,True
39736452,14.94000000,84.00000000,1254.96000000,1666311784069,False,True
39736453,14.94000000,25.77000000,385.00380000,1666311784069,False,True
39736454,14.94000000,58.72000000,877.27680000,1666311784078,True,True
39736455,14.94000000,7.75000000,115.78500000,1666311784081,True,True
39736456,14.94000000,5.81000000,86.80140000,1666311784083,True,True
39736457,14.94000000,13.12000000,196.01280000,1666311784097,True,True
39736458,14.94000000,102.71000000,1534.48740000,1666311784158,True,True
39736459,14.94000000,41.21000000,615.67740000,1666311784168,True,True
39736460,14.94000000,5.91000000,88.29540000,1666311784355,True,True
39736461,14.94000000,1.95000000,29.13300000,1666311784485,True,True
39736462,14.94000000,1.95000000,29.13300000,1666311784555,True,True
39736463,14.94000000,19.26000000,287.74440000,1666311784662,True,True
39736464,14.94000000,19.26000000,287.74440000,1666311784991,True,True
39736465,14.94000000,52.17000000,779.41980000,1666311799205,True,True
39736466,14.94000000,140.00000000,2091.60000000,1666311799227,True,True
39736467,14.94000000,100.00000000,1494.00000000,1666311799229,True,True
39736468,14.94000000,48.13000000,719.06220000,1666311799230,True,True
39736469,14.94000000,198.50000000,2965.59000000,1666311799231,True,True
39736470,14.93000000,3.30000000,49.26900000,1666311807747,True,True
39736471,14.93000000,0.94000000,14.03420000,1666311807747,True,True
39736472,14.93000000,4.17000000,62.25810000,1666311807747,True,True
39736473,14.93000000,12.42000000,185.43060000,1666311807747,True,True
39736474,14.93000000,8.87000000,132.42910000,1666311807747,True,True
39736475,14.93000000,3.53000000,52.70290000,1666311807747,True,True
39736476,14.92000000,0.97000000,14.47240000,1666311816655,True,True
39736477,14.92000000,3.30000000,49.23600000,1666311816655,True,True
39736478,14.91000000,12.40000000,184.88400000,1666311820647,True,True
39736479,14.91000000,6.70000000,99.89700000,1666311820647,True,True
39736480,14.91000000,4.17000000,62.17470000,1666311820647,True,True
39736481,14.91000000,3.30000000,49.20300000,1666311820647,True,True
39736482,14.90000000,34.16000000,508.98400000,1666311823050,True,True
39736483,14.90000000,10.14000000,151.08600000,1666311823050,True,True
39736484,14.89000000,1.31000000,19.50590000,1666311827772,True,True
39736485,14.89000000,18.07000000,269.06230000,1666311827772,True,True
39736486,14.89000000,0.69000000,10.27410000,1666311827772,True,True
39736487,14.89000000,3.80000000,56.58200000,1666311827772,True,True
39736488,14.89000000,52.51000000,781.87390000,1666311827772,True,True
39736489,14.89000000,2.00000000,29.78000000,1666311827772,True,True
39736490,14.89000000,1.01000000,15.03890000,1666311827772,True,True
39736491,14.89000000,9.85000000,146.66650000,1666311827772,True,True
39736492,14.89000000,31.76000000,472.90640000,1666311829246,True,True
39736493,14.89000000,0.73000000,10.86970000,1666311829246,True,True
39736494,14.89000000,1.19000000,17.71910000,1666311829246,True,True
39736495,14.89000000,34.00000000,506.26000000,1666311829246,True,True
39736496,14.89000000,3.30000000,49.13700000,1666311829246,True,True
39736497,14.89000000,4.17000000,62.09130000,1666311829246,True,True
39736498,14.89000000,1.73000000,25.75970000,1666311829246,True,True
39736499,14.89000000,6.00000000,89.34000000,1666311829246,True,True
39736500,14.88000000,0.71000000,10.56480000,1666311830850,True,True
39736501,14.88000000,0.91000000,13.54080000,1666311830850,True,True
39736502,14.88000000,0.35000000,5.20800000,1666311830850,True,True
39736503,14.88000000,3.38000000,50.29440000,1666311830852,True,True
39736504,14.88000000,0.76000000,11.30880000,1666311830852,True,True
39736505,14.88000000,4.67000000,69.48960000,1666311830852,True,True
39736506,14.88000000,1.55000000,23.06400000,1666311830852,True,True
39736507,14.88000000,2.01000000,29.90880000,1666311830852,True,True
39736508,14.88000000,3.50000000,52.08000000,1666311830852,True,True
39736509,14.88000000,0.73000000,10.86240000,1666311830852,True,True
39736510,14.88000000,27.40000000,407.71200000,1666311830852,True,True
39736511,14.88000000,1.97000000,29.31360000,1666311830853,True,True
39736512,14.88000000,0.63000000,9.37440000,1666311830853,True,True
39736513,14.88000000,7.27000000,108.17760000,1666311830909,False,True
39736514,14.88000000,20.00000000,297.60000000,1666311831667,False,True
39736515,14.89000000,12.30000000,183.14700000,1666311832147,False,True
39736516,14.89000000,12.30000000,183.14700000,1666311832147,False,True
39736517,14.89000000,6.20000000,92.31800000,1666311832147,False,True
39736518,14.89000000,12.40000000,184.63600000,1666311832147,False,True
39736519,14.89000000,9.69000000,144.28410000,1666311832147,False,True
39736520,14.89000000,11.52000000,171.53280000,1666311832147,False,True
