39401039,17.05000000,19.05000000,324.80250000,1665100802560,True,True
39401040,17.05000000,2.70000000,46.03500000,1665100802631,True,True
39401041,17.05000000,9.28000000,158.22400000,1665100807778,True,True
39401042,17.05000000,55.00000000,937.75000000,1665100807893,True,True
39401043,17.05000000,15.29000000,260.69450000,1665100807893,True,True
39401044,17.05000000,15.47000000,263.76350000,1665100829407,False,True
39401045,17.06000000,5.95000000,101.50700000,1665100839021,False,True
39401046,17.05000000,11.71000000,199.65550000,1665100839352,True,True
39401047,17.05000000,31.35000000,534.51750000,1665100839352,True,True
39401048,17.05000000,12.69000000,216.36450000,1665100839352,True,True
39401049,17.04000000,26.96000000,459.39840000,1665100888083,True,True
39401050,17.04000000,8.04000000,137.00160000,1665100888407,True,True
39401051,17.04000000,23.00000000,391.92000000,1665100888407,True,True
39401052,17.05000000,9.28000000,158.22400000,1665100906542,False,True
39401053,17.05000000,28.39000000,484.04950000,1665100906542,False,True
39401054,17.05000000,23.68000000,403.74400000,1665100927236,True,True
39401055,17.05000000,4.59000000,78.25950000,1665100927298,True,True
39401056,17.05000000,0.11000000,1.87550000,1665100927360,True,True
39401057,17.05000000,4.50000000,76.72500000,1665100927360,True,True
39401058,17.05000000,13.25000000,225.91250000,1665100927654,True,True
39401059,17.05000000,28.30000000,482.51500000,1665100947701,True,True
39401060,17.05000000,24.54000000,418.40700000,1665100947701,True,True
39401061,17.06000000,3.30000000,56.29800000,1665100957802,False,True
39401062,17.06000000,2.59000000,44.18540000,1665100957802,False,True
39401063,17.06000000,28.38000000,484.16280000,1665100957802,False,True
39401064,17.06000000,1.11000000,18.93660000,1665100957802,False,True
39401065,17.06000000,56.81000000,969.17860000,1665100957847,True,True
39401066,17.06000000,19.27000000,328.74620000,1665100957882,True,True
39401067,17.06000000,12.02000000,205.06120000,1665100957882,True,True
39401068,17.06000000,6.26000000,106.79560000,1665100958823,True,True
39401069,17.06000000,2.69000000,45.89140000,1665100968954,True,True
39401070,17.06000000,25.69000000,438.27140000,1665100969041,True,True
39401071,17.06000000,48.07000000,820.07420000,1665100969041,True,True
39401072,17.06000000,1.21000000,20.64260000,1665100990799,False,True
39401073,17.06000000,9.37000000,159.85220000,1665101026618,True,True
39401074,17.06000000,31.29000000,533.80740000,1665101033305,True,True
39401075,17.07000000,1.82000000,31.06740000,1665101070820,False,True
39401076,17.06000000,20.15000000,343.75900000,1665101087981,True,True
39401077,17.06000000,55.00000000,938.30000000,1665101087981,True,True
39401078,17.05000000,30.46000000,519.34300000,1665101087981,True,True
39401079,17.05000000,9.28000000,158.22400000,1665101087981,True,True
39401080,17.05000000,25.44000000,433.75200000,1665101087981,True,True
39401081,17.06000000,35.38000000,603.58280000,1665101087988,True,True
39401082,17.06000000,5.26000000,89.73560000,1665101087994,True,True
39401083,17.06000000,35.38000000,603.58280000,1665101087994,True,True
39401084,17.06000000,40.64000000,693.31840000,1665101087995,True,True
39401085,17.06000000,10.37000000,176.91220000,1665101087997,True,True
39401086,17.06000000,12.97000000,221.26820000,1665101088035,True,True
39401087,17.05000000,10.37000000,176.80850000,1665101088035,True,True
39401088,17.06000000,2.92000000,49.81520000,1665101110821,False,True
39401089,17.05000000,22.04000000,375.78200000,1665101143074,True,True
39401090,17.05000000,2.93000000,49.95650000,1665101143074,True,True
39401091,17.05000000,1.59000000,27.10950000,1665101152145,True,True
39401092,17.05000000,0.67000000,11.42350000,1665101153222,True,True
39401093,17.05000000,0.67000000,11.42350000,1665101153227,True,True
39401094,17.05000000,0.67000000,11.42350000,1665101153227,True,True
39401095,17.05000000,0.67000000,11.42350000,1665101153227,True,True
39401096,17.05000000,0.67000000,11.42350000,1665101153227,True,True
39401097,17.05000000,0.67000000,11.42350000,1665101153274,True,True
39401098,17.05000000,3.97000000,67.68850000,1665101156405,True,True
39401099,17.06000000,6.36000000,108.50160000,1665101175028,False,True
39401100,17.06000000,15.59000000,265.96540000,1665101175028,False,True
39401101,17.07000000,11.24000000,191.86680000,1665101237485,False,True
39401102,17.07000000,167.76000000,2863.66320000,1665101248097,False,True
39401103,17.07000000,60.29000000,1029.15030000,1665101281939,False,True
39401104,17.07000000,49.33000000,842.06310000,1665101282248,False,True
39401105,17.07000000,60.29000000,1029.15030000,1665101285926,False,True
39401106,17.07000000,30.24000000,516.19680000,1665101290371,False,True
39401107,17.07000000,13.03000000,222.42210000,1665101290383,False,True
39401108,17.07000000,29.40000000,501.85800000,1665101290405,False,True
39401109,17.07000000,41.61000000,710.28270000,1665101290406,False,True
39401110,17.07000000,7.25000000,123.75750000,1665101290416,False,True
39401111,17.07000000,12.70000000,216.78900000,1665101290424,False,True
39401112,17.07000000,14.95000000,255.19650000,1665101290424,False,True
39401113,17.07000000,8.06000000,137.58420000,1665101290424,False,True
39401114,17.07000000,16.39000000,279.77730000,1665101290436,False,True
39401115,17.07000000,53.87000000,919.56090000,1665101290460,False,True
39401116,17.07000000,9.41000000,160.62870000,1665101290479,False,True
39401117,17.07000000,1.04000000,17.75280000,1665101290479,False,True
39401118,17.07000000,1.58000000,26.97060000,1665101290479,False,True
39401119,17.07000000,9.94000000,169.67580000,1665101290482,False,True
39401120,17.07000000,0.21000000,3.58470000,1665101290483,False,True
39401121,17.07000000,7.34000000,125.29380000,1665101290483,False,True
39401122,17.07000000,4.39000000,74.93730000,1665101290483,False,True
39401123,17.07000000,28.38000000,484.44660000,1665101301073,True,True
39401124,17.07000000,33.91000000,578.84370000,1665101301073,True,True
39401125,17.07000000,19.89000000,339.52230000,1665101301073,True,True
39401126,17.07000000,11.71000000,199.88970000,1665101301073,True,True
39401127,17.07000000,55.00000000,938.85000000,1665101301073,True,True
39401128,17.07000000,55.00000000,938.85000000,1665101301073,True,True
39401129,17.07000000,2.29000000,39.09030000,1665101301123,False,True
39401130,17.07000000,7.28000000,124.26960000,1665101301185,False,True
39401131,17.07000000,71.70000000,1223.91900000,1665101303073,False,True
39401132,17.07000000,44.11000000,752.95770000,1665101307839,False,True
39401133,17.07000000,10.29000000,175.65030000,1665101307910,False,True
39401134,17.07000000,32.60000000,556.48200000,1665101308540,False,True
39401135,17.07000000,67.56000000,1153.24920000,1665101308643,False,True
39401136,17.07000000,1.36000000,23.21520000,1665101311650,False,True
39401137,17.07000000,31.79000000,542.65530000,1665101312970,False,True
39401138,17.07000000,24.85000000,424.18950000,1665101313198,False,True
39401139,17.07000000,29.83000000,509.19810000,1665101313605,False,True
39401140,17.07000000,12.07000000,206.03490000,1665101313605,False,True
39401141,17.08000000,1.04000000,17.76320000,1665101495769,False,True
39401142,17.08000000,0.69000000,11.78520000,1665101495769,False,True
39401143,17.08000000,3.30000000,56.36400000,1665101495769,False,True
39401144,17.08000000,1.64000000,28.01120000,1665101495769,False,True
39401145,17.08000000,2.94000000,50.21520000,1665101495769,False,True
39401146,17.08000000,4.65000000,79.42200000,1665101495769,False,True
39401147,17.08000000,2.59000000,44.23720000,1665101495769,False,True
39401148,17.08000000,11.39000000,194.54120000,1665101495769,False,True
39401149,17.08000000,9.46000000,161.57680000,1665101552741,False,True
39401150,17.09000000,2.70000000,46.14300000,1665101554438,False,True
39401151,17.09000000,2.96000000,50.58640000,1665101554438,False,True
39401152,17.09000000,0.62000000,10.59580000,1665101557692,False,True
39401153,17.08000000,24.45000000,417.60600000,1665101587069,False,True
39401154,17.08000000,4.93000000,84.20440000,1665101587069,False,True
39401155,17.09000000,51.42000000,878.76780000,1665101599278,False,True
39401156,17.09000000,1.04000000,17.77360000,1665101599278,False,True
39401157,17.09000000,1.85000000,31.61650000,1665101599278,False,True
39401158,17.09000000,5.29000000,90.40610000,1665101599278,False,True
39401159,17.09000000,8.79000000,150.22110000,1665101599278,False,True
39401160,17.09000000,3.30000000,56.39700000,1665101617897,False,True
39401161,17.09000000,1.11000000,18.96990000,1665101617897,False,True
39401162,17.09000000,14.43000000,246.60870000,1665101617897,False,True
39401163,17.09000000,1.11000000,18.96990000,1665101617897,False,True
39401164,17.09000000,2.59000000,44.26310000,1665101617897,False,True
39401165,17.10000000,1.04000000,17.78400000,1665101631220,False,True
39401166,17.10000000,1.29000000,22.05900000,1665101631220,False,True
39401167,17.10000000,0.69000000,11.79900000,1665101631220,False,True
39401168,17.10000000,0.74000000,12.65400000,1665101631220,False,True
39401169,17.10000000,1.08000000,18.46800000,1665101631220,False,True
39401170,17.10000000,0.71000000,12.14100000,1665101631220,False,True
39401171,17.10000000,0.70000000,11.97000000,1665101631220,False,True
39401172,17.10000000,0.75000000,12.82500000,1665101631220,False,True
39401173,17.10000000,1.60000000,27.36000000,1665101631220,False,True
39401174,17.10000000,7.18000000,122.77800000,1665101631220,False,True
39401175,17.10000000,47.05000000,804.55500000,1665101631277,False,True
39401176,17.10000000,2.92000000,49.93200000,1665101631277,False,True
39401177,17.10000000,3.30000000,56.43000000,1665101631277,False,True
39401178,17.10000000,2.59000000,44.28900000,1665101631277,False,True
39401179,17.10000000,28.39000000,485.46900000,1665101631657,True,True
39401180,17.10000000,6.42000000,109.78200000,1665101631657,True,True
39401181,17.10000000,23.36000000,399.45600000,1665101631657,True,True
39401182,17.10000000,6.03000000,103.11300000,1665101631779,True,True
39401183,17.10000000,55.00000000,940.50000000,1665101631874,True,True
39401184,17.10000000,26.60000000,454.86000000,1665101631874,True,True
39401185,17.09000000,31.29000000,534.74610000,1665101642926,True,True
39401186,17.10000000,14.23000000,243.33300000,1665101649221,True,True
39401187,17.10000000,4.65000000,79.51500000,1665101649221,True,True
39401188,17.10000000,12.41000000,212.21100000,1665101649221,True,True
39401189,17.11000000,0.42000000,7.18620000,1665101699672,False,True
39401190,17.11000000,2.43000000,41.57730000,1665101699672,False,True
39401191,17.11000000,1.87000000,31.99570000,1665101699672,False,True
39401192,17.11000000,1.18000000,20.18980000,1665101699672,False,True
39401193,17.11000000,5.58000000,95.47380000,1665101699672,False,True
39401194,17.10000000,0.83000000,14.19300000,1665101714047,False,True
39401195,17.10000000,0.61000000,10.43100000,1665101716196,False,True
39401196,17.10000000,2.29000000,39.15900000,1665101728520,True,True
39401197,17.10000000,29.23000000,499.83300000,1665101733379,True,True
39401198,17.10000000,2.29000000,39.15900000,1665101734042,True,True
39401199,17.10000000,2.29000000,39.15900000,1665101741034,True,True
39401200,17.10000000,9.23000000,157.83300000,1665101744376,True,True
39401201,17.10000000,22.06000000,377.22600000,1665101744376,True,True
39401202,17.10000000,32.12000000,549.25200000,1665101745003,True,True
39401203,17.11000000,2.29000000,39.18190000,1665101784951,False,True
39401204,17.11000000,1.11000000,18.99210000,1665101786569,False,True
39401205,17.12000000,45.84000000,784.78080000,1665101786569,False,True
39401206,17.12000000,1.03000000,17.63360000,1665101786569,False,True
39401207,17.12000000,1.28000000,21.91360000,1665101786569,False,True
39401208,17.12000000,0.71000000,12.15520000,1665101786569,False,True
39401209,17.12000000,55.00000000,941.60000000,1665101786569,False,True
39401210,17.12000000,0.72000000,12.32640000,1665101786569,False,True
39401211,17.12000000,1.37000000,23.45440000,1665101786569,False,True
39401212,17.12000000,0.64000000,10.95680000,1665101786569,False,True
39401213,17.12000000,108.90000000,1864.36800000,1665101786569,False,True
39401214,17.12000000,45.42000000,777.59040000,1665101786569,False,True
39401215,17.12000000,115.68000000,1980.44160000,1665101786569,False,True
39401216,17.12000000,105.74000000,1810.26880000,1665101786569,False,True
39401217,17.12000000,10.27000000,175.82240000,1665101786569,False,True
39401218,17.12000000,195.19000000,3341.65280000,1665101786569,False,True
39401219,17.12000000,1.23000000,21.05760000,1665101786569,False,True
39401220,17.12000000,3.30000000,56.49600000,1665101786569,False,True
39401221,17.12000000,25.59000000,438.10080000,1665101786569,False,True
39401222,17.12000000,86.75000000,1485.16000000,1665101786569,False,True
39401223,17.12000000,63.21000000,1082.15520000,1665101786569,False,True
39401224,17.12000000,2.59000000,44.34080000,1665101786569,False,True
39401225,17.12000000,98.69000000,1689.57280000,1665101786569,False,True
39401226,17.12000000,81.65000000,1397.84800000,1665101786569,False,True
39401227,17.12000000,37.87000000,648.33440000,1665101786569,False,True
39401228,17.12000000,92.00000000,1575.04000000,1665101786569,False,True
39401229,17.12000000,8.77000000,150.14240000,1665101786569,False,True
39401230,17.13000000,1.03000000,17.64390000,1665101786569,False,True
39401231,17.13000000,1.80000000,30.83400000,1665101786569,False,True
39401232,17.13000000,0.63000000,10.79190000,1665101786569,False,True
39401233,17.13000000,55.00000000,942.15000000,1665101786569,False,True
39401234,17.13000000,12.56000000,215.15280000,1665101786569,False,True
39401235,17.13000000,1.17000000,20.04210000,1665101786569,False,True
39401236,17.13000000,209.98000000,3596.95740000,1665101786569,False,True
39401237,17.13000000,0.62000000,10.62060000,1665101786578,False,True
39401238,17.12000000,4.60000000,78.75200000,1665101786583,True,True
39401239,17.12000000,15.77000000,269.98240000,1665101786624,False,True
39401240,17.12000000,4.60000000,78.75200000,1665101786683,False,True
39401241,17.12000000,11.68000000,199.96160000,1665101786683,False,True
39401242,17.12000000,27.22000000,466.00640000,1665101786683,False,True
39401243,17.12000000,4.88000000,83.54560000,1665101787230,False,True
39401244,17.11000000,0.82000000,14.03020000,1665101818438,True,True
39401245,17.11000000,0.82000000,14.03020000,1665101819444,True,True
39401246,17.11000000,0.82000000,14.03020000,1665101820367,True,True
39401247,17.12000000,1.69000000,28.93280000,1665101824137,False,True
39401248,17.11000000,6.50000000,111.21500000,1665101870447,True,True
39401249,17.12000000,0.62000000,10.61440000,1665101933608,False,True
39401250,17.12000000,17.78000000,304.39360000,1665101933744,False,True
39401251,17.12000000,0.01000000,0.17120000,1665101933754,False,True
39401252,17.12000000,3.08000000,52.72960000,1665101935614,True,True
39401253,17.12000000,66.81000000,1143.78720000,1665101958827,True,True
39401254,17.12000000,51.08000000,874.48960000,1665101958827,True,True
39401255,17.12000000,15.77000000,269.98240000,1665101958827,True,True
39401256,17.12000000,89.12000000,1525.73440000,1665101958827,True,True
39401257,17.12000000,55.00000000,941.60000000,1665101958827,True,True
39401258,17.12000000,55.00000000,941.60000000,1665101964131,True,True
39401259,17.12000000,2.70000000,46.22400000,1665101964131,True,True
39401260,17.12000000,6.40000000,109.56800000,1665101964131,True,True
39401261,17.12000000,31.97000000,547.32640000,1665101966879,True,True
39401262,17.12000000,34.04000000,582.76480000,1665101966879,True,True
39401263,17.13000000,16.34000000,279.90420000,1665102005751,False,True
39401264,17.13000000,1.16000000,19.87080000,1665102016070,False,True
39401265,17.12000000,3.88000000,66.42560000,1665102019811,True,True
39401266,17.12000000,11.68000000,199.96160000,1665102074801,False,True
39401267,17.12000000,3.00000000,51.36000000,1665102129598,False,True
39401268,17.12000000,0.88000000,15.06560000,1665102171553,False,True
39401269,17.12000000,49.95000000,855.14400000,1665102171553,False,True
39401270,17.12000000,10.72000000,183.52640000,1665102172366,True,True
39401271,17.12000000,59.24000000,1014.18880000,1665102172366,True,True
39401272,17.13000000,39.10000000,669.78300000,1665102212594,False,True
39401273,17.13000000,42.74000000,732.13620000,1665102212753,False,True
39401274,17.13000000,173.02000000,2963.83260000,1665102212760,False,True
39401275,17.13000000,10.67000000,182.77710000,1665102212768,False,True
39401276,17.13000000,16.04000000,274.76520000,1665102212770,False,True
39401277,17.13000000,174.65000000,2991.75450000,1665102212776,False,True
39401278,17.13000000,3.30000000,56.52900000,1665102212776,False,True
39401279,17.13000000,2.59000000,44.36670000,1665102212776,False,True
39401280,17.13000000,1.52000000,26.03760000,1665102212807,True,True
39401281,17.14000000,1.03000000,17.65420000,1665102246398,False,True
39401282,17.14000000,0.69000000,11.82660000,1665102246398,False,True
39401283,17.14000000,1.00000000,17.14000000,1665102246398,False,True
39401284,17.14000000,3.26000000,55.87640000,1665102246398,False,True
39401285,17.14000000,0.65000000,11.14100000,1665102246398,False,True
39401286,17.14000000,14.34000000,245.78760000,1665102246398,False,True
39401287,17.14000000,4.03000000,69.07420000,1665102246398,False,True
39401288,17.13000000,0.82000000,14.04660000,1665102254187,True,True
39401289,17.14000000,0.83000000,14.22620000,1665102254765,False,True
39401290,17.14000000,8.85000000,151.68900000,1665102275825,False,True
39401291,17.14000000,3.30000000,56.56200000,1665102275825,False,True
39401292,17.14000000,2.59000000,44.39260000,1665102275825,False,True
39401293,17.14000000,43.60000000,747.30400000,1665102275825,False,True
39401294,17.14000000,8.90000000,152.54600000,1665102303307,True,True
39401295,17.14000000,76.08000000,1304.01120000,1665102304251,False,True
39401296,17.14000000,28.24000000,484.03360000,1665102319733,True,True
39401297,17.14000000,0.62000000,10.62680000,1665102361951,True,True
39401298,17.14000000,2.29000000,39.25060000,1665102363328,False,True
39401299,17.14000000,28.23000000,483.86220000,1665102414252,False,True
39401300,17.14000000,4.95000000,84.84300000,1665102414252,False,True
39401301,17.14000000,14.21000000,243.55940000,1665102414254,False,True
39401302,17.15000000,1.03000000,17.66450000,1665102435522,False,True
39401303,17.15000000,0.14000000,2.40100000,1665102435522,False,True
39401304,17.15000000,0.89000000,15.26350000,1665102525575,False,True
39401305,17.15000000,0.25000000,4.28750000,1665102547747,False,True
39401306,17.15000000,0.37000000,6.34550000,1665102547747,False,True
39401307,17.15000000,19.63000000,336.65450000,1665102549453,False,True
39401308,17.15000000,0.71000000,12.17650000,1665102549453,False,True
39401309,17.15000000,1.21000000,20.75150000,1665102549453,False,True
39401310,17.15000000,5.60000000,96.04000000,1665102549453,False,True
39401311,17.15000000,3.50000000,60.02500000,1665102549453,False,True
39401312,17.15000000,3.30000000,56.59500000,1665102549453,False,True
39401313,17.15000000,2.59000000,44.41850000,1665102549453,False,True
39401314,17.15000000,18.48000000,316.93200000,1665102549453,False,True
39401315,17.15000000,1.11000000,19.03650000,1665102549453,False,True
39401316,17.15000000,1.11000000,19.03650000,1665102549453,False,True
39401317,17.15000000,1.62000000,27.78300000,1665102549518,True,True
39401318,17.15000000,53.78000000,922.32700000,1665102552042,True,True
39401319,17.15000000,14.54000000,249.36100000,1665102552042,True,True
39401320,17.16000000,0.86000000,14.75760000,1665102582616,False,True
39401321,17.16000000,0.80000000,13.72800000,1665102582616,False,True
39401322,17.16000000,1.03000000,17.67480000,1665102582616,False,True
39401323,17.16000000,0.69000000,11.84040000,1665102582616,False,True
39401324,17.16000000,5.27000000,90.43320000,1665102582616,False,True
39401325,17.16000000,71.03000000,1218.87480000,1665102582616,False,True
39401326,17.16000000,55.00000000,943.80000000,1665102582616,False,True
39401327,17.16000000,55.00000000,943.80000000,1665102582616,False,True
39401328,17.16000000,16.63000000,285.37080000,1665102582616,False,True
39401329,17.16000000,64.56000000,1107.84960000,1665102582616,False,True
39401330,17.16000000,143.12000000,2455.93920000,1665102582616,False,True
39401331,17.16000000,1.11000000,19.04760000,1665102582616,False,True
39401332,17.16000000,0.60000000,10.29600000,1665102582616,False,True
39401333,17.16000000,0.62000000,10.63920000,1665102592485,False,True
39401334,17.16000000,0.68000000,11.66880000,1665102605505,False,True
39401335,17.16000000,1.11000000,19.04760000,1665102605607,False,True
39401336,17.16000000,1.11000000,19.04760000,1665102605607,False,True
39401337,17.16000000,2.70000000,46.33200000,1665102605607,False,True
39401338,17.17000000,1.03000000,17.68510000,1665102605607,False,True
39401339,17.17000000,1.28000000,21.97760000,1665102605607,False,True
39401340,17.17000000,9.66000000,165.86220000,1665102605607,False,True
39401341,17.16000000,2.29000000,39.29640000,1665102607161,True,True
39401342,17.16000000,36.00000000,617.76000000,1665102609352,True,True
39401343,17.16000000,4.79000000,82.19640000,1665102609626,True,True
39401344,17.16000000,4.46000000,76.53360000,1665102610110,False,True
39401345,17.16000000,12.06000000,206.94960000,1665102614093,True,True
39401346,17.16000000,23.94000000,410.81040000,1665102614093,True,True
39401347,17.16000000,28.38000000,487.00080000,1665102614155,True,True
39401348,17.16000000,7.62000000,130.75920000,1665102614155,True,True
39401349,17.16000000,36.00000000,617.76000000,1665102614505,True,True
39401350,17.16000000,11.38000000,195.28080000,1665102614565,True,True
39401351,17.16000000,55.00000000,943.80000000,1665102647729,False,True
39401352,17.16000000,28.38000000,487.00080000,1665102647729,False,True
39401353,17.16000000,22.79000000,391.07640000,1665102647729,False,True
39401354,17.16000000,15.63000000,268.21080000,1665102647729,False,True
39401355,17.14000000,4.63000000,79.35820000,1665102674155,True,True
39401356,17.14000000,18.60000000,318.80400000,1665102677573,False,True
39401357,17.14000000,15.15000000,259.67100000,1665102677573,False,True
39401358,17.14000000,14.01000000,240.13140000,1665102677838,True,True
39401359,17.14000000,17.00000000,291.38000000,1665102677900,True,True
39401360,17.14000000,17.00000000,291.38000000,1665102677987,True,True
39401361,17.14000000,55.00000000,942.70000000,1665102761406,True,True
39401362,17.14000000,28.38000000,486.43320000,1665102778977,True,True
39401363,17.14000000,49.41000000,846.88740000,1665102778977,True,True
39401364,17.14000000,1.45000000,24.85300000,1665102780659,False,True
39401365,17.14000000,0.83000000,14.22620000,1665102909290,False,True
39401366,17.13000000,4.66000000,79.82580000,1665102940146,True,True
39401367,17.13000000,3.30000000,56.52900000,1665102940146,True,True
39401368,17.13000000,1.03000000,17.64390000,1665102940146,True,True
39401369,17.13000000,4.65000000,79.65450000,1665102940146,True,True
39401370,17.13000000,26.51000000,454.11630000,1665102940146,True,True
39401371,17.13000000,1.97000000,33.74610000,1665102940146,True,True
39401372,17.13000000,0.72000000,12.33360000,1665102952598,True,True
39401373,17.14000000,0.59000000,10.11260000,1665102991375,False,True
39401374,17.14000000,2.29000000,39.25060000,1665103043741,False,True
39401375,17.14000000,23.22000000,397.99080000,1665103048580,False,True
39401376,17.14000000,4.63000000,79.35820000,1665103048580,False,True
39401377,17.14000000,8.45000000,144.83300000,1665103048580,False,True
39401378,17.14000000,8.61000000,147.57540000,1665103062510,False,True
39401379,17.14000000,3.05000000,52.27700000,1665103062510,False,True
39401380,17.13000000,54.28000000,929.81640000,1665103104459,True,True
39401381,17.13000000,10.81000000,185.17530000,1665103104459,True,True
39401382,17.13000000,36.74000000,629.35620000,1665103105002,True,True
39401383,17.13000000,8.37000000,143.37810000,1665103105002,True,True
39401384,17.13000000,11.59000000,198.53670000,1665103105002,True,True
39401385,17.13000000,17.20000000,294.63600000,1665103154518,True,True
39401386,17.13000000,8.92000000,152.79960000,1665103265396,True,True
39401387,17.13000000,28.38000000,486.14940000,1665103265396,True,True
39401388,17.13000000,3.04000000,52.07520000,1665103265396,True,True
39401389,17.12000000,7.50000000,128.40000000,1665103265434,True,True
39401390,17.12000000,11.90000000,203.72800000,1665103265434,True,True
39401391,17.12000000,55.00000000,941.60000000,1665103265434,True,True
39401392,17.12000000,38.55000000,659.97600000,1665103265434,True,True
39401393,17.12000000,1.00000000,17.12000000,1665103265449,True,True
39401394,17.12000000,390.02000000,6677.14240000,1665103265449,True,True
39401395,17.12000000,0.62000000,10.61440000,1665103265462,True,True
39401396,17.12000000,54.38000000,930.98560000,1665103265609,True,True
39401397,17.12000000,1.51000000,25.85120000,1665103294859,True,True
39401398,17.13000000,43.78000000,749.95140000,1665103309823,False,True
39401399,17.13000000,50.43000000,863.86590000,1665103320352,False,True
39401400,17.13000000,44.80000000,767.42400000,1665103320352,False,True
39401401,17.12000000,4.46000000,76.35520000,1665103328820,True,True
39401402,17.13000000,16.07000000,275.27910000,1665103380212,False,True
39401403,17.13000000,3.23000000,55.32990000,1665103380212,False,True
39401404,17.13000000,2.00000000,34.26000000,1665103405852,False,True
39401405,17.13000000,0.66000000,11.30580000,1665103438959,False,True
39401406,17.13000000,22.49000000,385.25370000,1665103443481,False,True
39401407,17.13000000,3.04000000,52.07520000,1665103443481,False,True
39401408,17.13000000,3.65000000,62.52450000,1665103443481,False,True
39401409,17.13000000,14.07000000,241.01910000,1665103470342,False,True
39401410,17.13000000,8.65000000,148.17450000,1665103470606,False,True
39401411,17.13000000,1.66000000,28.43580000,1665103544292,False,True
39401412,17.13000000,25.79000000,441.78270000,1665103571191,True,True
39401413,17.13000000,41.26000000,706.78380000,1665103571191,True,True
39401414,17.13000000,14.67000000,251.29710000,1665103589157,False,True
39401415,17.12000000,68.05000000,1165.01600000,1665103603559,True,True
39401416,17.12000000,29.35000000,502.47200000,1665103616349,True,True
39401417,17.12000000,28.97000000,495.96640000,1665103616567,True,True
39401418,17.12000000,5.12000000,87.65440000,1665103616675,True,True
39401419,17.12000000,1.03000000,17.63360000,1665103616675,True,True
39401420,17.12000000,1.28000000,21.91360000,1665103616675,True,True
39401421,17.12000000,5.40000000,92.44800000,1665103616675,True,True
39401422,17.12000000,3.30000000,56.49600000,1665103616675,True,True
39401423,17.12000000,2.59000000,44.34080000,1665103616675,True,True
39401424,17.12000000,10.25000000,175.48000000,1665103616675,True,True
39401425,17.12000000,2.77000000,47.42240000,1665103616832,False,True
39401426,17.12000000,14.59000000,249.78080000,1665103620919,True,True
39401427,17.12000000,18.13000000,310.38560000,1665103622601,True,True
39401428,17.12000000,2.69000000,46.05280000,1665103622601,True,True
39401429,17.12000000,2.29000000,39.20480000,1665103686352,True,True
39401430,17.12000000,12.25000000,209.72000000,1665103705575,True,True
39401431,17.12000000,19.69000000,337.09280000,1665103713127,True,True
39401432,17.12000000,33.62000000,575.57440000,1665103713127,True,True
39401433,17.12000000,3.00000000,51.36000000,1665103734441,False,True
39401434,17.11000000,2.77000000,47.39470000,1665103770736,True,True
39401435,17.12000000,2.29000000,39.20480000,1665103832600,False,True
39401436,17.11000000,5.37000000,91.88070000,1665103844242,True,True
39401437,17.12000000,23.09000000,395.30080000,1665103847325,False,True
39401438,17.12000000,55.00000000,941.60000000,1665103847325,False,True
39401439,17.12000000,55.00000000,941.60000000,1665103847325,False,True
39401440,17.12000000,3.49000000,59.74880000,1665103847325,False,True
39401441,17.12000000,5.50000000,94.16000000,1665103847325,False,True
39401442,17.12000000,1.11000000,19.00320000,1665103847325,False,True
39401443,17.12000000,12.29000000,210.40480000,1665103855559,True,True
39401444,17.12000000,56.50000000,967.28000000,1665103856011,True,True
39401445,17.12000000,50.37000000,862.33440000,1665103856032,True,True
39401446,17.12000000,115.76000000,1981.81120000,1665103856044,True,True
39401447,17.12000000,61.45000000,1052.02400000,1665103856087,True,True
39401448,17.11000000,9.39000000,160.66290000,1665103856176,True,True
39401449,17.11000000,40.61000000,694.83710000,1665103856176,True,True
39401450,17.11000000,1.03000000,17.62330000,1665104144693,True,True
39401451,17.10000000,3.62000000,61.90200000,1665104156905,True,True
39401452,17.10000000,55.00000000,940.50000000,1665104156905,True,True
39401453,17.10000000,1.03000000,17.61300000,1665104156905,True,True
39401454,17.10000000,1.28000000,21.88800000,1665104156905,True,True
39401455,17.10000000,0.69000000,11.79900000,1665104156905,True,True
39401456,17.10000000,15.00000000,256.50000000,1665104156905,True,True
39401457,17.10000000,3.30000000,56.43000000,1665104156905,True,True
39401458,17.10000000,7.09000000,121.23900000,1665104156905,True,True
39401459,17.10000000,2.59000000,44.28900000,1665104156905,True,True
39401460,17.10000000,9.29000000,158.85900000,1665104156905,True,True
39401461,17.10000000,92.00000000,1573.20000000,1665104156905,True,True
39401462,17.10000000,24.50000000,418.95000000,1665104156905,True,True
39401463,17.10000000,24.06000000,411.42600000,1665104157925,True,True
39401464,17.10000000,1.00000000,17.10000000,1665104209986,True,True
39401465,17.11000000,3.03000000,51.84330000,1665104337884,False,True
39401466,17.11000000,6.25000000,106.93750000,1665104337884,False,True
39401467,17.11000000,5.50000000,94.10500000,1665104337884,False,True
39401468,17.11000000,21.60000000,369.57600000,1665104337884,False,True
39401469,17.11000000,59.78000000,1022.83580000,1665104350017,True,True
39401470,17.11000000,8.34000000,142.69740000,1665104350017,True,True
39401471,17.11000000,58.04000000,993.06440000,1665104352541,False,True
39401472,17.11000000,0.83000000,14.20130000,1665104353823,False,True
39401473,17.11000000,5.84000000,99.92240000,1665104354896,False,True
39401474,17.11000000,11.38000000,194.71180000,1665104405010,False,True
39401475,17.11000000,35.96000000,615.27560000,1665104405010,False,True
39401476,17.11000000,2.92000000,49.96120000,1665104438390,False,True
39401477,17.10000000,1.00000000,17.10000000,1665104440456,True,True
39401478,17.10000000,28.38000000,485.29800000,1665104475912,True,True
39401479,17.10000000,8.00000000,136.80000000,1665104475912,True,True
39401480,17.10000000,1.28000000,21.88800000,1665104476721,True,True
39401481,17.10000000,15.97000000,273.08700000,1665104493469,False,True
39401482,17.10000000,26.22000000,448.36200000,1665104493469,False,True
39401483,17.10000000,2.92000000,49.93200000,1665104508496,False,True
39401484,17.09000000,1.03000000,17.60270000,1665104526719,True,True
39401485,17.09000000,5.40000000,92.28600000,1665104526719,True,True
39401486,17.09000000,0.68000000,11.62120000,1665104526719,True,True
39401487,17.09000000,6.37000000,108.86330000,1665104579621,True,True
39401488,17.09000000,4.09000000,69.89810000,1665104592068,True,True
39401489,17.10000000,1.33000000,22.74300000,1665104859642,False,True
39401490,17.10000000,16.63000000,284.37300000,1665104868698,False,True
39401491,17.10000000,11.30000000,193.23000000,1665104868698,False,True
39401492,17.10000000,17.08000000,292.06800000,1665104868698,False,True
39401493,17.10000000,63.36000000,1083.45600000,1665104886858,True,True
39401494,17.10000000,28.38000000,485.29800000,1665104886858,True,True
39401495,17.09000000,11.87000000,202.85830000,1665104934890,True,True
39401496,17.09000000,21.25000000,363.16250000,1665104948512,True,True
39401497,17.10000000,4.26000000,72.84600000,1665104989893,True,True
39401498,17.10000000,9.39000000,160.56900000,1665104989950,True,True
39401499,17.10000000,2.29000000,39.15900000,1665105005924,True,True
39401500,17.10000000,31.29000000,535.05900000,1665105010695,True,True
39401501,17.10000000,7.77000000,132.86700000,1665105012525,True,True
39401502,17.10000000,42.51000000,726.92100000,1665105012525,True,True
39401503,17.10000000,55.00000000,940.50000000,1665105101433,True,True
39401504,17.10000000,28.38000000,485.29800000,1665105134259,False,True
39401505,17.10000000,11.40000000,194.94000000,1665105134259,False,True
39401506,17.10000000,11.35000000,194.08500000,1665105134271,False,True
39401507,17.10000000,12.79000000,218.70900000,1665105134277,False,True
39401508,17.11000000,2.53000000,43.28830000,1665105272954,False,True
39401509,17.10000000,1.00000000,17.10000000,1665105313456,True,True
39401510,17.10000000,14.82000000,253.42200000,1665105320521,False,True
39401511,17.10000000,28.38000000,485.29800000,1665105346516,True,True
39401512,17.10000000,31.91000000,545.66100000,1665105346516,True,True
39401513,17.10000000,0.95000000,16.24500000,1665105346567,True,True
39401514,17.10000000,54.05000000,924.25500000,1665105346569,True,True
39401515,17.10000000,7.71000000,131.84100000,1665105361834,False,True
39401516,17.10000000,28.38000000,485.29800000,1665105361834,False,True
39401517,17.10000000,8.74000000,149.45400000,1665105377025,True,True
39401518,17.10000000,28.38000000,485.29800000,1665105384005,True,True
39401519,17.10000000,0.62000000,10.60200000,1665105384005,True,True
39401520,17.10000000,2.94000000,50.27400000,1665105384080,True,True
39401521,17.10000000,7.09000000,121.23900000,1665105384425,True,True
39401522,17.09000000,7.09000000,121.16810000,1665105384572,True,True
39401523,17.09000000,11.43000000,195.33870000,1665105385590,True,True
39401524,17.09000000,48.05000000,821.17450000,1665105385590,True,True
39401525,17.09000000,1.14000000,19.48260000,1665105385701,True,True
39401526,17.09000000,1.14000000,19.48260000,1665105385703,True,True
39401527,17.09000000,1.14000000,19.48260000,1665105385704,True,True
39401528,17.09000000,1.14000000,19.48260000,1665105385706,True,True
39401529,17.09000000,1.14000000,19.48260000,1665105385707,True,True
39401530,17.09000000,1.14000000,19.48260000,1665105385708,True,True
39401531,17.09000000,8.48000000,144.92320000,1665105386123,True,True
39401532,17.09000000,40.73000000,696.07570000,1665105386123,True,True
39401533,17.09000000,16.02000000,273.78180000,1665105386123,True,True
39401534,17.09000000,11.24000000,192.09160000,1665105528726,True,True
39401535,17.09000000,7.57000000,129.37130000,1665105532137,True,True
39401536,17.09000000,20.89000000,357.01010000,1665105536574,True,True
39401537,17.09000000,1.00000000,17.09000000,1665105536574,True,True
39401538,17.09000000,11.62000000,198.58580000,1665105536574,True,True
39401539,17.09000000,6.16000000,105.27440000,1665105585302,True,True
39401540,17.10000000,17.63000000,301.47300000,1665105617659,False,True
39401541,17.10000000,10.75000000,183.82500000,1665105617662,False,True
39401542,17.10000000,8.11000000,138.68100000,1665105617662,False,True
39401543,17.10000000,1.00000000,17.10000000,1665105617662,False,True
39401544,17.11000000,2.34000000,40.03740000,1665105654512,False,True
39401545,17.11000000,3.58000000,61.25380000,1665105700045,False,True
39401546,17.11000000,49.08000000,839.75880000,1665105706482,False,True
39401547,17.11000000,1.01000000,17.28110000,1665105706482,False,True
39401548,17.11000000,1.75000000,29.94250000,1665105706482,False,True
39401549,17.11000000,2.90000000,49.61900000,1665105706482,False,True
39401550,17.11000000,3.01000000,51.50110000,1665105706482,False,True
39401551,17.11000000,1.62000000,27.71820000,1665105706482,False,True
39401552,17.11000000,59.45000000,1017.18950000,1665105706482,False,True
39401553,17.11000000,32.98000000,564.28780000,1665105706482,False,True
39401554,17.11000000,0.64000000,10.95040000,1665105706482,False,True
39401555,17.11000000,73.09000000,1250.56990000,1665105706482,False,True
39401556,17.11000000,81.63000000,1396.68930000,1665105706482,False,True
39401557,17.11000000,74.29000000,1271.10190000,1665105706482,False,True
39401558,17.11000000,10.30000000,176.23300000,1665105706482,False,True
39401559,17.11000000,43.13000000,737.95430000,1665105706482,False,True
39401560,17.11000000,92.00000000,1574.12000000,1665105706482,False,True
39401561,17.11000000,1.11000000,18.99210000,1665105706482,False,True
39401562,17.11000000,55.00000000,941.05000000,1665105706482,False,True
39401563,17.11000000,133.79000000,2289.14690000,1665105706482,False,True
39401564,17.11000000,5.50000000,94.10500000,1665105706482,False,True
39401565,17.11000000,83.94000000,1436.21340000,1665105706482,False,True
39401566,17.11000000,11.50000000,196.76500000,1665105706482,False,True
39401567,17.11000000,10.40000000,177.94400000,1665105706482,False,True
39401568,17.11000000,14.55000000,248.95050000,1665105706482,False,True
39401569,17.11000000,1.11000000,18.99210000,1665105706482,False,True
39401570,17.11000000,16.90000000,289.15900000,1665105706482,False,True
39401571,17.11000000,14.80000000,253.22800000,1665105706482,False,True
39401572,17.12000000,63.39000000,1085.23680000,1665105706510,False,True
39401573,17.12000000,20.56000000,351.98720000,1665105706510,False,True
39401574,17.12000000,18.05000000,309.01600000,1665105706510,False,True
39401575,17.12000000,4.84000000,82.86080000,1665105706510,False,True
39401576,17.12000000,5.38000000,92.10560000,1665105706512,False,True
39401577,17.12000000,1.23000000,21.05760000,1665105706512,False,True
39401578,17.12000000,3.30000000,56.49600000,1665105706512,False,True
39401579,17.12000000,15.37000000,263.13440000,1665105706512,False,True
39401580,17.12000000,0.62000000,10.61440000,1665105706518,False,True
39401581,17.12000000,1.00000000,17.12000000,1665105706520,False,True
39401582,17.12000000,2.59000000,44.34080000,1665105707042,False,True
39401583,17.12000000,45.26000000,774.85120000,1665105707042,False,True
39401584,17.12000000,6.45000000,110.42400000,1665105707051,False,True
39401585,17.12000000,15.41000000,263.81920000,1665105707055,False,True
39401586,17.12000000,2.29000000,39.20480000,1665105707095,True,True
39401587,17.12000000,20.52000000,351.30240000,1665105713094,True,True
39401588,17.13000000,0.62000000,10.62060000,1665105783067,False,True
39401589,17.13000000,5.44000000,93.18720000,1665105783134,False,True
39401590,17.13000000,4.57000000,78.28410000,1665105783137,False,True
39401591,17.13000000,1.05000000,17.98650000,1665105783150,False,True
39401592,17.13000000,1.03000000,17.64390000,1665105783150,False,True
39401593,17.13000000,2.92000000,50.01960000,1665105783150,False,True
39401594,17.13000000,3.30000000,56.52900000,1665105783150,False,True
39401595,17.13000000,2.59000000,44.36670000,1665105783150,False,True
39401596,17.13000000,28.38000000,486.14940000,1665105790735,True,True
39401597,17.13000000,7.62000000,130.53060000,1665105790735,True,True
39401598,17.13000000,36.00000000,616.68000000,1665105790802,True,True
39401599,17.13000000,23.04000000,394.67520000,1665105790871,True,True
39401600,17.13000000,12.20000000,208.98600000,1665105790871,True,True
39401601,17.13000000,55.00000000,942.15000000,1665105800110,True,True
39401602,17.12000000,10.28000000,175.99360000,1665105800110,True,True
39401603,17.12000000,28.38000000,485.86560000,1665105800110,True,True
39401604,17.12000000,29.52000000,505.38240000,1665105800110,True,True
39401605,17.13000000,5.89000000,100.89570000,1665105831723,False,True
39401606,17.13000000,23.35000000,399.98550000,1665105870771,False,True
39401607,17.13000000,27.52000000,471.41760000,1665105926071,False,True
39401608,17.13000000,9.28000000,158.96640000,1665105926071,False,True
39401609,17.13000000,23.35000000,399.98550000,1665106104728,True,True
39401610,17.14000000,7.15000000,122.55100000,1665106129592,False,True
39401611,17.13000000,8.58000000,146.97540000,1665106204394,True,True
39401612,17.13000000,27.80000000,476.21400000,1665106204394,True,True
39401613,17.13000000,10.96000000,187.74480000,1665106204394,True,True
39401614,17.14000000,0.83000000,14.22620000,1665106214560,False,True
39401615,17.14000000,0.89000000,15.25460000,1665106298138,False,True
39401616,17.13000000,1.08000000,18.50040000,1665106302667,True,True
39401617,17.14000000,19.63000000,336.45820000,1665106337940,False,True
39401618,17.13000000,23.03000000,394.50390000,1665106353289,True,True
39401619,17.13000000,28.72000000,491.97360000,1665106358239,True,True
39401620,17.13000000,10.27000000,175.92510000,1665106359489,True,True
39401621,17.13000000,24.82000000,425.16660000,1665106398565,True,True
39401622,17.13000000,47.79000000,818.64270000,1665106417354,True,True
39401623,17.12000000,23.47000000,401.80640000,1665106439110,True,True
39401624,17.12000000,10.88000000,186.26560000,1665106467886,True,True
39401625,17.11000000,2.70000000,46.19700000,1665106488103,True,True
39401626,17.11000000,3.30000000,56.46300000,1665106488103,True,True
39401627,17.11000000,2.59000000,44.31490000,1665106488103,True,True
39401628,17.11000000,8.86000000,151.59460000,1665106488103,True,True
39401629,17.11000000,8.20000000,140.30200000,1665106488103,True,True
39401630,17.11000000,55.00000000,941.05000000,1665106488103,True,True
39401631,17.11000000,5.40000000,92.39400000,1665106488136,False,True
39401632,17.11000000,3.37000000,57.66070000,1665106488510,False,True
39401633,17.11000000,5.85000000,100.09350000,1665106502367,False,True
39401634,17.11000000,14.11000000,241.42210000,1665106523765,False,True
39401635,17.11000000,9.28000000,158.78080000,1665106523765,False,True
39401636,17.11000000,5.50000000,94.10500000,1665106523765,False,True
39401637,17.11000000,57.09000000,976.80990000,1665106523765,False,True
39401638,17.11000000,13.12000000,224.48320000,1665106523765,False,True
39401639,17.11000000,73.98000000,1265.79780000,1665106523765,False,True
39401640,17.11000000,55.00000000,941.05000000,1665106523765,False,True
39401641,17.11000000,37.52000000,641.96720000,1665106523834,True,True
39401642,17.11000000,27.54000000,471.20940000,1665106523834,True,True
39401643,17.11000000,1.40000000,23.95400000,1665106591747,False,True
39401644,17.10000000,19.69000000,336.69900000,1665106612161,True,True
39401645,17.12000000,0.58000000,9.92960000,1665106692903,False,True
39401646,17.12000000,0.61000000,10.44320000,1665106752519,False,True
39401647,17.12000000,0.72000000,12.32640000,1665106804634,False,True
39401648,17.12000000,2.70000000,46.22400000,1665106804634,False,True
39401649,17.13000000,17.51000000,299.94630000,1665106804657,False,True
39401650,17.13000000,4.52000000,77.42760000,1665106848201,False,True
39401651,17.13000000,6.52000000,111.68760000,1665106889159,False,True
39401652,17.12000000,48.55000000,831.17600000,1665106907072,True,True
39401653,17.12000000,39.18000000,670.76160000,1665106907072,True,True
39401654,17.12000000,27.04000000,462.92480000,1665106907072,True,True
39401655,17.12000000,2.60000000,44.51200000,1665106993670,True,True
39401656,17.12000000,9.50000000,162.64000000,1665107063599,True,True
39401657,17.13000000,3.30000000,56.52900000,1665107065183,False,True
39401658,17.13000000,2.59000000,44.36670000,1665107065183,False,True
39401659,17.14000000,16.92000000,290.00880000,1665107065201,False,True
39401660,17.13000000,58.12000000,995.59560000,1665107101618,True,True
39401661,17.12000000,18.99000000,325.10880000,1665107101619,True,True
39401662,17.12000000,10.01000000,171.37120000,1665107101619,True,True
39401663,17.13000000,0.87000000,14.90310000,1665107125313,False,True
39401664,17.12000000,2.22000000,38.00640000,1665107166663,True,True
39401665,17.12000000,70.41000000,1205.41920000,1665107232061,True,True
39401666,17.12000000,7.55000000,129.25600000,1665107380659,True,True
39401667,17.12000000,53.64000000,918.31680000,1665107380659,True,True
39401668,17.12000000,19.92000000,341.03040000,1665107380659,True,True
39401669,17.12000000,24.50000000,419.44000000,1665107380670,True,True
39401670,17.12000000,13.43000000,229.92160000,1665107380678,True,True
39401671,17.12000000,1.98000000,33.89760000,1665107380678,True,True
39401672,17.12000000,1.03000000,17.63360000,1665107380698,True,True
39401673,17.12000000,5.44000000,93.13280000,1665107380698,True,True
39401674,17.12000000,1.03000000,17.63360000,1665107380700,True,True
39401675,17.12000000,5.44000000,93.13280000,1665107380701,True,True
39401676,17.12000000,1.03000000,17.63360000,1665107380704,True,True
39401677,17.12000000,23.69000000,405.57280000,1665107380712,True,True
39401678,17.12000000,7.14000000,122.23680000,1665107380712,True,True
39401679,17.12000000,10.00000000,171.20000000,1665107380712,True,True
39401680,17.11000000,2.70000000,46.19700000,1665107536294,True,True
39401681,17.11000000,29.95000000,512.44450000,1665107614708,True,True
39401682,17.11000000,49.00000000,838.39000000,1665107614708,True,True
39401683,17.11000000,6.00000000,102.66000000,1665107728827,True,True
39401684,17.11000000,3.33000000,56.97630000,1665107728827,True,True
39401685,17.11000000,1.10000000,18.82100000,1665107829566,True,True
39401686,17.11000000,9.28000000,158.78080000,1665107831177,True,True
39401687,17.11000000,37.46000000,640.94060000,1665107831243,True,True
39401688,17.11000000,35.48000000,607.06280000,1665107865489,False,True
39401689,17.11000000,35.48000000,607.06280000,1665107949641,True,True
39401690,17.11000000,25.62000000,438.35820000,1665107949641,True,True
39401691,17.11000000,28.63000000,489.85930000,1665107949647,True,True
39401692,17.11000000,55.00000000,941.05000000,1665107949647,True,True
39401693,17.10000000,35.31000000,603.80100000,1665107949647,True,True
39401694,17.10000000,14.00000000,239.40000000,1665107949647,True,True
39401695,17.11000000,0.93000000,15.91230000,1665108002982,False,True
39401696,17.11000000,47.36000000,810.32960000,1665108006368,False,True
39401697,17.11000000,35.48000000,607.06280000,1665108010824,False,True
39401698,17.12000000,13.43000000,229.92160000,1665108010967,False,True
39401699,17.12000000,0.73000000,12.49760000,1665108024446,False,True
39401700,17.12000000,6.13000000,104.94560000,1665108031588,False,True
39401701,17.12000000,38.76000000,663.57120000,1665108031588,False,True
39401702,17.12000000,1.20000000,20.54400000,1665108045368,False,True
39401703,17.11000000,0.83000000,14.20130000,1665108073944,False,True
39401704,17.10000000,0.64000000,10.94400000,1665108085896,True,True
39401705,17.10000000,3.30000000,56.43000000,1665108085896,True,True
39401706,17.10000000,9.28000000,158.68800000,1665108085896,True,True
39401707,17.10000000,10.07000000,172.19700000,1665108085896,True,True
39401708,17.10000000,2.59000000,44.28900000,1665108085896,True,True
39401709,17.10000000,16.90000000,288.99000000,1665108085896,True,True
39401710,17.10000000,37.32000000,638.17200000,1665108085896,True,True
39401711,17.10000000,35.48000000,606.70800000,1665108145703,True,True
39401712,17.10000000,8.01000000,136.97100000,1665108145703,True,True
39401713,17.10000000,21.56000000,368.67600000,1665108145703,True,True
39401714,17.10000000,11.69000000,199.89900000,1665108145888,True,True
39401715,17.09000000,1.03000000,17.60270000,1665108168466,True,True
39401716,17.09000000,46.44000000,793.65960000,1665108168466,True,True
39401717,17.09000000,5.40000000,92.28600000,1665108168466,True,True
39401718,17.09000000,3.30000000,56.39700000,1665108168466,True,True
39401719,17.09000000,2.59000000,44.26310000,1665108168466,True,True
39401720,17.09000000,2.10000000,35.88900000,1665108188651,False,True
39401721,17.09000000,2.29000000,39.13610000,1665108197242,False,True
39401722,17.09000000,2.29000000,39.13610000,1665108199044,False,True
39401723,17.09000000,2.29000000,39.13610000,1665108209418,False,True
39401724,17.09000000,13.06000000,223.19540000,1665108255873,False,True
39401725,17.09000000,13.45000000,229.86050000,1665108256700,False,True
39401726,17.09000000,4.65000000,79.46850000,1665108256700,False,True
39401727,17.09000000,11.53000000,197.04770000,1665108256700,False,True
39401728,17.09000000,11.69000000,199.78210000,1665108257032,False,True
39401729,17.09000000,44.83000000,766.14470000,1665108257124,False,True
39401730,17.09000000,29.38000000,502.10420000,1665108258932,False,True
39401731,17.09000000,11.69000000,199.78210000,1665108259172,False,True
39401732,17.09000000,1.98000000,33.83820000,1665108259247,False,True
39401733,17.09000000,29.00000000,495.61000000,1665108259412,False,True
39401734,17.09000000,3.11000000,53.14990000,1665108285900,False,True
39401735,17.09000000,2.29000000,39.13610000,1665108286368,False,True
39401736,17.09000000,38.19000000,652.66710000,1665108312699,False,True
39401737,17.09000000,107.12000000,1830.68080000,1665108312715,False,True
39401738,17.09000000,115.81000000,1979.19290000,1665108312716,False,True
39401739,17.09000000,6.13000000,104.76170000,1665108312742,False,True
39401740,17.09000000,3.07000000,52.46630000,1665108312744,False,True
39401741,17.09000000,4.81000000,82.20290000,1665108313240,False,True
39401742,17.09000000,4.89000000,83.57010000,1665108313247,False,True
39401743,17.09000000,24.69000000,421.95210000,1665108327227,False,True
39401744,17.09000000,4.64000000,79.29760000,1665108327227,False,True
39401745,17.09000000,0.32000000,5.46880000,1665108327227,False,True
39401746,17.09000000,39.00000000,666.51000000,1665108355218,False,True
39401747,17.09000000,12.80000000,218.75200000,1665108382936,False,True
39401748,17.09000000,2.88000000,49.21920000,1665108387717,False,True
39401749,17.09000000,15.57000000,266.09130000,1665108387717,False,True
39401750,17.09000000,0.89000000,15.21010000,1665108387877,False,True
39401751,17.09000000,9.21000000,157.39890000,1665108399803,False,True
39401752,17.09000000,18.13000000,309.84170000,1665108401318,False,True
39401753,17.09000000,15.57000000,266.09130000,1665108410767,False,True
39401754,17.09000000,55.00000000,939.95000000,1665108410767,False,True
39401755,17.08000000,0.62000000,10.58960000,1665108447622,True,True
39401756,17.08000000,0.41000000,7.00280000,1665108447622,True,True
39401757,17.08000000,0.69000000,11.78520000,1665108447622,True,True
39401758,17.08000000,0.47000000,8.02760000,1665108447622,True,True
39401759,17.08000000,0.17000000,2.90360000,1665108447664,True,True
39401760,17.08000000,3.30000000,56.36400000,1665108447664,True,True
39401761,17.08000000,22.66000000,387.03280000,1665108447664,True,True
39401762,17.08000000,12.38000000,211.45040000,1665108447792,True,True
39401763,17.08000000,2.59000000,44.23720000,1665108447792,True,True
39401764,17.07000000,1.04000000,17.75280000,1665108575487,True,True
39401765,17.07000000,0.71000000,12.11970000,1665108575487,True,True
39401766,17.07000000,1.28000000,21.84960000,1665108575487,True,True
39401767,17.07000000,0.71000000,12.11970000,1665108575487,True,True
39401768,17.07000000,1.21000000,20.65470000,1665108575487,True,True
39401769,17.07000000,5.27000000,89.95890000,1665108575487,True,True
39401770,17.07000000,5.40000000,92.17800000,1665108575487,True,True
39401771,17.07000000,10.40000000,177.52800000,1665108575487,True,True
39401772,17.07000000,14.80000000,252.63600000,1665108575487,True,True
39401773,17.07000000,3.30000000,56.33100000,1665108575487,True,True
39401774,17.07000000,0.59000000,10.07130000,1665108575487,True,True
39401775,17.07000000,2.59000000,44.21130000,1665108575487,True,True
39401776,17.07000000,6.43000000,109.76010000,1665108576366,False,True
39401777,17.06000000,6.69000000,114.13140000,1665108637977,True,True
39401778,17.07000000,41.42000000,707.03940000,1665108673350,False,True
39401779,17.07000000,16.60000000,283.36200000,1665108673350,False,True
39401780,17.07000000,2.29000000,39.09030000,1665108709961,False,True
39401781,17.07000000,2.29000000,39.09030000,1665108731424,False,True
39401782,17.06000000,28.00000000,477.68000000,1665108731827,True,True
39401783,17.07000000,1.91000000,32.60370000,1665108790900,False,True
39401784,17.07000000,34.99000000,597.27930000,1665108790900,False,True
39401785,17.07000000,1.08000000,18.43560000,1665108861333,False,True
39401786,17.07000000,13.20000000,225.32400000,1665108907511,False,True
39401787,17.07000000,13.46000000,229.76220000,1665108925302,False,True
39401788,17.07000000,17.83000000,304.35810000,1665108925302,False,True
39401789,17.07000000,3.97000000,67.76790000,1665108925734,False,True
39401790,17.07000000,5.29000000,90.30030000,1665108925841,False,True
39401791,17.07000000,25.07000000,427.94490000,1665108926569,False,True
39401792,17.07000000,31.44000000,536.68080000,1665108945473,False,True
39401793,17.06000000,0.88000000,15.01280000,1665109039541,True,True
39401794,17.07000000,14.00000000,238.98000000,1665109075544,False,True
39401795,17.07000000,2.40000000,40.96800000,1665109084361,False,True
39401796,17.07000000,1.72000000,29.36040000,1665109084361,False,True
39401797,17.07000000,2.70000000,46.08900000,1665109084361,False,True
39401798,17.08000000,29.27000000,499.93160000,1665109085340,False,True
39401799,17.08000000,25.73000000,439.46840000,1665109085547,False,True
39401800,17.08000000,55.00000000,939.40000000,1665109085547,False,True
39401801,17.08000000,10.43000000,178.14440000,1665109085547,False,True
39401802,17.08000000,57.19000000,976.80520000,1665109085547,False,True
39401803,17.08000000,8.92000000,152.35360000,1665109085547,False,True
39401804,17.08000000,81.76000000,1396.46080000,1665109085547,False,True
39401805,17.08000000,20.00000000,341.60000000,1665109085547,False,True
39401806,17.08000000,3.30000000,56.36400000,1665109085547,False,True
39401807,17.08000000,126.67000000,2163.52360000,1665109085547,False,True
39401808,17.08000000,2.59000000,44.23720000,1665109085547,False,True
39401809,17.08000000,4.26000000,72.76080000,1665109085547,False,True
39401810,17.08000000,1.11000000,18.95880000,1665109085550,False,True
39401811,17.08000000,1.11000000,18.95880000,1665109085550,False,True
39401812,17.08000000,22.90000000,391.13200000,1665109085550,False,True
39401813,17.08000000,6.96000000,118.87680000,1665109085550,False,True
39401814,17.08000000,5.50000000,93.94000000,1665109085550,False,True
39401815,17.09000000,15.21000000,259.93890000,1665109085591,False,True
39401816,17.08000000,16.94000000,289.33520000,1665109085666,True,True
39401817,17.08000000,9.60000000,163.96800000,1665109085865,True,True
39401818,17.09000000,15.20000000,259.76800000,1665109127172,False,True
39401819,17.09000000,24.59000000,420.24310000,1665109148465,False,True
39401820,17.09000000,2.92000000,49.90280000,1665109148465,False,True
39401821,17.09000000,2.15000000,36.74350000,1665109148465,False,True
39401822,17.09000000,4.63000000,79.12670000,1665109148601,False,True
39401823,17.09000000,3.30000000,56.39700000,1665109148601,False,True
39401824,17.09000000,2.59000000,44.26310000,1665109148601,False,True
39401825,17.10000000,0.58000000,9.91800000,1665109196299,False,True
39401826,17.10000000,36.23000000,619.53300000,1665109202848,False,True
39401827,17.10000000,1.00000000,17.10000000,1665109225470,False,True
39401828,17.09000000,2.97000000,50.75730000,1665109274307,True,True
39401829,17.09000000,6.69000000,114.33210000,1665109276110,True,True
39401830,17.11000000,0.62000000,10.60820000,1665109323340,False,True
39401831,17.10000000,74.81000000,1279.25100000,1665109344330,True,True
39401832,17.10000000,18.07000000,308.99700000,1665109344330,True,True
39401833,17.10000000,17.42000000,297.88200000,1665109367295,True,True
39401834,17.10000000,25.81000000,441.35100000,1665109367295,True,True
39401835,17.10000000,23.80000000,406.98000000,1665109367295,True,True
39401836,17.10000000,35.49000000,606.87900000,1665109430402,False,True
39401837,17.10000000,55.00000000,940.50000000,1665109430402,False,True
39401838,17.10000000,11.37000000,194.42700000,1665109469348,True,True
39401839,17.11000000,0.71000000,12.14810000,1665109477722,False,True
39401840,17.10000000,24.11000000,412.28100000,1665109493429,True,True
39401841,17.10000000,6.38000000,109.09800000,1665109493429,True,True
39401842,17.10000000,8.70000000,148.77000000,1665109516096,True,True
39401843,17.10000000,12.61000000,215.63100000,1665109524735,True,True
39401844,17.10000000,6.43000000,109.95300000,1665109525714,True,True
39401845,17.10000000,6.08000000,103.96800000,1665109526038,True,True
39401846,17.10000000,2.29000000,39.15900000,1665109526134,True,True
39401847,17.10000000,17.00000000,290.70000000,1665109532723,True,True
39401848,17.10000000,17.00000000,290.70000000,1665109532820,True,True
39401849,17.10000000,14.19000000,242.64900000,1665109532910,True,True
39401850,17.10000000,15.55000000,265.90500000,1665109533022,True,True
39401851,17.10000000,4.32000000,73.87200000,1665109533083,True,True
39401852,17.10000000,3.94000000,67.37400000,1665109533226,True,True
39401853,17.10000000,2.29000000,39.15900000,1665109549921,False,True
39401854,17.11000000,36.05000000,616.81550000,1665109593028,False,True
39401855,17.11000000,1.04000000,17.79440000,1665109593028,False,True
39401856,17.11000000,3.30000000,56.46300000,1665109593028,False,True
39401857,17.11000000,2.59000000,44.31490000,1665109593028,False,True
39401858,17.11000000,19.43000000,332.44730000,1665109593028,False,True
39401859,17.11000000,15.19000000,259.90090000,1665109593044,False,True
39401860,17.11000000,2.29000000,39.18190000,1665109600475,True,True
39401861,17.10000000,3.63000000,62.07300000,1665109626250,True,True
39401862,17.11000000,3.64000000,62.28040000,1665109646916,False,True
39401863,17.11000000,2.59000000,44.31490000,1665109671272,False,True
39401864,17.11000000,5.35000000,91.53850000,1665109671291,False,True
39401865,17.11000000,5.35000000,91.53850000,1665109671304,False,True
39401866,17.11000000,20.28000000,346.99080000,1665109671318,False,True
39401867,17.11000000,55.00000000,941.05000000,1665109671327,False,True
39401868,17.11000000,0.01000000,0.17110000,1665109671327,False,True
39401869,17.12000000,15.04000000,257.48480000,1665109683330,False,True
39401870,17.12000000,21.66000000,370.81920000,1665109683330,False,True
39401871,17.12000000,0.62000000,10.61440000,1665109688142,False,True
39401872,17.12000000,4.64000000,79.43680000,1665109691422,False,True
39401873,17.11000000,2.91000000,49.79010000,1665109717857,True,True
39401874,17.11000000,32.57000000,557.27270000,1665109717961,True,True
39401875,17.11000000,7.40000000,126.61400000,1665109717961,True,True
39401876,17.11000000,4.64000000,79.39040000,1665109728051,True,True
39401877,17.11000000,18.79000000,321.49690000,1665109744627,True,True
39401878,17.10000000,5.00000000,85.50000000,1665109769488,True,True
39401879,17.11000000,21.59000000,369.40490000,1665109861480,False,True
39401880,17.11000000,15.76000000,269.65360000,1665109861483,False,True
39401881,17.11000000,35.75000000,611.68250000,1665109861485,False,True
39401882,17.11000000,3.49000000,59.71390000,1665109861491,False,True
39401883,17.11000000,2.29000000,39.18190000,1665109897635,False,True
39401884,17.11000000,2.29000000,39.18190000,1665109904960,False,True
39401885,17.11000000,5.00000000,85.55000000,1665109922170,False,True
39401886,17.11000000,9.32000000,159.46520000,1665109922170,False,True
39401887,17.12000000,0.83000000,14.20960000,1665109993845,False,True
39401888,17.12000000,3.16000000,54.09920000,1665110004334,False,True
39401889,17.12000000,2.55000000,43.65600000,1665110014215,False,True
39401890,17.11000000,2.29000000,39.18190000,1665110058818,True,True
39401891,17.11000000,2.29000000,39.18190000,1665110058954,True,True
39401892,17.11000000,50.42000000,862.68620000,1665110180881,True,True
39401893,17.11000000,55.00000000,941.05000000,1665110180881,True,True
39401894,17.11000000,1.66000000,28.40260000,1665110180881,True,True
39401895,17.11000000,4.38000000,74.94180000,1665110180885,True,True
39401896,17.11000000,8.64000000,147.83040000,1665110180885,True,True
39401897,17.11000000,13.95000000,238.68450000,1665110180885,True,True
39401898,17.11000000,68.72000000,1175.79920000,1665110208603,False,True
39401899,17.12000000,50.24000000,860.10880000,1665110263679,False,True
39401900,17.12000000,11.64000000,199.27680000,1665110263716,False,True
39401901,17.12000000,16.35000000,279.91200000,1665110263804,False,True
39401902,17.12000000,4.54000000,77.72480000,1665110263825,False,True
39401903,17.12000000,36.05000000,617.17600000,1665110263843,False,True
39401904,17.12000000,5.40000000,92.44800000,1665110263847,False,True
39401905,17.12000000,139.56000000,2389.26720000,1665110263886,False,True
39401906,17.12000000,8.25000000,141.24000000,1665110264329,False,True
39401907,17.12000000,7.24000000,123.94880000,1665110264348,False,True
39401908,17.12000000,58.43000000,1000.32160000,1665110264577,False,True
39401909,17.11000000,33.83000000,578.83130000,1665110277396,True,True
39401910,17.11000000,25.44000000,435.27840000,1665110277396,True,True
39401911,17.12000000,16.26000000,278.37120000,1665110298957,False,True
39401912,17.12000000,63.81000000,1092.42720000,1665110298967,False,True
39401913,17.12000000,11.43000000,195.68160000,1665110298970,False,True
39401914,17.12000000,10.00000000,171.20000000,1665110298976,False,True
39401915,17.12000000,15.73000000,269.29760000,1665110298976,False,True
39401916,17.12000000,8.13000000,139.18560000,1665110298986,False,True
39401917,17.12000000,11.68000000,199.96160000,1665110298990,False,True
39401918,17.12000000,21.98000000,376.29760000,1665110298996,False,True
39401919,17.12000000,53.76000000,920.37120000,1665110299023,False,True
39401920,17.12000000,1.03000000,17.63360000,1665110299023,False,True
39401921,17.12000000,0.71000000,12.15520000,1665110299023,False,True
39401922,17.12000000,1.28000000,21.91360000,1665110299023,False,True
39401923,17.12000000,3.30000000,56.49600000,1665110299023,False,True
39401924,17.12000000,2.59000000,44.34080000,1665110299023,False,True
39401925,17.12000000,5.26000000,90.05120000,1665110299044,True,True
39401926,17.13000000,33.97000000,581.90610000,1665110299052,False,True
39401927,17.13000000,1.03000000,17.64390000,1665110319185,False,True
39401928,17.14000000,1.03000000,17.65420000,1665110351384,False,True
39401929,17.14000000,0.69000000,11.82660000,1665110351384,False,True
39401930,17.14000000,3.30000000,56.56200000,1665110351384,False,True
39401931,17.14000000,2.59000000,44.39260000,1665110351384,False,True
39401932,17.15000000,8.13000000,139.42950000,1665110351384,False,True
39401933,17.14000000,5.58000000,95.64120000,1665110351582,True,True
39401934,17.14000000,2.18000000,37.36520000,1665110399128,True,True
39401935,17.15000000,2.00000000,34.30000000,1665110436049,False,True
39401936,17.15000000,6.85000000,117.47750000,1665110440197,False,True
39401937,17.15000000,41.15000000,705.72250000,1665110454133,False,True
39401938,17.15000000,1.03000000,17.66450000,1665110454133,False,True
39401939,17.15000000,1.28000000,21.95200000,1665110454133,False,True
39401940,17.15000000,6.54000000,112.16100000,1665110454133,False,True
39401941,17.14000000,0.82000000,14.05480000,1665110458101,True,True
39401942,17.14000000,31.29000000,536.31060000,1665110473438,True,True
39401943,17.14000000,2.29000000,39.25060000,1665110474120,True,True
39401944,17.14000000,43.03000000,737.53420000,1665110474883,True,True
39401945,17.14000000,109.31000000,1873.57340000,1665110492456,True,True
39401946,17.14000000,55.00000000,942.70000000,1665110492456,True,True
39401947,17.14000000,45.70000000,783.29800000,1665110492456,True,True
39401948,17.14000000,107.61000000,1844.43540000,1665110492456,True,True
39401949,17.14000000,28.73000000,492.43220000,1665110492456,True,True
39401950,17.15000000,0.89000000,15.26350000,1665110502599,False,True
39401951,17.15000000,0.58000000,9.94700000,1665110514266,False,True
39401952,17.15000000,1.82000000,31.21300000,1665110516415,False,True
39401953,17.14000000,55.00000000,942.70000000,1665110539470,True,True
39401954,17.14000000,35.48000000,608.12720000,1665110604229,False,True
39401955,17.14000000,60.78000000,1041.76920000,1665110604229,False,True
39401956,17.14000000,2.39000000,40.96460000,1665110605989,False,True
39401957,17.14000000,19.75000000,338.51500000,1665110668674,False,True
39401958,17.15000000,5.17000000,88.66550000,1665110695591,False,True
39401959,17.15000000,0.71000000,12.17650000,1665110695591,False,True
39401960,17.15000000,1.21000000,20.75150000,1665110695591,False,True
39401961,17.15000000,10.98000000,188.30700000,1665110695591,False,True
39401962,17.14000000,0.82000000,14.05480000,1665110698504,True,True
39401963,17.15000000,24.50000000,420.17500000,1665110711316,False,True
39401964,17.15000000,8.63000000,148.00450000,1665110711316,False,True
39401965,17.15000000,15.20000000,260.68000000,1665110711316,False,True
39401966,17.14000000,8.62000000,147.74680000,1665110723498,True,True
39401967,17.14000000,55.00000000,942.70000000,1665110723498,True,True
39401968,17.14000000,35.48000000,608.12720000,1665110723498,True,True
39401969,17.13000000,8.62000000,147.66060000,1665110740151,False,True
39401970,17.13000000,29.96000000,513.21480000,1665110740151,False,True
39401971,17.13000000,16.19000000,277.33470000,1665110740158,False,True
39401972,17.13000000,15.96000000,273.39480000,1665110740159,False,True
39401973,17.13000000,27.76000000,475.52880000,1665110740164,False,True
39401974,17.13000000,10.97000000,187.91610000,1665110740165,False,True
39401975,17.13000000,15.24000000,261.06120000,1665110740167,False,True
39401976,17.13000000,59.22000000,1014.43860000,1665110740168,False,True
39401977,17.13000000,91.28000000,1563.62640000,1665110740168,False,True
39401978,17.13000000,64.80000000,1110.02400000,1665110740168,False,True
39401979,17.13000000,13.79000000,236.22270000,1665110740168,False,True
39401980,17.13000000,50.83000000,870.71790000,1665110740168,False,True
39401981,17.13000000,2.38000000,40.76940000,1665110787837,True,True
39401982,17.14000000,11.25000000,192.82500000,1665110815004,False,True
39401983,17.14000000,6.42000000,110.03880000,1665110815898,True,True
39401984,17.14000000,6.42000000,110.03880000,1665110815898,True,True
39401985,17.14000000,55.00000000,942.70000000,1665110882114,False,True
39401986,17.14000000,55.00000000,942.70000000,1665110882114,False,True
39401987,17.14000000,62.48000000,1070.90720000,1665110882114,False,True
39401988,17.15000000,97.34000000,1669.38100000,1665110882114,False,True
39401989,17.15000000,31.90000000,547.08500000,1665110882114,False,True
39401990,17.14000000,55.00000000,942.70000000,1665110882188,True,True
39401991,17.14000000,6.78000000,116.20920000,1665110882188,True,True
39401992,17.14000000,1.41000000,24.16740000,1665110907380,True,True
39401993,17.14000000,35.48000000,608.12720000,1665110910251,True,True
39401994,17.14000000,11.60000000,198.82400000,1665110910251,True,True
39401995,17.14000000,34.62000000,593.38680000,1665110910251,True,True
39401996,17.14000000,20.38000000,349.31320000,1665110910290,True,True
39401997,17.14000000,2.47000000,42.33580000,1665110910290,True,True
39401998,17.14000000,1.46000000,25.02440000,1665110912195,False,True
39401999,17.14000000,34.02000000,583.10280000,1665110914559,False,True
39402000,17.14000000,4.01000000,68.73140000,1665110914559,False,True
39402001,17.14000000,35.48000000,608.12720000,1665110930375,True,True
39402002,17.14000000,8.44000000,144.66160000,1665110930375,True,True
39402003,17.14000000,14.08000000,241.33120000,1665110930450,True,True
39402004,17.14000000,24.10000000,413.07400000,1665110932858,True,True
39402005,17.13000000,87.39000000,1496.99070000,1665111017857,True,True
39402006,17.13000000,28.52000000,488.54760000,1665111017857,True,True
39402007,17.13000000,85.11000000,1457.93430000,1665111056218,True,True
39402008,17.13000000,6.89000000,118.02570000,1665111056222,True,True
39402009,17.13000000,3.12000000,53.44560000,1665111056222,True,True
39402010,17.13000000,29.17000000,499.68210000,1665111056222,True,True
39402011,17.13000000,54.77000000,938.21010000,1665111056222,True,True
39402012,17.13000000,9.97000000,170.78610000,1665111056225,True,True
39402013,17.13000000,10.00000000,171.30000000,1665111056225,True,True
39402014,17.13000000,18.06000000,309.36780000,1665111056225,True,True
39402015,17.13000000,55.73000000,954.65490000,1665111056241,True,True
39402016,17.13000000,17.49000000,299.60370000,1665111056241,True,True
39402017,17.13000000,10.78000000,184.66140000,1665111056241,True,True
39402018,17.13000000,6.71000000,114.94230000,1665111056250,True,True
39402019,17.13000000,30.00000000,513.90000000,1665111056250,True,True
39402020,17.13000000,2.42000000,41.45460000,1665111142583,False,True
39402021,17.13000000,55.00000000,942.15000000,1665111171052,False,True
39402022,17.13000000,55.00000000,942.15000000,1665111171052,False,True
39402023,17.13000000,8.62000000,147.66060000,1665111171098,True,True
39402024,17.13000000,48.24000000,826.35120000,1665111171098,True,True
39402025,17.13000000,29.18000000,499.85340000,1665111241168,False,True
39402026,17.13000000,5.84000000,100.03920000,1665111255099,False,True
39402027,17.13000000,23.34000000,399.81420000,1665111255099,False,True
39402028,17.12000000,3.47000000,59.40640000,1665111286730,True,True
39402029,17.12000000,60.02000000,1027.54240000,1665111407795,True,True
39402030,17.12000000,49.42000000,846.07040000,1665111407795,True,True
39402031,17.12000000,5.84000000,99.98080000,1665111407795,True,True
39402032,17.12000000,17.50000000,299.60000000,1665111407795,True,True
39402033,17.12000000,17.50000000,299.60000000,1665111407795,True,True
39402034,17.12000000,108.00000000,1848.96000000,1665111407795,True,True
39402035,17.12000000,5.74000000,98.26880000,1665111486194,True,True
39402036,17.12000000,1.00000000,17.12000000,1665111581288,True,True
39402037,17.12000000,47.36000000,810.80320000,1665111604418,True,True
39402038,17.13000000,2.29000000,39.22770000,1665111609662,False,True
39402039,17.12000000,25.41000000,435.01920000,1665111610219,True,True
39402040,17.12000000,42.00000000,719.04000000,1665111610219,True,True
39402041,17.13000000,13.38000000,229.19940000,1665111613008,False,True
39402042,17.13000000,10.65000000,182.43450000,1665111613009,False,True
39402043,17.13000000,14.40000000,246.67200000,1665111613009,False,True
39402044,17.13000000,14.28000000,244.61640000,1665111613011,False,True
39402045,17.13000000,27.90000000,477.92700000,1665111613011,False,True
39402046,17.13000000,13.74000000,235.36620000,1665111613015,False,True
39402047,17.13000000,9.87000000,169.07310000,1665111613015,False,True
39402048,17.12000000,20.91000000,357.97920000,1665111644727,False,True
39402049,17.12000000,9.48000000,162.29760000,1665111644735,False,True
39402050,17.12000000,5.09000000,87.14080000,1665111644738,False,True
39402051,17.12000000,5.35000000,91.59200000,1665111644738,False,True
39402052,17.12000000,12.74000000,218.10880000,1665111644738,False,True
39402053,17.12000000,5.76000000,98.61120000,1665111644740,False,True
39402054,17.13000000,5.84000000,100.03920000,1665111657468,False,True
39402055,17.13000000,39.77000000,681.26010000,1665111657468,False,True
39402056,17.12000000,5.67000000,97.07040000,1665111657813,True,True
39402057,17.13000000,7.91000000,135.49830000,1665111962900,False,True
39402058,17.13000000,8.24000000,141.15120000,1665111962927,False,True
39402059,17.13000000,42.64000000,730.42320000,1665111962954,False,True
39402060,17.14000000,0.83000000,14.22620000,1665111974393,False,True
39402061,17.14000000,3.62000000,62.04680000,1665111979314,False,True
39402062,17.14000000,1.27000000,21.76780000,1665112029320,False,True
39402063,17.14000000,10.53000000,180.48420000,1665112029320,False,True
39402064,17.14000000,1.20000000,20.56800000,1665112029320,False,True
39402065,17.14000000,53.80000000,922.13200000,1665112029325,False,True
39402066,17.15000000,3.30000000,56.59500000,1665112029375,False,True
39402067,17.15000000,5.82000000,99.81300000,1665112029375,False,True
39402068,17.15000000,4.29000000,73.57350000,1665112029375,False,True
39402069,17.15000000,0.78000000,13.37700000,1665112056154,False,True
39402070,17.15000000,39.40000000,675.71000000,1665112062555,False,True
39402071,17.14000000,17.49000000,299.77860000,1665112066342,True,True
39402072,17.14000000,6.05000000,103.69700000,1665112098801,True,True
39402073,17.15000000,9.82000000,168.41300000,1665112110766,False,True
39402074,17.15000000,20.00000000,343.00000000,1665112110766,False,True
39402075,17.15000000,35.00000000,600.25000000,1665112295099,False,True
39402076,17.15000000,42.89000000,735.56350000,1665112295099,False,True
39402077,17.15000000,56.56000000,970.00400000,1665112295214,True,True
39402078,17.15000000,59.99000000,1028.82850000,1665112296107,True,True
39402079,17.15000000,8.21000000,140.80150000,1665112296682,True,True
39402080,17.15000000,39.93000000,684.79950000,1665112296682,True,True
39402081,17.15000000,35.80000000,613.97000000,1665112364226,False,True
39402082,17.15000000,33.90000000,581.38500000,1665112364226,False,True
39402083,17.15000000,21.10000000,361.86500000,1665112372680,False,True
39402084,17.15000000,5.21000000,89.35150000,1665112372680,False,True
39402085,17.14000000,0.58000000,9.94120000,1665112430839,False,True
39402086,17.14000000,2.00000000,34.28000000,1665112478774,False,True
39402087,17.14000000,0.91000000,15.59740000,1665112565247,False,True
39402088,17.13000000,14.00000000,239.82000000,1665112603415,True,True
39402089,17.14000000,2.50000000,42.85000000,1665112621307,False,True
39402090,17.14000000,47.50000000,814.15000000,1665112621307,False,True
39402091,17.13000000,26.29000000,450.34770000,1665112701929,True,True
39402092,17.13000000,5.83000000,99.86790000,1665112701929,True,True
39402093,17.13000000,5.77000000,98.84010000,1665112701929,True,True
39402094,17.13000000,26.00000000,445.38000000,1665112701929,True,True
39402095,17.13000000,5.82000000,99.69660000,1665112701929,True,True
39402096,17.13000000,19.43000000,332.83590000,1665112701929,True,True
39402097,17.13000000,1.09000000,18.67170000,1665112701932,True,True
39402098,17.13000000,11.50000000,196.99500000,1665112701932,True,True
39402099,17.13000000,5.50000000,94.21500000,1665112701932,True,True
39402100,17.13000000,5.80000000,99.35400000,1665112701932,True,True
39402101,17.13000000,29.17000000,499.68210000,1665112701932,True,True
39402102,17.13000000,14.64000000,250.78320000,1665112701932,True,True
39402103,17.13000000,47.53000000,814.18890000,1665112701934,True,True
39402104,17.13000000,26.75000000,458.22750000,1665112701934,True,True
39402105,17.13000000,53.80000000,921.59400000,1665112701943,True,True
39402106,17.13000000,27.35000000,468.50550000,1665112701949,True,True
39402107,17.13000000,50.83000000,870.71790000,1665112701954,True,True
39402108,17.13000000,1.11000000,19.01430000,1665112701954,True,True
39402109,17.13000000,1.40000000,23.98200000,1665112729002,False,True
39402110,17.12000000,1.14000000,19.51680000,1665112779790,True,True
39402111,17.12000000,4.70000000,80.46400000,1665112894656,True,True
39402112,17.12000000,0.95000000,16.26400000,1665112894656,True,True
39402113,17.12000000,0.95000000,16.26400000,1665112894656,True,True
39402114,17.12000000,0.95000000,16.26400000,1665112894656,True,True
39402115,17.12000000,3.30000000,56.49600000,1665112894656,True,True
39402116,17.12000000,14.59000000,249.78080000,1665112894656,True,True
39402117,17.12000000,5.50000000,94.16000000,1665112894656,True,True
39402118,17.12000000,5.80000000,99.29600000,1665112894656,True,True
39402119,17.12000000,0.32000000,5.47840000,1665112894656,True,True
39402120,17.12000000,4.68000000,80.12160000,1665112894672,True,True
39402121,17.12000000,2.59000000,44.34080000,1665112894672,True,True
39402122,17.12000000,1.41000000,24.13920000,1665112894760,False,True
39402123,17.12000000,38.87000000,665.45440000,1665112906960,False,True
39402124,17.12000000,52.47000000,898.28640000,1665112906960,False,True
39402125,17.12000000,2.29000000,39.20480000,1665112907898,False,True
39402126,17.12000000,2.29000000,39.20480000,1665112918500,False,True
39402127,17.11000000,2.14000000,36.61540000,1665112923515,True,True
39402128,17.12000000,2.82000000,48.27840000,1665112953526,False,True
39402129,17.11000000,10.00000000,171.10000000,1665112963108,True,True
39402130,17.11000000,1.03000000,17.62330000,1665112963108,True,True
39402131,17.11000000,0.95000000,16.25450000,1665112963108,True,True
39402132,17.11000000,0.95000000,16.25450000,1665112963108,True,True
39402133,17.11000000,0.95000000,16.25450000,1665112963108,True,True
39402134,17.11000000,5.40000000,92.39400000,1665112963108,True,True
39402135,17.11000000,3.30000000,56.46300000,1665112963108,True,True
39402136,17.11000000,2.59000000,44.31490000,1665112963108,True,True
39402137,17.11000000,6.33000000,108.30630000,1665112963130,False,True
39402138,17.11000000,31.29000000,535.37190000,1665113002551,False,True
39402139,17.11000000,31.29000000,535.37190000,1665113002695,False,True
39402140,17.11000000,3.68000000,62.96480000,1665113015986,False,True
39402141,17.11000000,31.29000000,535.37190000,1665113059244,False,True
39402142,17.11000000,1.98000000,33.87780000,1665113059476,False,True
39402143,17.11000000,12.90000000,220.71900000,1665113059476,False,True
39402144,17.11000000,3.61000000,61.76710000,1665113059476,False,True
39402145,17.11000000,9.92000000,169.73120000,1665113060927,False,True
39402146,17.10000000,3.00000000,51.30000000,1665113098604,True,True
39402147,17.10000000,1.81000000,30.95100000,1665113114405,True,True
39402148,17.10000000,50.19000000,858.24900000,1665113141599,True,True
39402149,17.10000000,16.00000000,273.60000000,1665113141599,True,True
39402150,17.10000000,25.06000000,428.52600000,1665113141599,True,True
39402151,17.11000000,2.15000000,36.78650000,1665113215061,False,True
39402152,17.11000000,8.18000000,139.95980000,1665113268399,False,True
39402153,17.11000000,6.39000000,109.33290000,1665113268399,False,True
39402154,17.11000000,48.61000000,831.71710000,1665113284887,False,True
39402155,17.11000000,3.99000000,68.26890000,1665113284887,False,True
39402156,17.10000000,12.00000000,205.20000000,1665113367046,True,True
39402157,17.11000000,12.15000000,207.88650000,1665113404961,False,True
39402158,17.11000000,35.21000000,602.44310000,1665113404961,False,True
39402159,17.11000000,19.79000000,338.60690000,1665113458981,False,True
39402160,17.11000000,0.80000000,13.68800000,1665113458981,False,True
39402161,17.11000000,17.58000000,300.79380000,1665113458981,False,True
39402162,17.11000000,20.95000000,358.45450000,1665113493910,False,True
39402163,17.11000000,15.83000000,270.85130000,1665113494063,False,True
39402164,17.11000000,55.00000000,941.05000000,1665113537686,True,True
39402165,17.11000000,3.45000000,59.02950000,1665113537686,True,True
39402166,17.11000000,2.29000000,39.18190000,1665113539619,True,True
39402167,17.11000000,13.88000000,237.48680000,1665113540985,True,True
39402168,17.11000000,17.41000000,297.88510000,1665113540985,True,True
39402169,17.11000000,10.52000000,179.99720000,1665113545443,True,True
39402170,17.11000000,3.66000000,62.62260000,1665113562600,True,True
39402171,17.11000000,2.00000000,34.22000000,1665113584543,True,True
39402172,17.10000000,12.62000000,215.80200000,1665113584634,True,True
39402173,17.10000000,3.00000000,51.30000000,1665113681758,True,True
39402174,17.10000000,250.40000000,4281.84000000,1665113696778,True,True
39402175,17.11000000,2.86000000,48.93460000,1665113872648,False,True
39402176,17.11000000,24.49000000,419.02390000,1665113888964,False,True
39402177,17.11000000,9.13000000,156.21430000,1665113888964,False,True
39402178,17.11000000,0.83000000,14.20130000,1665113894672,False,True
39402179,17.10000000,20.06000000,343.02600000,1665113913757,True,True
39402180,17.10000000,0.70000000,11.97000000,1665113921857,True,True
39402181,17.10000000,1.03000000,17.61300000,1665113986794,True,True
39402182,17.10000000,1.28000000,21.88800000,1665113986794,True,True
39402183,17.10000000,2.46000000,42.06600000,1665113986794,True,True
39402184,17.11000000,2.78000000,47.56580000,1665114006956,False,True
39402185,17.11000000,44.75000000,765.67250000,1665114014054,False,True
39402186,17.11000000,7.47000000,127.81170000,1665114014062,False,True
39402187,17.11000000,7.50000000,128.32500000,1665114014062,False,True
39402188,17.11000000,2.70000000,46.19700000,1665114014063,False,True
39402189,17.11000000,3.20000000,54.75200000,1665114014063,False,True
39402190,17.11000000,10.60000000,181.36600000,1665114014063,False,True
39402191,17.11000000,16.40000000,280.60400000,1665114014063,False,True
39402192,17.11000000,8.16000000,139.61760000,1665114014064,False,True
39402193,17.11000000,16.64000000,284.71040000,1665114014066,False,True
39402194,17.11000000,13.60000000,232.69600000,1665114014066,False,True
39402195,17.12000000,11.95000000,204.58400000,1665114014373,False,True
39402196,17.12000000,10.92000000,186.95040000,1665114014382,False,True
39402197,17.12000000,0.66000000,11.29920000,1665114014382,False,True
39402198,17.11000000,1.36000000,23.26960000,1665114072451,True,True
39402199,17.12000000,3.30000000,56.49600000,1665114108947,False,True
39402200,17.12000000,8.96000000,153.39520000,1665114108947,False,True
39402201,17.12000000,2.55000000,43.65600000,1665114157900,False,True
39402202,17.12000000,2.59000000,44.34080000,1665114157900,False,True
39402203,17.12000000,3.30000000,56.49600000,1665114157900,False,True
39402204,17.12000000,55.00000000,941.60000000,1665114157900,False,True
39402205,17.12000000,10.67000000,182.67040000,1665114158916,False,True
39402206,17.12000000,55.00000000,941.60000000,1665114158916,False,True
39402207,17.12000000,10.49000000,179.58880000,1665114159926,False,True
39402208,17.12000000,39.40000000,674.52800000,1665114159926,False,True
39402209,17.11000000,2.84000000,48.59240000,1665114176832,True,True
39402210,17.12000000,10.34000000,177.02080000,1665114211368,False,True
39402211,17.12000000,32.83000000,562.04960000,1665114211368,False,True
39402212,17.12000000,22.17000000,379.55040000,1665114211438,False,True
39402213,17.12000000,6.83000000,116.92960000,1665114211438,False,True
39402214,17.12000000,3.14000000,53.75680000,1665114236170,False,True
39402215,17.12000000,14.51000000,248.41120000,1665114236170,False,True
39402216,17.12000000,2.29000000,39.20480000,1665114239260,False,True
39402217,17.12000000,8.32000000,142.43840000,1665114245274,False,True
39402218,17.12000000,3.40000000,58.20800000,1665114245274,False,True
39402219,17.12000000,20.06000000,343.42720000,1665114245281,False,True
39402220,17.12000000,1.30000000,22.25600000,1665114245285,False,True
39402221,17.12000000,10.45000000,178.90400000,1665114245291,False,True
39402222,17.13000000,10.20000000,174.72600000,1665114245327,False,True
39402223,17.13000000,2.06000000,35.28780000,1665114245327,False,True
39402224,17.13000000,8.16000000,139.78080000,1665114245447,False,True
39402225,17.13000000,49.84000000,853.75920000,1665114245447,False,True
39402226,17.13000000,10.00000000,171.30000000,1665114249385,False,True
39402227,17.12000000,36.23000000,620.25760000,1665114307734,True,True
39402228,17.12000000,1.11000000,19.00320000,1665114307734,True,True
39402229,17.12000000,73.43000000,1257.12160000,1665114307736,True,True
39402230,17.12000000,5.80000000,99.29600000,1665114307736,True,True
39402231,17.12000000,27.65000000,473.36800000,1665114307736,True,True
39402232,17.12000000,10.45000000,178.90400000,1665114307744,True,True
39402233,17.12000000,43.38000000,742.66560000,1665114394132,False,True
39402234,17.12000000,55.00000000,941.60000000,1665114415649,False,True
39402235,17.13000000,1.10000000,18.84300000,1665114441972,False,True
39402236,17.12000000,10.20000000,174.62400000,1665114467695,True,True
39402237,17.12000000,69.47000000,1189.32640000,1665114467695,True,True
39402238,17.12000000,83.68000000,1432.60160000,1665114467704,True,True
39402239,17.12000000,34.49000000,590.46880000,1665114467738,True,True
39402240,17.12000000,50.00000000,856.00000000,1665114467738,True,True
39402241,17.12000000,27.39000000,468.91680000,1665114469232,False,True
39402242,17.11000000,35.48000000,607.06280000,1665114546074,True,True
39402243,17.11000000,29.44000000,503.71840000,1665114546074,True,True
39402244,17.10000000,36.70000000,627.57000000,1665114617718,True,True
39402245,17.10000000,2.00000000,34.20000000,1665114840240,True,True
39402246,17.10000000,3.32000000,56.77200000,1665114840240,True,True
39402247,17.10000000,3.32000000,56.77200000,1665114840240,True,True
39402248,17.10000000,3.32000000,56.77200000,1665114840240,True,True
39402249,17.10000000,8.77000000,149.96700000,1665114840240,True,True
39402250,17.10000000,3.30000000,56.43000000,1665114840240,True,True
39402251,17.10000000,29.23000000,499.83300000,1665114840240,True,True
39402252,17.10000000,5.81000000,99.35100000,1665114840240,True,True
39402253,17.10000000,1.09000000,18.63900000,1665114840240,True,True
39402254,17.10000000,5.79000000,99.00900000,1665114840240,True,True
39402255,17.10000000,5.80000000,99.18000000,1665114840240,True,True
39402256,17.10000000,11.50000000,196.65000000,1665114840240,True,True
39402257,17.10000000,5.50000000,94.05000000,1665114840240,True,True
39402258,17.10000000,12.55000000,214.60500000,1665114840240,True,True
39402259,17.10000000,2.64000000,45.14400000,1665114840324,True,True
39402260,17.10000000,15.19000000,259.74900000,1665114840324,True,True
39402261,17.10000000,1.00000000,17.10000000,1665114840324,True,True
39402262,17.10000000,2.59000000,44.28900000,1665114840324,True,True
39402263,17.10000000,12.01000000,205.37100000,1665114840324,True,True
39402264,17.10000000,12.85000000,219.73500000,1665114840454,False,True
39402265,17.10000000,13.76000000,235.29600000,1665114852256,False,True
39402266,17.10000000,11.60000000,198.36000000,1665114852256,False,True
39402267,17.11000000,2.29000000,39.18190000,1665114856372,False,True
39402268,17.11000000,33.19000000,567.88090000,1665114856432,False,True
39402269,17.11000000,55.00000000,941.05000000,1665114856432,False,True
39402270,17.11000000,55.00000000,941.05000000,1665114856432,False,True
39402271,17.11000000,196.92000000,3369.30120000,1665114856432,False,True
39402272,17.11000000,73.19000000,1252.28090000,1665114856432,False,True
39402273,17.11000000,11.60000000,198.47600000,1665114856432,False,True
39402274,17.11000000,22.53000000,385.48830000,1665114856432,False,True
39402275,17.11000000,81.63000000,1396.68930000,1665114856432,False,True
39402276,17.11000000,8.79000000,150.39690000,1665114856432,False,True
39402277,17.11000000,1.09000000,18.64990000,1665114856432,False,True
39402278,17.11000000,5.80000000,99.23800000,1665114856432,False,True
39402279,17.11000000,27.01000000,462.14110000,1665114856432,False,True
39402280,17.11000000,73.20000000,1252.45200000,1665114870048,False,True
39402281,17.11000000,17.80000000,304.55800000,1665114870048,False,True
39402282,17.10000000,25.36000000,433.65600000,1665114871848,True,True
39402283,17.10000000,11.60000000,198.36000000,1665114871865,True,True
39402284,17.10000000,11.60000000,198.36000000,1665114871865,True,True
39402285,17.10000000,19.59000000,334.98900000,1665114871865,True,True
39402286,17.10000000,15.89000000,271.71900000,1665114871987,True,True
39402287,17.10000000,0.01000000,0.17100000,1665114871993,True,True
39402288,17.10000000,69.98000000,1196.65800000,1665114879828,False,True
39402289,17.10000000,37.31000000,638.00100000,1665114879834,False,True
39402290,17.10000000,8.52000000,145.69200000,1665114879855,False,True
39402291,17.10000000,18.21000000,311.39100000,1665114879862,False,True
39402292,17.10000000,11.60000000,198.36000000,1665114879888,False,True
39402293,17.10000000,5.80000000,99.18000000,1665114879888,False,True
39402294,17.10000000,1.09000000,18.63900000,1665114879888,False,True
39402295,17.10000000,0.05000000,0.85500000,1665114879888,False,True
39402296,17.10000000,2.29000000,39.15900000,1665114879920,False,True
39402297,17.10000000,1.97000000,33.68700000,1665114879924,False,True
39402298,17.10000000,7.31000000,125.00100000,1665114879924,False,True
39402299,17.10000000,35.49000000,606.87900000,1665114879924,False,True
39402300,17.11000000,3.19000000,54.58090000,1665114883990,False,True
39402301,17.11000000,12.00000000,205.32000000,1665114883990,False,True
39402302,17.11000000,5.96000000,101.97560000,1665114884688,False,True
39402303,17.11000000,1.05000000,17.96550000,1665114884694,False,True
39402304,17.11000000,55.00000000,941.05000000,1665114900022,True,True
39402305,17.11000000,27.58000000,471.89380000,1665114900022,True,True
39402306,17.10000000,7.91000000,135.26100000,1665114934260,True,True
39402307,17.10000000,3.45000000,58.99500000,1665114934260,True,True
39402308,17.10000000,0.69000000,11.79900000,1665114934262,True,True
39402309,17.10000000,50.86000000,869.70600000,1665114940303,True,True
39402310,17.10000000,11.60000000,198.36000000,1665114940303,True,True
39402311,17.10000000,36.50000000,624.15000000,1665114946225,True,True
39402312,17.11000000,0.59000000,10.09490000,1665114969845,False,True
39402313,17.10000000,2.92000000,49.93200000,1665114998064,True,True
39402314,17.11000000,0.58000000,9.92380000,1665115003099,False,True
39402315,17.11000000,4.00000000,68.44000000,1665115007727,False,True
39402316,17.11000000,22.41000000,383.43510000,1665115013372,False,True
39402317,17.11000000,46.37000000,793.39070000,1665115013372,False,True
39402318,17.09000000,8.39000000,143.38510000,1665115201589,True,True
39402319,17.09000000,46.61000000,796.56490000,1665115205991,True,True
39402320,17.09000000,0.75000000,12.81750000,1665115205991,True,True
39402321,17.09000000,0.28000000,4.78520000,1665115225553,True,True
39402322,17.09000000,1.14000000,19.48260000,1665115225553,True,True
39402323,17.09000000,1.20000000,20.50800000,1665115225553,True,True
39402324,17.09000000,0.82000000,14.01380000,1665115225553,True,True
39402325,17.09000000,2.50000000,42.72500000,1665115226770,True,True
39402326,17.09000000,3.32000000,56.73880000,1665115226770,True,True
39402327,17.09000000,3.32000000,56.73880000,1665115226770,True,True
39402328,17.09000000,0.05000000,0.85450000,1665115226770,True,True
39402329,17.10000000,3.29000000,56.25900000,1665115283166,False,True
39402330,17.10000000,35.35000000,604.48500000,1665115283258,False,True
39402331,17.10000000,13.71000000,234.44100000,1665115283258,False,True
39402332,17.10000000,8.60000000,147.06000000,1665115320469,False,True
39402333,17.10000000,11.60000000,198.36000000,1665115320469,False,True
39402334,17.10000000,16.93000000,289.50300000,1665115320469,False,True
39402335,17.10000000,7.19000000,122.94900000,1665115320488,False,True
39402336,17.10000000,35.96000000,614.91600000,1665115346148,True,True
39402337,17.10000000,26.90000000,459.99000000,1665115346148,True,True
39402338,17.10000000,27.52000000,470.59200000,1665115348575,True,True
39402339,17.10000000,37.40000000,639.54000000,1665115348575,True,True
39402340,17.10000000,17.60000000,300.96000000,1665115350921,True,True
39402341,17.10000000,39.92000000,682.63200000,1665115350921,True,True
39402342,17.11000000,5.78000000,98.89580000,1665115361592,False,True
39402343,17.11000000,5.81000000,99.40910000,1665115361592,False,True
39402344,17.11000000,6.19000000,105.91090000,1665115361592,False,True
39402345,17.11000000,1.75000000,29.94250000,1665115467692,False,True
39402346,17.10000000,2.29000000,39.15900000,1665115519395,True,True
39402347,17.10000000,31.23000000,534.03300000,1665115522713,True,True
39402348,17.11000000,3.82000000,65.36020000,1665115574176,False,True
39402349,17.10000000,1.81000000,30.95100000,1665115579682,True,True
39402350,17.11000000,8.26000000,141.32860000,1665115596067,False,True
39402351,17.12000000,7.51000000,128.57120000,1665115596067,False,True
39402352,17.11000000,1.44000000,24.63840000,1665115596299,True,True
39402353,17.11000000,3.91000000,66.90010000,1665115596424,True,True
39402354,17.11000000,27.57000000,471.72270000,1665115596424,True,True
39402355,17.11000000,5.02000000,85.89220000,1665115596424,True,True
39402356,17.10000000,0.83000000,14.19300000,1665115625756,True,True
39402357,17.10000000,31.15000000,532.66500000,1665115625756,True,True
39402358,17.11000000,15.56000000,266.23160000,1665115625787,True,True
39402359,17.11000000,55.00000000,941.05000000,1665115626137,True,True
39402360,17.10000000,17.00000000,290.70000000,1665115626137,True,True
39402361,17.11000000,11.60000000,198.47600000,1665115626267,True,True
39402362,17.11000000,4.48000000,76.65280000,1665115626350,True,True
39402363,17.11000000,50.52000000,864.39720000,1665115626547,True,True
39402364,17.11000000,2.94000000,50.30340000,1665115626773,True,True
39402365,17.11000000,17.24000000,294.97640000,1665115626855,True,True
39402366,17.11000000,40.24000000,688.50640000,1665115626855,True,True
39402367,17.11000000,10.49000000,179.48390000,1665115627120,True,True
39402368,17.11000000,8.33000000,142.52630000,1665115627207,True,True
39402369,17.11000000,8.43000000,144.23730000,1665115627468,True,True
39402370,17.11000000,0.77000000,13.17470000,1665115627468,True,True
39402371,17.11000000,54.23000000,927.87530000,1665115659385,True,True
39402372,17.11000000,6.09000000,104.19990000,1665115659385,True,True
39402373,17.11000000,46.73000000,799.55030000,1665115688698,True,True
39402374,17.11000000,2.10000000,35.93100000,1665115715083,True,True
39402375,17.11000000,0.08000000,1.36880000,1665115731435,True,True
39402376,17.11000000,55.00000000,941.05000000,1665115731435,True,True
39402377,17.11000000,0.83000000,14.20130000,1665115753750,False,True
39402378,17.11000000,1.81000000,30.96910000,1665115795977,False,True
39402379,17.11000000,1.46000000,24.98060000,1665115824813,False,True
39402380,17.11000000,1.86000000,31.82460000,1665115983416,False,True
39402381,17.11000000,16.21000000,277.35310000,1665115984606,False,True
39402382,17.11000000,13.31000000,227.73410000,1665115984607,False,True
39402383,17.11000000,1.00000000,17.11000000,1665115984607,False,True
39402384,17.11000000,24.86000000,425.35460000,1665115984607,False,True
39402385,17.11000000,12.27000000,209.93970000,1665115984608,False,True
39402386,17.11000000,17.87000000,305.75570000,1665115984608,False,True
39402387,17.11000000,1.27000000,21.72970000,1665115984608,False,True
39402388,17.11000000,2.90000000,49.61900000,1665115984609,False,True
39402389,17.11000000,6.09000000,104.19990000,1665115984609,False,True
39402390,17.11000000,13.02000000,222.77220000,1665115984609,False,True
39402391,17.11000000,4.72000000,80.75920000,1665115984611,False,True
39402392,17.11000000,10.96000000,187.52560000,1665115984611,False,True
39402393,17.11000000,4.10000000,70.15100000,1665115984611,False,True
39402394,17.11000000,11.17000000,191.11870000,1665115984611,False,True
39402395,17.11000000,11.39000000,194.88290000,1665115984612,False,True
39402396,17.11000000,94.51000000,1617.06610000,1665115984614,False,True
39402397,17.11000000,6.66000000,113.95260000,1665115984614,False,True
39402398,17.12000000,67.00000000,1147.04000000,1665115984648,False,True
39402399,17.12000000,4.84000000,82.86080000,1665115984648,False,True
39402400,17.12000000,10.93000000,187.12160000,1665115984654,False,True
39402401,17.12000000,55.00000000,941.60000000,1665115984654,False,True
39402402,17.12000000,92.00000000,1575.04000000,1665115984654,False,True
39402403,17.12000000,25.07000000,429.19840000,1665115984654,False,True
39402404,17.12000000,13.43000000,229.92160000,1665115984675,False,True
39402405,17.12000000,5.83000000,99.80960000,1665116060022,False,True
39402406,17.12000000,1.11000000,19.00320000,1665116060022,False,True
39402407,17.12000000,1.11000000,19.00320000,1665116060022,False,True
39402408,17.13000000,2.92000000,50.01960000,1665116060939,False,True
39402409,17.13000000,1.32000000,22.61160000,1665116082675,False,True
39402410,17.13000000,1.32000000,22.61160000,1665116082875,False,True
39402411,17.13000000,1.32000000,22.61160000,1665116083106,False,True
39402412,17.12000000,0.92000000,15.75040000,1665116100916,True,True
39402413,17.13000000,5.69000000,97.46970000,1665116118823,False,True
39402414,17.12000000,10.05000000,172.05600000,1665116129316,True,True
39402415,17.12000000,5.66000000,96.89920000,1665116254313,True,True
39402416,17.13000000,2.92000000,50.01960000,1665116360966,False,True
39402417,17.13000000,62.52000000,1070.96760000,1665116476650,False,True
39402418,17.12000000,55.00000000,941.60000000,1665116489159,True,True
39402419,17.12000000,54.58000000,934.40960000,1665116489159,True,True
39402420,17.12000000,0.42000000,7.19040000,1665116489159,True,True
39402421,17.12000000,11.50000000,196.88000000,1665116489159,True,True
39402422,17.12000000,5.50000000,94.16000000,1665116489159,True,True
39402423,17.12000000,5.80000000,99.29600000,1665116489159,True,True
39402424,17.12000000,5.84000000,99.98080000,1665116489159,True,True
39402425,17.12000000,1.32000000,22.59840000,1665116489159,True,True
39402426,17.12000000,1.32000000,22.59840000,1665116489159,True,True
39402427,17.12000000,1.32000000,22.59840000,1665116489159,True,True
39402428,17.12000000,1.32000000,22.59840000,1665116489159,True,True
39402429,17.12000000,23.97000000,410.36640000,1665116489159,True,True
39402430,17.12000000,68.03000000,1164.67360000,1665116489162,True,True
39402431,17.12000000,13.44000000,230.09280000,1665116489162,True,True
39402432,17.12000000,12.84000000,219.82080000,1665116489162,True,True
39402433,17.12000000,12.84000000,219.82080000,1665116489162,True,True
39402434,17.12000000,1.11000000,19.00320000,1665116489162,True,True
39402435,17.11000000,40.95000000,700.65450000,1665116555716,True,True
39402436,17.11000000,46.87000000,801.94570000,1665116555717,True,True
39402437,17.11000000,25.18000000,430.82980000,1665116555729,True,True
39402438,17.11000000,1.32000000,22.58520000,1665116555729,True,True
39402439,17.11000000,1.32000000,22.58520000,1665116555729,True,True
39402440,17.11000000,5.84000000,99.92240000,1665116578086,False,True
39402441,17.11000000,0.98000000,16.76780000,1665116599324,False,True
39402442,17.11000000,46.85000000,801.60350000,1665116599324,False,True
39402443,17.11000000,3.51000000,60.05610000,1665116679390,True,True
39402444,17.12000000,1.98000000,33.89760000,1665116830169,False,True
39402445,17.12000000,3.90000000,66.76800000,1665116859234,False,True
39402446,17.12000000,0.58000000,9.92960000,1665116870873,False,True
39402447,17.11000000,1.51000000,25.83610000,1665116972292,True,True
39402448,17.12000000,32.01000000,548.01120000,1665117006235,False,True
39402449,17.12000000,26.43000000,452.48160000,1665117006235,False,True
39402450,17.12000000,13.99000000,239.50880000,1665117016359,False,True
39402451,17.12000000,37.50000000,642.00000000,1665117016374,False,True
39402452,17.12000000,15.73000000,269.29760000,1665117016375,False,True
39402453,17.12000000,12.68000000,217.08160000,1665117016375,False,True
39402454,17.12000000,10.17000000,174.11040000,1665117016383,False,True
39402455,17.12000000,5.80000000,99.29600000,1665117016383,False,True
39402456,17.12000000,5.50000000,94.16000000,1665117016383,False,True
39402457,17.12000000,5.35000000,91.59200000,1665117016479,True,True
39402458,17.13000000,13.42000000,229.88460000,1665117026874,False,True
39402459,17.13000000,33.99000000,582.24870000,1665117046170,False,True
39402460,17.13000000,5.40000000,92.50200000,1665117161678,False,True
39402461,17.13000000,5.00000000,85.65000000,1665117170496,False,True
39402462,17.11000000,35.48000000,607.06280000,1665117212527,True,True
39402463,17.11000000,6.34000000,108.47740000,1665117212527,True,True
39402464,17.11000000,37.95000000,649.32450000,1665117212527,True,True
39402465,17.11000000,92.00000000,1574.12000000,1665117212527,True,True
39402466,17.11000000,13.43000000,229.78730000,1665117212527,True,True
39402467,17.11000000,13.43000000,229.78730000,1665117212527,True,True
39402468,17.11000000,5.35000000,91.53850000,1665117212674,False,True
39402469,17.11000000,5.74000000,98.21140000,1665117212674,False,True
39402470,17.11000000,11.09000000,189.74990000,1665117212779,False,True
39402471,17.10000000,6.85000000,117.13500000,1665117219363,True,True
39402472,17.10000000,11.59000000,198.18900000,1665117219363,True,True
39402473,17.10000000,25.03000000,428.01300000,1665117219363,True,True
