47286017,17.26000000,3.30000000,56.95800000,1680480006105,True,True
47286018,17.26000000,0.57000000,9.83820000,1680480068136,False,True
47286019,17.25000000,2.40000000,41.40000000,1680480087864,True,True
47286020,17.25000000,6.00000000,103.50000000,1680480087864,True,True
47286021,17.25000000,1.41000000,24.32250000,1680480087864,True,True
47286022,17.25000000,350.00000000,6037.50000000,1680480087864,True,True
47286023,17.25000000,3.30000000,56.92500000,1680480087864,True,True
47286024,17.25000000,26.69000000,460.40250000,1680480087864,True,True
47286025,17.24000000,2.40000000,41.37600000,1680480103431,True,True
47286026,17.24000000,0.72000000,12.41280000,1680480103431,True,True
47286027,17.24000000,1.90000000,32.75600000,1680480103431,True,True
47286028,17.24000000,46.04000000,793.72960000,1680480103431,True,True
47286029,17.24000000,0.69000000,11.89560000,1680480103431,True,True
47286030,17.24000000,3.30000000,56.89200000,1680480103431,True,True
47286031,17.24000000,43.60000000,751.66400000,1680480103436,True,True
47286032,17.24000000,59.21000000,1020.78040000,1680480103436,True,True
47286033,17.23000000,2.40000000,41.35200000,1680480209814,True,True
47286034,17.23000000,20.00000000,344.60000000,1680480209814,True,True
47286035,17.23000000,3.30000000,56.85900000,1680480209814,True,True
47286036,17.22000000,1.46000000,25.14120000,1680480262163,True,True
47286037,17.22000000,0.67000000,11.53740000,1680480262163,True,True
47286038,17.22000000,1.91000000,32.89020000,1680480262163,True,True
47286039,17.22000000,0.34000000,5.85480000,1680480262163,True,True
47286040,17.22000000,20.00000000,344.40000000,1680480262163,True,True
47286041,17.22000000,6.00000000,103.32000000,1680480262163,True,True
47286042,17.22000000,3.30000000,56.82600000,1680480262163,True,True
47286043,17.21000000,0.50000000,8.60500000,1680480278357,True,True
47286044,17.21000000,5.82000000,100.16220000,1680480278357,True,True
47286045,17.21000000,20.00000000,344.20000000,1680480278357,True,True
47286046,17.21000000,1.36000000,23.40560000,1680480278357,True,True
47286047,17.21000000,1.00000000,17.21000000,1680480278357,True,True
47286048,17.21000000,0.70000000,12.04700000,1680480278357,True,True
47286049,17.21000000,3.00000000,51.63000000,1680480278357,True,True
47286050,17.21000000,170.88000000,2940.84480000,1680480278357,True,True
47286051,17.21000000,47.50000000,817.47500000,1680480278357,True,True
47286052,17.21000000,1.30000000,22.37300000,1680480278357,True,True
47286053,17.21000000,3.30000000,56.79300000,1680480278357,True,True
47286054,17.21000000,0.15000000,2.58150000,1680480279356,True,True
47286055,17.21000000,42.78000000,736.24380000,1680480279356,True,True
47286056,17.21000000,69.83000000,1201.77430000,1680480279356,True,True
47286057,17.21000000,14.17000000,243.86570000,1680480279356,True,True
47286058,17.21000000,2.40000000,41.30400000,1680480279643,False,True
47286059,17.21000000,30.00000000,516.30000000,1680480279643,False,True
47286060,17.21000000,5.45000000,93.79450000,1680480279643,False,True
47286061,17.21000000,0.45000000,7.74450000,1680480283854,False,True
47286062,17.21000000,0.45000000,7.74450000,1680480283861,False,True
47286063,17.21000000,3.30000000,56.79300000,1680480298538,False,True
47286064,17.21000000,2.41000000,41.47610000,1680480298538,False,True
47286065,17.21000000,10.17000000,175.02570000,1680480298538,False,True
47286066,17.21000000,0.29000000,4.99090000,1680480317368,False,True
47286067,17.21000000,1.38000000,23.74980000,1680480351502,False,True
47286068,17.21000000,0.74000000,12.73540000,1680480351502,False,True
47286069,17.21000000,4.54000000,78.13340000,1680480351502,False,True
47286070,17.21000000,2.41000000,41.47610000,1680480364009,False,True
47286071,17.21000000,6.94000000,119.43740000,1680480364009,False,True
47286072,17.20000000,1.41000000,24.25200000,1680480390788,True,True
47286073,17.20000000,3.27000000,56.24400000,1680480390788,True,True
47286074,17.21000000,3.36000000,57.82560000,1680480409064,False,True
47286075,17.21000000,3.61000000,62.12810000,1680480409064,False,True
47286076,17.20000000,0.08000000,1.37600000,1680480424010,True,True
47286077,17.20000000,0.63000000,10.83600000,1680480424010,True,True
47286078,17.20000000,1.07000000,18.40400000,1680480424010,True,True
47286079,17.20000000,3.75000000,64.50000000,1680480424010,True,True
47286080,17.20000000,20.00000000,344.00000000,1680480424010,True,True
47286081,17.20000000,0.67000000,11.52400000,1680480424010,True,True
47286082,17.20000000,29.07000000,500.00400000,1680480424010,True,True
47286083,17.20000000,3.00000000,51.60000000,1680480424010,True,True
47286084,17.20000000,6.00000000,103.20000000,1680480424010,True,True
47286085,17.20000000,3.30000000,56.76000000,1680480424010,True,True
47286086,17.20000000,7.57000000,130.20400000,1680480424010,True,True
47286087,17.20000000,7.57000000,130.20400000,1680480424010,True,True
47286088,17.20000000,7.57000000,130.20400000,1680480424010,True,True
47286089,17.20000000,0.49000000,8.42800000,1680480424010,True,True
47286090,17.20000000,6.79000000,116.78800000,1680480428697,True,True
47286091,17.20000000,7.28000000,125.21600000,1680480428697,True,True
47286092,17.20000000,4.47000000,76.88400000,1680480428697,True,True
47286093,17.20000000,10.17000000,174.92400000,1680480428697,True,True
47286094,17.20000000,9.11000000,156.69200000,1680480428697,True,True
47286095,17.20000000,1.80000000,30.96000000,1680480428735,True,True
47286096,17.20000000,1.25000000,21.50000000,1680480431627,False,True
47286097,17.20000000,1.16000000,19.95200000,1680480435001,False,True
47286098,17.20000000,5.97000000,102.68400000,1680480435001,False,True
47286099,17.20000000,1.46000000,25.11200000,1680480435001,False,True
47286100,17.21000000,8.59000000,147.83390000,1680480435001,False,True
47286101,17.21000000,10.17000000,175.02570000,1680480477267,False,True
47286102,17.21000000,48.65000000,837.26650000,1680480477267,False,True
47286103,17.21000000,1.71000000,29.42910000,1680480477274,False,True
47286104,17.21000000,1.71000000,29.42910000,1680480477274,False,True
47286105,17.21000000,1.46000000,25.12660000,1680480477274,False,True
47286106,17.22000000,2.40000000,41.32800000,1680480489381,False,True
47286107,17.22000000,5.34000000,91.95480000,1680480489381,False,True
47286108,17.22000000,3.30000000,56.82600000,1680480489381,False,True
47286109,17.22000000,0.68000000,11.70960000,1680480499390,True,True
47286110,17.22000000,0.45000000,7.74900000,1680480499667,True,True
47286111,17.22000000,0.45000000,7.74900000,1680480499861,True,True
47286112,17.22000000,0.82000000,14.12040000,1680480500027,True,True
47286113,17.22000000,1.46000000,25.14120000,1680480500027,True,True
47286114,17.21000000,2.41000000,41.47610000,1680480524767,True,True
47286115,17.21000000,0.49000000,8.43290000,1680480524767,True,True
47286116,17.22000000,1.46000000,25.14120000,1680480552397,False,True
47286117,17.22000000,1.46000000,25.14120000,1680480552397,False,True
47286118,17.23000000,2.40000000,41.35200000,1680480564578,False,True
47286119,17.23000000,3.30000000,56.85900000,1680480564578,False,True
47286120,17.23000000,10.15000000,174.88450000,1680480564578,False,True
47286121,17.23000000,7.84000000,135.08320000,1680480564782,True,True
47286122,17.23000000,2.40000000,41.35200000,1680480577501,True,True
47286123,17.23000000,18.22000000,313.93060000,1680480577501,True,True
47286124,17.23000000,26.07000000,449.18610000,1680480577661,True,True
47286125,17.24000000,2.40000000,41.37600000,1680480632793,False,True
47286126,17.24000000,10.15000000,174.98600000,1680480632793,False,True
47286127,17.24000000,3.30000000,56.89200000,1680480632793,False,True
47286128,17.24000000,5.16000000,88.95840000,1680480632793,False,True
47286129,17.24000000,15.14000000,261.01360000,1680480632801,False,True
47286130,17.24000000,3.02000000,52.06480000,1680480633146,True,True
47286131,17.25000000,0.59000000,10.17750000,1680480651685,False,True
47286132,17.25000000,1.81000000,31.22250000,1680480677692,False,True
47286133,17.25000000,1.41000000,24.32250000,1680480677692,False,True
47286134,17.25000000,5.80000000,100.05000000,1680480677692,False,True
47286135,17.25000000,3.30000000,56.92500000,1680480677692,False,True
47286136,17.25000000,2.75000000,47.43750000,1680480677692,False,True
47286137,17.25000000,2.40000000,41.40000000,1680480681457,True,True
47286138,17.25000000,2.40000000,41.40000000,1680480681490,True,True
47286139,17.25000000,2.40000000,41.40000000,1680480690845,True,True
47286140,17.24000000,1.06000000,18.27440000,1680480690845,True,True
47286141,17.25000000,2.40000000,41.40000000,1680480742319,False,True
47286142,17.25000000,1.14000000,19.66500000,1680480773058,True,True
47286143,17.25000000,1.26000000,21.73500000,1680480773071,True,True
47286144,17.25000000,0.58000000,10.00500000,1680480773071,True,True
47286145,17.26000000,1.83000000,31.58580000,1680480855055,False,True
47286146,17.26000000,3.30000000,56.95800000,1680480855055,False,True
47286147,17.26000000,1.46000000,25.19960000,1680480855055,False,True
47286148,17.26000000,2.40000000,41.42400000,1680480877869,True,True
47286149,17.26000000,38.50000000,664.51000000,1680480877869,True,True
47286150,17.26000000,1.03000000,17.77780000,1680481039909,False,True
47286151,17.25000000,1.97000000,33.98250000,1680481064124,True,True
47286152,17.25000000,38.50000000,664.12500000,1680481064124,True,True
47286153,17.25000000,115.43000000,1991.16750000,1680481064124,True,True
47286154,17.25000000,28.77000000,496.28250000,1680481064124,True,True
47286155,17.26000000,1.61000000,27.78860000,1680481066058,False,True
47286156,17.26000000,11.57000000,199.69820000,1680481066061,False,True
47286157,17.26000000,43.45000000,749.94700000,1680481066064,False,True
47286158,17.27000000,2.40000000,41.44800000,1680481066064,False,True
47286159,17.27000000,0.67000000,11.57090000,1680481066064,False,True
47286160,17.27000000,5.82000000,100.51140000,1680481066064,False,True
47286161,17.27000000,4.29000000,74.08830000,1680481066064,False,True
47286162,17.27000000,15.00000000,259.05000000,1680481096738,False,True
47286163,17.27000000,0.71000000,12.26170000,1680481096745,False,True
47286164,17.27000000,3.30000000,56.99100000,1680481096745,False,True
47286165,17.27000000,1.50000000,25.90500000,1680481096745,False,True
47286166,17.27000000,2.40000000,41.44800000,1680481096889,True,True
47286167,17.27000000,2.73000000,47.14710000,1680481096889,True,True
47286168,17.27000000,2.39000000,41.27530000,1680481157220,True,True
47286169,17.27000000,0.37000000,6.38990000,1680481157220,True,True
47286170,17.27000000,0.25000000,4.31750000,1680481157293,True,True
47286171,17.26000000,2.07000000,35.72820000,1680481187332,True,True
47286172,17.26000000,0.33000000,5.69580000,1680481188333,True,True
47286173,17.25000000,2.30000000,39.67500000,1680481231894,True,True
47286174,17.25000000,0.91000000,15.69750000,1680481231901,True,True
47286175,17.25000000,9.05000000,156.11250000,1680481231981,True,True
47286176,17.25000000,2.40000000,41.40000000,1680481268382,False,True
47286177,17.26000000,0.91000000,15.70660000,1680481279497,False,True
47286178,17.26000000,0.38000000,6.55880000,1680481279534,False,True
47286179,17.26000000,0.53000000,9.14780000,1680481279534,False,True
47286180,17.26000000,1.87000000,32.27620000,1680481279534,False,True
47286181,17.26000000,0.15000000,2.58900000,1680481279534,False,True
47286182,17.26000000,8.49000000,146.53740000,1680481279783,True,True
47286183,17.26000000,2.40000000,41.42400000,1680481311351,True,True
47286184,17.26000000,10.14000000,175.01640000,1680481311351,True,True
47286185,17.26000000,2.30000000,39.69800000,1680481328276,False,True
47286186,17.26000000,0.10000000,1.72600000,1680481328278,False,True
47286187,17.26000000,2.29000000,39.52540000,1680481328281,False,True
47286188,17.26000000,1.61000000,27.78860000,1680481364963,True,True
47286189,17.26000000,0.45000000,7.76700000,1680481382017,True,True
47286190,17.26000000,0.34000000,5.86840000,1680481386779,True,True
47286191,17.26000000,10.17000000,175.53420000,1680481386779,True,True
47286192,17.26000000,1.42000000,24.50920000,1680481386779,True,True
47286193,17.26000000,0.65000000,11.21900000,1680481386779,True,True
47286194,17.26000000,11.53000000,199.00780000,1680481386780,True,True
47286195,17.26000000,10.14000000,175.01640000,1680481386780,True,True
47286196,17.25000000,20.29000000,350.00250000,1680481389050,True,True
47286197,17.25000000,2.40000000,41.40000000,1680481389050,True,True
47286198,17.25000000,2.40000000,41.40000000,1680481389050,True,True
47286199,17.25000000,12.46000000,214.93500000,1680481389050,True,True
47286200,17.25000000,10.14000000,174.91500000,1680481389050,True,True
47286201,17.24000000,2.40000000,41.37600000,1680481481658,True,True
47286202,17.24000000,3.30000000,56.89200000,1680481481658,True,True
47286203,17.24000000,12.45000000,214.63800000,1680481481658,True,True
47286204,17.24000000,0.79000000,13.61960000,1680481490163,False,True
47286205,17.24000000,2.40000000,41.37600000,1680481575790,False,True
47286206,17.24000000,9.17000000,158.09080000,1680481616064,True,True
47286207,17.24000000,19.25000000,331.87000000,1680481616064,True,True
47286208,17.24000000,1.30000000,22.41200000,1680481661106,True,True
47286209,17.24000000,2.29000000,39.47960000,1680481661106,True,True
47286210,17.24000000,0.15000000,2.58600000,1680481661113,True,True
47286211,17.24000000,1.35000000,23.27400000,1680481691441,False,True
47286212,17.24000000,1.05000000,18.10200000,1680481691442,False,True
47286213,17.24000000,2.18000000,37.58320000,1680481691442,False,True
47286214,17.24000000,3.55000000,61.20200000,1680481691443,False,True
47286215,17.24000000,4.70000000,81.02800000,1680481691444,False,True
47286216,17.24000000,1.46000000,25.17040000,1680481691444,False,True
47286217,17.24000000,1.46000000,25.17040000,1680481691445,False,True
47286218,17.25000000,2.40000000,41.40000000,1680481718541,False,True
47286219,17.25000000,1.06000000,18.28500000,1680481718541,False,True
47286220,17.25000000,8.93000000,154.04250000,1680481718548,False,True
47286221,17.25000000,24.14000000,416.41500000,1680481718548,False,True
47286222,17.25000000,6.90000000,119.02500000,1680481718548,False,True
47286223,17.25000000,3.93000000,67.79250000,1680481718550,False,True
47286224,17.25000000,12.70000000,219.07500000,1680481718552,False,True
47286225,17.26000000,2.40000000,41.42400000,1680481782698,False,True
47286226,17.26000000,2.40000000,41.42400000,1680481782737,True,True
47286227,17.26000000,1.75000000,30.20500000,1680481782737,True,True
47286228,17.26000000,0.91000000,15.70660000,1680481859848,True,True
47286229,17.26000000,0.68000000,11.73680000,1680481859877,True,True
47286230,17.26000000,2.40000000,41.42400000,1680481859908,True,True
47286231,17.26000000,5.27000000,90.96020000,1680481859966,False,True
47286232,17.26000000,48.95000000,844.87700000,1680481876553,False,True
47286233,17.26000000,111.73000000,1928.45980000,1680481876553,False,True
47286234,17.26000000,29.12000000,502.61120000,1680481876553,False,True
47286235,17.25000000,1.38000000,23.80500000,1680481888371,True,True
47286236,17.25000000,0.45000000,7.76250000,1680481890466,True,True
47286237,17.25000000,1.38000000,23.80500000,1680481892050,True,True
47286238,17.25000000,0.68000000,11.73000000,1680481910948,True,True
47286239,17.25000000,16.40000000,282.90000000,1680481910954,True,True
47286240,17.25000000,10.14000000,174.91500000,1680481910954,True,True
47286241,17.25000000,11.82000000,203.89500000,1680481910954,True,True
47286242,17.25000000,0.99000000,17.07750000,1680481911020,False,True
47286243,17.25000000,8.69000000,149.90250000,1680481911113,False,True
47286244,17.24000000,9.25000000,159.47000000,1680481921146,True,True
47286245,17.24000000,11.92000000,205.50080000,1680481921146,True,True
47286246,17.24000000,10.15000000,174.98600000,1680481921146,True,True
47286247,17.24000000,8.49000000,146.36760000,1680481921349,False,True
47286248,17.23000000,2.54000000,43.76420000,1680481950665,True,True
47286249,17.23000000,3.46000000,59.61580000,1680481950666,True,True
47286250,17.23000000,3.30000000,56.85900000,1680481950666,True,True
47286251,17.23000000,12.22000000,210.55060000,1680481950666,True,True
47286252,17.23000000,0.24000000,4.13520000,1680481950669,True,True
47286253,17.23000000,0.58000000,9.99340000,1680481950672,True,True
47286254,17.23000000,1.82000000,31.35860000,1680481950672,True,True
47286255,17.23000000,4.56000000,78.56880000,1680481950684,False,True
47286256,17.22000000,0.67000000,11.53740000,1680481999299,True,True
47286257,17.22000000,10.16000000,174.95520000,1680481999299,True,True
47286258,17.22000000,11.92000000,205.26240000,1680481999299,True,True
47286259,17.22000000,12.34000000,212.49480000,1680481999299,True,True
47286260,17.23000000,28.92000000,498.29160000,1680482011539,False,True
47286261,17.23000000,28.77000000,495.70710000,1680482011581,False,True
47286262,17.23000000,19.35000000,333.40050000,1680482026380,False,True
47286263,17.23000000,24.59000000,423.68570000,1680482026383,False,True
47286264,17.23000000,4.63000000,79.77490000,1680482026383,False,True
47286265,17.23000000,364.10000000,6273.44300000,1680482026384,False,True
47286266,17.23000000,0.91000000,15.67930000,1680482031836,True,True
47286267,17.23000000,1.49000000,25.67270000,1680482031839,True,True
47286268,17.23000000,10.08000000,173.67840000,1680482031839,True,True
47286269,17.23000000,1.38000000,23.77740000,1680482031843,True,True
47286270,17.23000000,0.11000000,1.89530000,1680482031844,True,True
47286271,17.23000000,1.46000000,25.15580000,1680482031844,True,True
47286272,17.22000000,10.16000000,174.95520000,1680482052359,True,True
47286273,17.22000000,11.61000000,199.92420000,1680482052359,True,True
47286274,17.22000000,8.20000000,141.20400000,1680482052359,True,True
47286275,17.22000000,3.84000000,66.12480000,1680482052359,True,True
47286276,17.22000000,15.64000000,269.32080000,1680482052359,True,True
47286277,17.22000000,2.07000000,35.64540000,1680482052363,True,True
47286278,17.22000000,2.61000000,44.94420000,1680482052364,True,True
47286279,17.21000000,2.40000000,41.30400000,1680482055447,True,True
47286280,17.21000000,5.82000000,100.16220000,1680482055447,True,True
47286281,17.21000000,41.78000000,719.03380000,1680482055447,True,True
47286282,17.21000000,19.08000000,328.36680000,1680482065453,True,True
47286283,17.22000000,2.40000000,41.32800000,1680482078538,False,True
47286284,17.22000000,11.30000000,194.58600000,1680482078538,False,True
47286285,17.22000000,2.94000000,50.62680000,1680482083393,True,True
47286286,17.22000000,3.02000000,52.00440000,1680482180708,True,True
47286287,17.22000000,1.43000000,24.62460000,1680482193302,True,True
47286288,17.22000000,5.71000000,98.32620000,1680482204723,True,True
47286289,17.22000000,20.32000000,349.91040000,1680482204723,True,True
47286290,17.22000000,53.87000000,927.64140000,1680482204723,True,True
47286291,17.22000000,20.00000000,344.40000000,1680482204723,True,True
47286292,17.22000000,5.80000000,99.87600000,1680482204723,True,True
47286293,17.21000000,2.08000000,35.79680000,1680482286328,True,True
47286294,17.21000000,1.22000000,20.99620000,1680482286334,True,True
47286295,17.21000000,5.47000000,94.13870000,1680482286334,True,True
47286296,17.21000000,4.70000000,80.88700000,1680482286334,True,True
47286297,17.21000000,20.34000000,350.05140000,1680482286334,True,True
47286298,17.21000000,43.79000000,753.62590000,1680482286334,True,True
47286299,17.20000000,0.68000000,11.69600000,1680482325662,True,True
47286300,17.20000000,1.73000000,29.75600000,1680482325667,True,True
47286301,17.20000000,1.41000000,24.25200000,1680482325667,True,True
47286302,17.20000000,6.00000000,103.20000000,1680482325667,True,True
47286303,17.20000000,0.69000000,11.86800000,1680482325667,True,True
47286304,17.20000000,3.30000000,56.76000000,1680482325667,True,True
47286305,17.19000000,2.29000000,39.36510000,1680482337125,True,True
47286306,17.19000000,0.72000000,12.37680000,1680482337125,True,True
47286307,17.19000000,1.91000000,32.83290000,1680482337125,True,True
47286308,17.19000000,0.63000000,10.82970000,1680482337125,True,True
47286309,17.19000000,8.10000000,139.23900000,1680482337125,True,True
47286310,17.19000000,11.90000000,204.56100000,1680482337125,True,True
47286311,17.19000000,1.23000000,21.14370000,1680482337125,True,True
47286312,17.19000000,0.59000000,10.14210000,1680482337125,True,True
47286313,17.19000000,10.17000000,174.82230000,1680482337125,True,True
47286314,17.19000000,3.09000000,53.11710000,1680482337125,True,True
47286315,17.19000000,3.30000000,56.72700000,1680482337125,True,True
47286316,17.19000000,0.59000000,10.14210000,1680482337125,True,True
47286317,17.19000000,0.59000000,10.14210000,1680482337125,True,True
47286318,17.19000000,0.59000000,10.14210000,1680482337125,True,True
47286319,17.19000000,0.32000000,5.50080000,1680482337125,True,True
47286320,17.19000000,1.98000000,34.03620000,1680482337151,False,True
47286321,17.19000000,0.30000000,5.15700000,1680482337156,False,True
47286322,17.19000000,5.72000000,98.32680000,1680482337457,False,True
47286323,17.19000000,4.29000000,73.74510000,1680482337457,False,True
47286324,17.19000000,38.10000000,654.93900000,1680482337457,False,True
47286325,17.19000000,63.20000000,1086.40800000,1680482337457,False,True
47286326,17.19000000,2.41000000,41.42790000,1680482337457,False,True
47286327,17.19000000,40.71000000,699.80490000,1680482337457,False,True
47286328,17.19000000,2.46000000,42.28740000,1680482337457,False,True
47286329,17.19000000,0.71000000,12.20490000,1680482337578,False,True
47286330,17.19000000,20.84000000,358.23960000,1680482337578,False,True
47286331,17.18000000,2.30000000,39.51400000,1680482357143,True,True
47286332,17.18000000,0.67000000,11.51060000,1680482357143,True,True
47286333,17.18000000,4.85000000,83.32300000,1680482357143,True,True
47286334,17.18000000,0.17000000,2.92060000,1680482357143,True,True
47286335,17.18000000,0.17000000,2.92060000,1680482357154,True,True
47286336,17.18000000,1.58000000,27.14440000,1680482357154,True,True
47286337,17.18000000,0.76000000,13.05680000,1680482357154,True,True
47286338,17.18000000,2.68000000,46.04240000,1680482357154,True,True
47286339,17.18000000,17.32000000,297.55760000,1680482357157,True,True
47286340,17.18000000,3.42000000,58.75560000,1680482357157,True,True
47286341,17.18000000,0.64000000,10.99520000,1680482357157,True,True
47286342,17.18000000,0.39000000,6.70020000,1680482357157,True,True
47286343,17.18000000,3.00000000,51.54000000,1680482357157,True,True
47286344,17.18000000,1.70000000,29.20600000,1680482357157,True,True
47286345,17.18000000,1.19000000,20.44420000,1680482357157,True,True
47286346,17.18000000,3.30000000,56.69400000,1680482357157,True,True
47286347,17.18000000,11.64000000,199.97520000,1680482357157,True,True
47286348,17.18000000,0.81000000,13.91580000,1680482357157,True,True
47286349,17.18000000,10.18000000,174.89240000,1680482357157,True,True
47286350,17.18000000,0.81000000,13.91580000,1680482357197,True,True
47286351,17.18000000,0.81000000,13.91580000,1680482357197,True,True
47286352,17.18000000,0.81000000,13.91580000,1680482357197,True,True
47286353,17.18000000,0.81000000,13.91580000,1680482357197,True,True
47286354,17.18000000,0.81000000,13.91580000,1680482357197,True,True
47286355,17.18000000,0.81000000,13.91580000,1680482357197,True,True
47286356,17.18000000,0.81000000,13.91580000,1680482357197,True,True
47286357,17.18000000,0.81000000,13.91580000,1680482357197,True,True
47286358,17.18000000,0.75000000,12.88500000,1680482357197,True,True
47286359,17.18000000,2.98000000,51.19640000,1680482357248,False,True
47286360,17.18000000,37.71000000,647.85780000,1680482358308,False,True
47286361,17.18000000,106.46000000,1828.98280000,1680482358308,False,True
47286362,17.18000000,7.86000000,135.03480000,1680482358402,False,True
47286363,17.17000000,20.00000000,343.40000000,1680482388187,True,True
47286364,17.17000000,3.00000000,51.51000000,1680482388187,True,True
47286365,17.17000000,0.64000000,10.98880000,1680482388187,True,True
47286366,17.17000000,2.08000000,35.71360000,1680482388187,True,True
47286367,17.17000000,0.51000000,8.75670000,1680482388187,True,True
47286368,17.17000000,0.70000000,12.01900000,1680482388187,True,True
47286369,17.17000000,3.30000000,56.66100000,1680482388187,True,True
47286370,17.17000000,30.30000000,520.25100000,1680482388187,True,True
47286371,17.17000000,19.70000000,338.24900000,1680482388189,True,True
47286372,17.17000000,5.82000000,99.92940000,1680482388189,True,True
47286373,17.17000000,1.85000000,31.76450000,1680482388205,False,True
47286374,17.17000000,51.25000000,879.96250000,1680482388210,False,True
47286375,17.17000000,1.85000000,31.76450000,1680482388210,False,True
47286376,17.17000000,10.00000000,171.70000000,1680482437044,False,True
47286377,17.17000000,28.87000000,495.69790000,1680482437098,False,True
47286378,17.17000000,2.41000000,41.37970000,1680482437098,False,True
47286379,17.17000000,3.24000000,55.63080000,1680482437098,False,True
47286380,17.17000000,2.21000000,37.94570000,1680482437098,False,True
47286381,17.17000000,10.00000000,171.70000000,1680482437108,False,True
47286382,17.17000000,2.41000000,41.37970000,1680482437108,False,True
47286383,17.17000000,3.14000000,53.91380000,1680482437108,False,True
47286384,17.17000000,2.41000000,41.37970000,1680482448788,False,True
47286385,17.17000000,3.17000000,54.42890000,1680482448788,False,True
47286386,17.17000000,0.04000000,0.68680000,1680482448790,False,True
47286387,17.17000000,2.41000000,41.37970000,1680482479575,False,True
47286388,17.17000000,3.14000000,53.91380000,1680482479575,False,True
47286389,17.17000000,12.04000000,206.72680000,1680482479575,False,True
47286390,17.17000000,2.31000000,39.66270000,1680482483549,True,True
47286391,17.17000000,0.10000000,1.71700000,1680482484300,True,True
47286392,17.17000000,1.52000000,26.09840000,1680482484300,True,True
47286393,17.17000000,0.19000000,3.26230000,1680482506112,True,True
47286394,17.17000000,17.50000000,300.47500000,1680482506112,True,True
47286395,17.17000000,0.68000000,11.67560000,1680482506121,True,True
47286396,17.17000000,0.92000000,15.79640000,1680482506130,True,True
47286397,17.17000000,0.58000000,9.95860000,1680482506130,True,True
47286398,17.17000000,155.44000000,2668.90480000,1680482506131,True,True
47286399,17.17000000,255.86000000,4393.11620000,1680482506139,True,True
47286400,17.16000000,1.54000000,26.42640000,1680482510576,True,True
47286401,17.16000000,0.74000000,12.69840000,1680482510576,True,True
47286402,17.16000000,1.91000000,32.77560000,1680482510576,True,True
47286403,17.16000000,1.47000000,25.22520000,1680482510576,True,True
47286404,17.16000000,9.72000000,166.79520000,1680482527607,True,True
47286405,17.16000000,8.81000000,151.17960000,1680482527971,True,True
47286406,17.16000000,0.36000000,6.17760000,1680482527971,True,True
47286407,17.16000000,0.77000000,13.21320000,1680482527971,True,True
47286408,17.16000000,5.92000000,101.58720000,1680482527971,True,True
47286409,17.16000000,22.39000000,384.21240000,1680482527987,True,True
47286410,17.16000000,3.00000000,51.48000000,1680482527987,True,True
47286411,17.16000000,0.64000000,10.98240000,1680482527987,True,True
47286412,17.16000000,1.57000000,26.94120000,1680482527987,True,True
47286413,17.16000000,6.00000000,102.96000000,1680482527987,True,True
47286414,17.16000000,60.00000000,1029.60000000,1680482527987,True,True
47286415,17.16000000,5.81000000,99.69960000,1680482527987,True,True
47286416,17.16000000,3.30000000,56.62800000,1680482527987,True,True
47286417,17.16000000,11.66000000,200.08560000,1680482527987,True,True
47286418,17.16000000,11.66000000,200.08560000,1680482527987,True,True
47286419,17.16000000,11.66000000,200.08560000,1680482527987,True,True
47286420,17.16000000,11.66000000,200.08560000,1680482527987,True,True
47286421,17.16000000,11.66000000,200.08560000,1680482527987,True,True
47286422,17.16000000,14.94000000,256.37040000,1680482527987,True,True
47286423,17.16000000,35.06000000,601.62960000,1680482540942,True,True
47286424,17.16000000,3.30000000,56.62800000,1680482540942,True,True
47286425,17.16000000,60.00000000,1029.60000000,1680482540942,True,True
47286426,17.16000000,25.09000000,430.54440000,1680482540942,True,True
47286427,17.16000000,42.20000000,724.15200000,1680482540942,True,True
47286428,17.16000000,2.41000000,41.35560000,1680482540967,False,True
47286429,17.16000000,2.41000000,41.35560000,1680482540998,False,True
47286430,17.17000000,2.41000000,41.37970000,1680482560623,False,True
47286431,17.17000000,3.05000000,52.36850000,1680482560623,False,True
47286432,17.17000000,24.22000000,415.85740000,1680482560623,False,True
47286433,17.17000000,17.24000000,296.01080000,1680482560623,False,True
47286434,17.17000000,3.30000000,56.66100000,1680482560623,False,True
47286435,17.17000000,11.66000000,200.20220000,1680482560623,False,True
47286436,17.17000000,11.66000000,200.20220000,1680482560623,False,True
47286437,17.17000000,14.52000000,249.30840000,1680482560623,False,True
47286438,17.18000000,2.41000000,41.40380000,1680482560634,False,True
47286439,17.18000000,61.98000000,1064.81640000,1680482560634,False,True
47286440,17.18000000,21.75000000,373.66500000,1680482560634,False,True
47286441,17.17000000,2.41000000,41.37970000,1680482593478,True,True
47286442,17.17000000,4.86000000,83.44620000,1680482593478,True,True
47286443,17.17000000,7.27000000,124.82590000,1680482593478,True,True
47286444,17.18000000,1.21000000,20.78780000,1680482657563,False,True
47286445,17.18000000,2.09000000,35.90620000,1680482686626,False,True
47286446,17.18000000,3.30000000,56.69400000,1680482686626,False,True
47286447,17.18000000,1.30000000,22.33400000,1680482686626,False,True
47286448,17.18000000,0.15000000,2.57700000,1680482686631,False,True
47286449,17.18000000,1.14000000,19.58520000,1680482686645,True,True
47286450,17.18000000,2.41000000,41.40380000,1680482693228,True,True
47286451,17.18000000,6.10000000,104.79800000,1680482693228,True,True
47286452,17.17000000,2.41000000,41.37970000,1680482709941,True,True
47286453,17.17000000,0.23000000,3.94910000,1680482709941,True,True
47286454,17.18000000,1.15000000,19.75700000,1680482722258,False,True
47286455,17.18000000,0.38000000,6.52840000,1680482722263,False,True
47286456,17.18000000,3.15000000,54.11700000,1680482722263,False,True
47286457,17.18000000,1.47000000,25.25460000,1680482722263,False,True
47286458,17.18000000,1.47000000,25.25460000,1680482722263,False,True
47286459,17.18000000,8.51000000,146.20180000,1680482722284,True,True
47286460,17.19000000,2.41000000,41.42790000,1680482726578,False,True
47286461,17.19000000,11.57000000,198.88830000,1680482726578,False,True
47286462,17.19000000,3.30000000,56.72700000,1680482726578,False,True
47286463,17.19000000,8.51000000,146.28690000,1680482726634,True,True
47286464,17.20000000,2.41000000,41.45200000,1680482741263,False,True
47286465,17.20000000,5.81000000,99.93200000,1680482741263,False,True
47286466,17.20000000,3.30000000,56.76000000,1680482741263,False,True
47286467,17.20000000,3.30000000,56.76000000,1680482741263,False,True
47286468,17.20000000,2.68000000,46.09600000,1680482741413,True,True
47286469,17.21000000,2.40000000,41.30400000,1680482744216,False,True
47286470,17.21000000,30.51000000,525.07710000,1680482744216,False,True
47286471,17.21000000,10.17000000,175.02570000,1680482744216,False,True
47286472,17.21000000,3.25000000,55.93250000,1680482744216,False,True
47286473,17.21000000,3.30000000,56.79300000,1680482744216,False,True
47286474,17.21000000,1.71000000,29.42910000,1680482744216,False,True
47286475,17.21000000,1.71000000,29.42910000,1680482744216,False,True
47286476,17.21000000,1.90000000,32.69900000,1680482744460,True,True
47286477,17.22000000,0.67000000,11.53740000,1680482772762,False,True
47286478,17.22000000,1.91000000,32.89020000,1680482772762,False,True
47286479,17.22000000,3.24000000,55.79280000,1680482772762,False,True
47286480,17.22000000,18.07000000,311.16540000,1680482772762,False,True
47286481,17.22000000,3.34000000,57.51480000,1680482772762,False,True
47286482,17.23000000,2.40000000,41.35200000,1680482774037,False,True
47286483,17.23000000,5.80000000,99.93400000,1680482774037,False,True
47286484,17.23000000,3.24000000,55.82520000,1680482774037,False,True
47286485,17.23000000,4.46000000,76.84580000,1680482774037,False,True
47286486,17.23000000,3.05000000,52.55150000,1680482774637,True,True
47286487,17.23000000,1.15000000,19.81450000,1680482807336,True,True
47286488,17.23000000,1.25000000,21.53750000,1680482834991,True,True
47286489,17.23000000,5.80000000,99.93400000,1680482834991,True,True
47286490,17.23000000,1.46000000,25.15580000,1680482834991,True,True
47286491,17.22000000,2.41000000,41.50020000,1680482894329,True,True
47286492,17.22000000,45.62000000,785.57640000,1680482900091,False,True
47286493,17.22000000,1.71000000,29.44620000,1680482900091,False,True
47286494,17.22000000,2.40000000,41.32800000,1680482942014,True,True
47286495,17.22000000,38.14000000,656.77080000,1680482942014,True,True
47286496,17.22000000,64.32000000,1107.59040000,1680482942014,True,True
47286497,17.22000000,2.40000000,41.32800000,1680482942303,True,True
47286498,17.21000000,2.41000000,41.47610000,1680482962116,True,True
47286499,17.21000000,3.30000000,56.79300000,1680482962116,True,True
47286500,17.20000000,0.95000000,16.34000000,1680482962518,True,True
47286501,17.20000000,2.41000000,41.45200000,1680483001926,True,True
47286502,17.20000000,3.30000000,56.76000000,1680483001926,True,True
47286503,17.20000000,2.68000000,46.09600000,1680483001942,False,True
47286504,17.20000000,1.38000000,23.73600000,1680483017090,False,True
47286505,17.20000000,1.03000000,17.71600000,1680483017095,False,True
47286506,17.20000000,3.19000000,54.86800000,1680483017095,False,True
47286507,17.20000000,1.71000000,29.41200000,1680483017095,False,True
47286508,17.20000000,1.71000000,29.41200000,1680483017095,False,True
47286509,17.20000000,1.46000000,25.11200000,1680483017109,False,True
47286510,17.20000000,1.46000000,25.11200000,1680483017109,False,True
47286511,17.21000000,1.46000000,25.12660000,1680483024342,False,True
47286512,17.21000000,3.19000000,54.89990000,1680483024342,False,True
47286513,17.22000000,1.46000000,25.14120000,1680483066875,False,True
47286514,17.22000000,3.30000000,56.82600000,1680483066875,False,True
47286515,17.22000000,5.49000000,94.53780000,1680483066875,False,True
47286516,17.22000000,2.40000000,41.32800000,1680483067136,True,True
47286517,17.22000000,7.94000000,136.72680000,1680483067158,True,True
47286518,17.22000000,10.35000000,178.22700000,1680483067268,True,True
47286519,17.23000000,12.92000000,222.61160000,1680483079108,False,True
47286520,17.23000000,0.23000000,3.96290000,1680483079108,False,True
47286521,17.23000000,0.69000000,11.88870000,1680483097590,False,True
47286522,17.23000000,3.30000000,56.85900000,1680483097590,False,True
47286523,17.23000000,1.71000000,29.46330000,1680483097590,False,True
47286524,17.23000000,51.97000000,895.44310000,1680483097590,False,True
47286525,17.23000000,10.15000000,174.88450000,1680483097590,False,True
47286526,17.23000000,1.63000000,28.08490000,1680483097590,False,True
47286527,17.23000000,0.93000000,16.02390000,1680483097687,True,True
47286528,17.23000000,1.47000000,25.32810000,1680483097712,True,True
47286529,17.23000000,2.40000000,41.35200000,1680483097753,True,True
47286530,17.23000000,2.31000000,39.80130000,1680483117373,False,True
47286531,17.23000000,0.09000000,1.55070000,1680483119128,False,True
47286532,17.23000000,2.28000000,39.28440000,1680483119128,False,True
47286533,17.24000000,0.72000000,12.41280000,1680483175586,False,True
47286534,17.24000000,20.00000000,344.80000000,1680483175586,False,True
47286535,17.24000000,3.30000000,56.89200000,1680483175586,False,True
47286536,17.24000000,3.19000000,54.99560000,1680483175586,False,True
47286537,17.24000000,2.30000000,39.65200000,1680483195409,True,True
47286538,17.24000000,0.10000000,1.72400000,1680483195410,True,True
47286539,17.24000000,7.83000000,134.98920000,1680483232429,False,True
47286540,17.24000000,11.76000000,202.74240000,1680483232432,False,True
47286541,17.24000000,38.66000000,666.49840000,1680483232433,False,True
47286542,17.24000000,3.04000000,52.40960000,1680483232437,False,True
47286543,17.24000000,2.40000000,41.37600000,1680483232437,False,True
47286544,17.25000000,11.60000000,200.10000000,1680483241425,False,True
47286545,17.25000000,1.41000000,24.32250000,1680483276721,False,True
47286546,17.25000000,1.91000000,32.94750000,1680483276721,False,True
47286547,17.25000000,4.85000000,83.66250000,1680483276721,False,True
47286548,17.25000000,3.02000000,52.09500000,1680483276721,False,True
47286549,17.25000000,16.98000000,292.90500000,1680483276733,False,True
47286550,17.25000000,0.36000000,6.21000000,1680483276733,False,True
47286551,17.25000000,0.77000000,13.28250000,1680483276733,False,True
47286552,17.25000000,5.80000000,100.05000000,1680483276733,False,True
47286553,17.25000000,3.30000000,56.92500000,1680483276733,False,True
47286554,17.25000000,3.86000000,66.58500000,1680483276733,False,True
47286555,17.25000000,102.28000000,1764.33000000,1680483276733,False,True
47286556,17.25000000,97.72000000,1685.67000000,1680483276738,False,True
47286557,17.25000000,2.36000000,40.71000000,1680483276931,True,True
47286558,17.25000000,2.40000000,41.40000000,1680483299460,True,True
47286559,17.24000000,2.00000000,34.48000000,1680483382013,True,True
47286560,17.24000000,0.39000000,6.72360000,1680483429530,True,True
47286561,17.24000000,0.61000000,10.51640000,1680483429530,True,True
47286562,17.25000000,2.40000000,41.40000000,1680483573849,False,True
47286563,17.25000000,46.59000000,803.67750000,1680483573849,False,True
47286564,17.25000000,1.29000000,22.25250000,1680483573849,False,True
47286565,17.25000000,0.15000000,2.58750000,1680483573854,False,True
47286566,17.25000000,2.39000000,41.22750000,1680483602999,False,True
47286567,17.25000000,10.14000000,174.91500000,1680483602999,False,True
47286568,17.26000000,0.34000000,5.86840000,1680483640801,False,True
47286569,17.26000000,1.58000000,27.27080000,1680483640801,False,True
47286570,17.26000000,20.00000000,345.20000000,1680483640801,False,True
47286571,17.26000000,0.70000000,12.08200000,1680483640801,False,True
47286572,17.26000000,3.00000000,51.78000000,1680483640801,False,True
47286573,17.26000000,50.00000000,863.00000000,1680483640801,False,True
47286574,17.26000000,3.30000000,56.95800000,1680483640801,False,True
47286575,17.26000000,10.94000000,188.82440000,1680483640962,True,True
47286576,17.27000000,0.67000000,11.57090000,1680483668221,False,True
47286577,17.27000000,5.82000000,100.51140000,1680483668221,False,True
47286578,17.27000000,20.00000000,345.40000000,1680483668221,False,True
47286579,17.27000000,0.76000000,13.12520000,1680483668221,False,True
47286580,17.27000000,3.42000000,59.06340000,1680483668221,False,True
47286581,17.27000000,3.00000000,51.81000000,1680483668221,False,True
47286582,17.27000000,28.12000000,485.63240000,1680483668221,False,True
47286583,17.27000000,1.00000000,17.27000000,1680483668221,False,True
47286584,17.27000000,0.69000000,11.91630000,1680483668221,False,True
47286585,17.27000000,3.30000000,56.99100000,1680483668221,False,True
47286586,17.27000000,2.83000000,48.87410000,1680483668233,True,True
47286587,17.27000000,19.57000000,337.97390000,1680483668301,True,True
47286588,17.27000000,1.61000000,27.80470000,1680483672578,True,True
47286589,17.27000000,0.79000000,13.64330000,1680483672588,True,True
47286590,17.27000000,37.65000000,650.21550000,1680483672588,True,True
47286591,17.27000000,3.07000000,53.01890000,1680483672588,True,True
47286592,17.27000000,9.02000000,155.77540000,1680483672688,False,True
47286593,17.27000000,2.40000000,41.44800000,1680483694230,False,True
47286594,17.27000000,0.55000000,9.49850000,1680483694252,True,True
47286595,17.27000000,2.90000000,50.08300000,1680483815501,True,True
47286596,17.27000000,0.83000000,14.33410000,1680483816112,True,True
47286597,17.27000000,33.94000000,586.14380000,1680483816149,True,True
47286598,17.27000000,10.13000000,174.94510000,1680483816149,True,True
47286599,17.27000000,25.51000000,440.55770000,1680483816188,False,True
47286600,17.27000000,45.21000000,780.77670000,1680483816188,False,True
47286601,17.27000000,74.68000000,1289.72360000,1680483816188,False,True
47286602,17.27000000,44.38000000,766.44260000,1680483816219,False,True
47286603,17.27000000,2.40000000,41.44800000,1680483880080,True,True
47286604,17.27000000,5.67000000,97.92090000,1680483880080,True,True
47286605,17.27000000,2.39000000,41.27530000,1680483880085,True,True
47286606,17.27000000,19.09000000,329.68430000,1680483895467,False,True
47286607,17.27000000,60.11000000,1038.09970000,1680483895501,False,True
47286608,17.27000000,0.68000000,11.74360000,1680483895502,False,True
47286609,17.27000000,96.25000000,1662.23750000,1680483895504,False,True
47286610,17.27000000,96.25000000,1662.23750000,1680483895504,False,True
47286611,17.27000000,6.69000000,115.53630000,1680483895507,False,True
47286612,17.27000000,28.92000000,499.44840000,1680483895512,False,True
47286613,17.27000000,3.93000000,67.87110000,1680483895514,False,True
47286614,17.27000000,2.40000000,41.44800000,1680483922546,False,True
47286615,17.27000000,2.40000000,41.44800000,1680483997781,True,True
47286616,17.26000000,37.70000000,650.70200000,1680484027723,True,True
47286617,17.26000000,4.62000000,79.74120000,1680484027723,True,True
47286618,17.25000000,3.30000000,56.92500000,1680484056559,True,True
47286619,17.25000000,4.77000000,82.28250000,1680484056559,True,True
47286620,17.25000000,38.65000000,666.71250000,1680484056559,True,True
47286621,17.25000000,45.21000000,779.87250000,1680484056559,True,True
47286622,17.25000000,54.68000000,943.23000000,1680484056562,True,True
47286623,17.25000000,10.22000000,176.29500000,1680484056578,True,True
47286624,17.25000000,4.82000000,83.14500000,1680484056578,True,True
47286625,17.25000000,4.60000000,79.35000000,1680484056594,True,True
47286626,17.24000000,4.54000000,78.26960000,1680484093351,True,True
47286627,17.24000000,0.69000000,11.89560000,1680484093351,True,True
47286628,17.24000000,3.30000000,56.89200000,1680484093351,True,True
47286629,17.23000000,8.53000000,146.97190000,1680484093372,True,True
47286630,17.23000000,2.40000000,41.35200000,1680484138341,True,True
47286631,17.23000000,6.00000000,103.38000000,1680484138341,True,True
47286632,17.23000000,1.60000000,27.56800000,1680484138341,True,True
47286633,17.23000000,36.33000000,625.96590000,1680484153915,True,True
47286634,17.23000000,11.60000000,199.86800000,1680484153918,True,True
47286635,17.23000000,13.87000000,238.98010000,1680484153920,True,True
47286636,17.23000000,4.76000000,82.01480000,1680484153920,True,True
47286637,17.23000000,0.13000000,2.23990000,1680484153939,True,True
47286638,17.23000000,38.62000000,665.42260000,1680484154538,False,True
47286639,17.23000000,11.11000000,191.42530000,1680484154538,False,True
47286640,17.23000000,2.40000000,41.35200000,1680484175033,False,True
47286641,17.23000000,10.15000000,174.88450000,1680484175033,False,True
47286642,17.24000000,2.40000000,41.37600000,1680484204618,False,True
47286643,17.24000000,2.40000000,41.37600000,1680484224017,True,True
47286644,17.24000000,2.40000000,41.37600000,1680484248844,False,True
47286645,17.24000000,4.54000000,78.26960000,1680484308691,True,True
47286646,17.24000000,10.15000000,174.98600000,1680484308691,True,True
47286647,17.23000000,38.62000000,665.42260000,1680484308691,True,True
47286648,17.23000000,22.74000000,391.81020000,1680484308691,True,True
47286649,17.23000000,2.40000000,41.35200000,1680484378622,True,True
47286650,17.23000000,1.65000000,28.42950000,1680484401995,False,True
47286651,17.22000000,0.45000000,7.74900000,1680484458977,True,True
47286652,17.22000000,0.22000000,3.78840000,1680484458987,True,True
47286653,17.22000000,10.16000000,174.95520000,1680484458987,True,True
47286654,17.22000000,20.32000000,349.91040000,1680484458987,True,True
47286655,17.22000000,3.30000000,56.82600000,1680484458987,True,True
47286656,17.22000000,5.80000000,99.87600000,1680484458987,True,True
47286657,17.22000000,13.00000000,223.86000000,1680484458987,True,True
47286658,17.22000000,10.56000000,181.84320000,1680484461536,False,True
47286659,17.22000000,0.77000000,13.25940000,1680484466047,False,True
47286660,17.22000000,1.41000000,24.28020000,1680484472973,False,True
47286661,17.22000000,11.57000000,199.23540000,1680484481943,False,True
47286662,17.22000000,2.20000000,37.88400000,1680484481944,False,True
47286663,17.22000000,24.37000000,419.65140000,1680484481947,False,True
47286664,17.22000000,4.40000000,75.76800000,1680484481947,False,True
47286665,17.22000000,1.38000000,23.76360000,1680484481948,False,True
47286666,17.22000000,32.23000000,555.00060000,1680484481965,False,True
47286667,17.22000000,2.40000000,41.32800000,1680484481965,False,True
47286668,17.22000000,3.03000000,52.17660000,1680484493226,True,True
47286669,17.23000000,0.75000000,12.92250000,1680484512204,False,True
47286670,17.23000000,12.20000000,210.20600000,1680484512204,False,True
47286671,17.23000000,3.49000000,60.13270000,1680484532679,True,True
47286672,17.23000000,0.91000000,15.67930000,1680484678099,True,True
47286673,17.23000000,0.68000000,11.71640000,1680484678106,True,True
47286674,17.23000000,0.81000000,13.95630000,1680484678232,True,True
47286675,17.23000000,1.28000000,22.05440000,1680484678232,True,True
47286676,17.23000000,1.59000000,27.39570000,1680484678232,True,True
47286677,17.23000000,0.15000000,2.58450000,1680484678232,True,True
47286678,17.22000000,2.40000000,41.32800000,1680484690731,True,True
47286679,17.22000000,3.30000000,56.82600000,1680484690731,True,True
47286680,17.22000000,1.08000000,18.59760000,1680484690731,True,True
47286681,17.22000000,52.43000000,902.84460000,1680484690737,True,True
47286682,17.22000000,10.15000000,174.78300000,1680484690737,True,True
47286683,17.22000000,0.68000000,11.70960000,1680484783876,False,True
47286684,17.22000000,1.72000000,29.61840000,1680484783877,False,True
47286685,17.22000000,0.30000000,5.16600000,1680484810457,True,True
47286686,17.22000000,51.81000000,892.16820000,1680484810457,True,True
47286687,17.22000000,34.95000000,601.83900000,1680484810457,True,True
47286688,17.22000000,3.12000000,53.72640000,1680484839520,True,True
47286689,17.22000000,3.85000000,66.29700000,1680484839520,True,True
47286690,17.22000000,1.09000000,18.76980000,1680484853819,True,True
47286691,17.23000000,1.26000000,21.70980000,1680484877394,False,True
47286692,17.22000000,0.68000000,11.70960000,1680484888717,True,True
47286693,17.22000000,0.31000000,5.33820000,1680484896984,True,True
47286694,17.22000000,2.07000000,35.64540000,1680484896984,True,True
47286695,17.22000000,0.73000000,12.57060000,1680484897009,False,True
47286696,17.21000000,2.40000000,41.30400000,1680484901799,True,True
47286697,17.21000000,3.30000000,56.79300000,1680484901799,True,True
47286698,17.21000000,20.00000000,344.20000000,1680484901799,True,True
47286699,17.20000000,2.41000000,41.45200000,1680484933278,True,True
47286700,17.20000000,1.41000000,24.25200000,1680484933278,True,True
47286701,17.20000000,1.00000000,17.20000000,1680484933278,True,True
47286702,17.20000000,6.00000000,103.20000000,1680484933278,True,True
47286703,17.20000000,20.00000000,344.00000000,1680484933278,True,True
47286704,17.20000000,4.53000000,77.91600000,1680484933278,True,True
47286705,17.20000000,5.81000000,99.93200000,1680484933278,True,True
47286706,17.20000000,7.19000000,123.66800000,1680484933284,True,True
47286707,17.20000000,3.30000000,56.76000000,1680484933284,True,True
47286708,17.20000000,6.08000000,104.57600000,1680484933284,True,True
47286709,17.20000000,4.09000000,70.34800000,1680484933287,True,True
47286710,17.20000000,7.48000000,128.65600000,1680484933287,True,True
47286711,17.20000000,12.87000000,221.36400000,1680484933288,True,True
47286712,17.20000000,20.35000000,350.02000000,1680484933294,True,True
47286713,17.20000000,1.32000000,22.70400000,1680484983839,False,True
47286714,17.20000000,5.17000000,88.92400000,1680484984037,False,True
47286715,17.20000000,0.68000000,11.69600000,1680484984966,False,True
47286716,17.20000000,1.73000000,29.75600000,1680484984975,False,True
47286717,17.20000000,1.30000000,22.36000000,1680484984975,False,True
47286718,17.20000000,1.46000000,25.11200000,1680484984975,False,True
47286719,17.20000000,0.15000000,2.58000000,1680484984975,False,True
47286720,17.20000000,6.93000000,119.19600000,1680485039047,True,True
47286721,17.20000000,1.89000000,32.50800000,1680485039047,True,True
47286722,17.19000000,2.41000000,41.42790000,1680485079204,True,True
47286723,17.19000000,0.72000000,12.37680000,1680485079204,True,True
47286724,17.19000000,1.91000000,32.83290000,1680485079204,True,True
47286725,17.19000000,20.00000000,343.80000000,1680485079204,True,True
47286726,17.19000000,3.30000000,56.72700000,1680485079204,True,True
47286727,17.19000000,20.36000000,349.98840000,1680485079204,True,True
47286728,17.19000000,10.17000000,174.82230000,1680485079204,True,True
47286729,17.19000000,13.00000000,223.47000000,1680485079204,True,True
47286730,17.19000000,44.09000000,757.90710000,1680485079204,True,True
47286731,17.19000000,0.41000000,7.04790000,1680485079213,False,True
47286732,17.19000000,3.09000000,53.11710000,1680485079214,False,True
47286733,17.19000000,8.49000000,145.94310000,1680485079237,False,True
47286734,17.19000000,1.55000000,26.64450000,1680485079267,False,True
47286735,17.19000000,1.44000000,24.75360000,1680485114289,False,True
47286736,17.19000000,2.41000000,41.42790000,1680485114352,False,True
47286737,17.18000000,2.02000000,34.70360000,1680485137894,True,True
47286738,17.18000000,0.67000000,11.51060000,1680485137894,True,True
47286739,17.18000000,2.31000000,39.68580000,1680485137894,True,True
47286740,17.18000000,2.54000000,43.63720000,1680485170912,True,True
47286741,17.18000000,20.00000000,343.60000000,1680485170912,True,True
47286742,17.18000000,0.34000000,5.84120000,1680485170912,True,True
47286743,17.18000000,1.58000000,27.14440000,1680485170912,True,True
47286744,17.18000000,0.76000000,13.05680000,1680485170912,True,True
47286745,17.18000000,3.42000000,58.75560000,1680485170912,True,True
47286746,17.18000000,2.55000000,43.80900000,1680485170912,True,True
47286747,17.18000000,3.30000000,56.69400000,1680485170912,True,True
47286748,17.18000000,11.82000000,203.06760000,1680485170912,True,True
47286749,17.18000000,0.95000000,16.32100000,1680485170912,True,True
47286750,17.18000000,21.87000000,375.72660000,1680485170918,True,True
47286751,17.19000000,1.01000000,17.36190000,1680485204220,False,True
47286752,17.18000000,0.68000000,11.68240000,1680485228681,True,True
47286753,17.18000000,11.73000000,201.52140000,1680485230467,True,True
47286754,17.18000000,3.30000000,56.69400000,1680485230467,True,True
47286755,17.17000000,49.77000000,854.55090000,1680485281109,True,True
47286756,17.17000000,20.00000000,343.40000000,1680485281109,True,True
47286757,17.17000000,1.00000000,17.17000000,1680485281109,True,True
47286758,17.17000000,0.70000000,12.01900000,1680485281109,True,True
47286759,17.17000000,3.00000000,51.51000000,1680485281109,True,True
47286760,17.17000000,3.30000000,56.66100000,1680485281109,True,True
47286761,17.17000000,18.48000000,317.30160000,1680485281109,True,True
47286762,17.17000000,3.38000000,58.03460000,1680485281109,True,True
47286763,17.17000000,54.15000000,929.75550000,1680485281109,True,True
47286764,17.17000000,38.72000000,664.82240000,1680485281109,True,True
47286765,17.17000000,2.41000000,41.37970000,1680485281114,True,True
47286766,17.17000000,8.20000000,140.79400000,1680485281118,True,True
47286767,17.17000000,0.67000000,11.50390000,1680485281123,True,True
47286768,17.17000000,1.01000000,17.34170000,1680485281136,False,True
47286769,17.17000000,1.45000000,24.89650000,1680485281158,False,True
47286770,17.17000000,1.50000000,25.75500000,1680485281278,False,True
47286771,17.17000000,8.49000000,145.77330000,1680485281308,False,True
47286772,17.17000000,26.40000000,453.28800000,1680485290578,False,True
47286773,17.17000000,2.41000000,41.37970000,1680485290578,False,True
47286774,17.17000000,12.46000000,213.93820000,1680485290578,False,True
47286775,17.17000000,55.13000000,946.58210000,1680485290582,False,True
47286776,17.17000000,0.75000000,12.87750000,1680485297680,False,True
47286777,17.16000000,0.30000000,5.14800000,1680485301751,True,True
47286778,17.16000000,1.17000000,20.07720000,1680485301751,True,True
47286779,17.16000000,1.47000000,25.22520000,1680485301751,True,True
47286780,17.16000000,1.91000000,32.77560000,1680485301751,True,True
47286781,17.16000000,20.00000000,343.20000000,1680485301751,True,True
47286782,17.16000000,0.77000000,13.21320000,1680485301751,True,True
47286783,17.16000000,0.36000000,6.17760000,1680485301751,True,True
47286784,17.16000000,15.40000000,264.26400000,1680485301751,True,True
47286785,17.17000000,1.66000000,28.50220000,1680485334196,False,True
47286786,17.17000000,5.68000000,97.52560000,1680485334196,False,True
47286787,17.17000000,7.34000000,126.02780000,1680485334254,False,True
47286788,17.17000000,25.88000000,444.35960000,1680485334255,False,True
47286789,17.17000000,4.92000000,84.47640000,1680485334255,False,True
47286790,17.17000000,0.30000000,5.15100000,1680485356272,False,True
47286791,17.16000000,12.91000000,221.53560000,1680485363368,True,True
47286792,17.16000000,3.00000000,51.48000000,1680485363368,True,True
47286793,17.16000000,3.30000000,56.62800000,1680485363368,True,True
47286794,17.16000000,3.12000000,53.53920000,1680485363379,False,True
47286795,17.16000000,0.77000000,13.21320000,1680485363383,False,True
47286796,17.16000000,7.68000000,131.78880000,1680485363395,False,True
47286797,17.16000000,2.41000000,41.35560000,1680485363395,False,True
47286798,17.16000000,48.84000000,838.09440000,1680485363395,False,True
47286799,17.16000000,44.94000000,771.17040000,1680485363395,False,True
47286800,17.16000000,1.71000000,29.34360000,1680485363395,False,True
47286801,17.16000000,1.71000000,29.34360000,1680485363395,False,True
47286802,17.16000000,4.61000000,79.10760000,1680485363395,False,True
47286803,17.16000000,1.67000000,28.65720000,1680485453121,False,True
47286804,17.16000000,1.47000000,25.22520000,1680485453121,False,True
47286805,17.16000000,1.71000000,29.34360000,1680485453121,False,True
47286806,17.16000000,1.71000000,29.34360000,1680485453121,False,True
47286807,17.17000000,1.16000000,19.91720000,1680485475634,False,True
47286808,17.16000000,1.35000000,23.16600000,1680485506081,True,True
47286809,17.16000000,1.06000000,18.18960000,1680485506224,True,True
47286810,17.16000000,1.47000000,25.22520000,1680485506224,True,True
47286811,17.16000000,1.61000000,27.62760000,1680485506331,True,True
47286812,17.15000000,1.61000000,27.61150000,1680485506450,True,True
47286813,17.15000000,0.69000000,11.83350000,1680485506450,True,True
47286814,17.15000000,0.81000000,13.89150000,1680485506450,True,True
47286815,17.16000000,2.41000000,41.35560000,1680485516204,False,True
47286816,17.16000000,1.71000000,29.34360000,1680485516204,False,True
47286817,17.16000000,1.71000000,29.34360000,1680485516204,False,True
47286818,17.16000000,5.82000000,99.87120000,1680485516204,False,True
47286819,17.15000000,0.60000000,10.29000000,1680485563127,True,True
47286820,17.15000000,1.36000000,23.32400000,1680485563127,True,True
47286821,17.15000000,0.71000000,12.17650000,1680485563127,True,True
47286822,17.15000000,2.40000000,41.16000000,1680485563127,True,True
47286823,17.15000000,0.96000000,16.46400000,1680485563220,True,True
47286824,17.15000000,1.19000000,20.40850000,1680485563220,True,True
47286825,17.15000000,0.64000000,10.97600000,1680485563220,True,True
47286826,17.15000000,5.75000000,98.61250000,1680485563220,True,True
47286827,17.15000000,3.15000000,54.02250000,1680485563698,True,True
47286828,17.16000000,2.41000000,41.35560000,1680485586092,False,True
47286829,17.17000000,2.08000000,35.71360000,1680485617480,False,True
47286830,17.17000000,0.21000000,3.60570000,1680485617480,False,True
47286831,17.18000000,2.41000000,41.40380000,1680485621390,False,True
47286832,17.18000000,3.30000000,56.69400000,1680485621390,False,True
47286833,17.18000000,2.41000000,41.40380000,1680485643177,True,True
47286834,17.18000000,2.41000000,41.40380000,1680485643219,True,True
47286835,17.17000000,9.05000000,155.38850000,1680485656952,True,True
47286836,17.17000000,2.31000000,39.66270000,1680485667884,True,True
47286837,17.17000000,0.51000000,8.75670000,1680485667884,True,True
47286838,17.17000000,1.90000000,32.62300000,1680485679967,True,True
47286839,17.17000000,52.39000000,899.53630000,1680485679967,True,True
47286840,17.17000000,6.22000000,106.79740000,1680485679967,True,True
47286841,17.17000000,5.00000000,85.85000000,1680485689768,True,True
47286842,17.17000000,0.60000000,10.30200000,1680485742668,True,True
47286843,17.16000000,1.00000000,17.16000000,1680485752813,True,True
47286844,17.16000000,1.71000000,29.34360000,1680485763756,True,True
47286845,17.16000000,1.59000000,27.28440000,1680485763756,True,True
47286846,17.16000000,0.12000000,2.05920000,1680485763756,True,True
47286847,17.16000000,1.00000000,17.16000000,1680485764126,True,True
47286848,17.15000000,11.10000000,190.36500000,1680485813683,True,True
47286849,17.15000000,3.00000000,51.45000000,1680485813683,True,True
47286850,17.15000000,16.34000000,280.23100000,1680485813683,True,True
47286851,17.15000000,36.71000000,629.57650000,1680485813803,True,True
47286852,17.15000000,33.27000000,570.58050000,1680485813908,True,True
47286853,17.15000000,34.53000000,592.18950000,1680485820955,True,True
47286854,17.15000000,29.31000000,502.66650000,1680485821083,True,True
47286855,17.15000000,29.31000000,502.66650000,1680485821246,True,True
47286856,17.15000000,31.35000000,537.65250000,1680485823032,True,True
47286857,17.15000000,32.69000000,560.63350000,1680485837030,True,True
47286858,17.15000000,37.61000000,645.01150000,1680485837198,True,True
47286859,17.15000000,29.45000000,505.06750000,1680485837303,True,True
47286860,17.15000000,57.00000000,977.55000000,1680485840223,True,True
47286861,17.15000000,1.00000000,17.15000000,1680485841760,True,True
47286862,17.15000000,8.49000000,145.60350000,1680485841851,True,True
47286863,17.15000000,1.00000000,17.15000000,1680485841858,True,True
47286864,17.15000000,33.11000000,567.83650000,1680485843124,True,True
47286865,17.15000000,2.00000000,34.30000000,1680485843322,True,True
47286866,17.15000000,3.00000000,51.45000000,1680485843472,True,True
47286867,17.15000000,19.18000000,328.93700000,1680485847693,True,True
47286868,17.15000000,19.13000000,328.07950000,1680485847794,True,True
47286869,17.15000000,6.00000000,102.90000000,1680485848057,True,True
47286870,17.15000000,13.69000000,234.78350000,1680485850211,True,True
47286871,17.15000000,182.68000000,3132.96200000,1680485854133,True,True
47286872,17.15000000,0.68000000,11.66200000,1680485854135,True,True
47286873,17.15000000,46.81000000,802.79150000,1680485854139,True,True
47286874,17.15000000,39.93000000,684.79950000,1680485854139,True,True
47286875,17.15000000,11.57000000,198.42550000,1680485854141,True,True
47286876,17.15000000,1.38000000,23.66700000,1680485854141,True,True
47286877,17.15000000,94.74000000,1624.79100000,1680485854142,True,True
47286878,17.15000000,11.09000000,190.19350000,1680485854142,True,True
47286879,17.15000000,2.41000000,41.33150000,1680485854143,True,True
47286880,17.15000000,27.00000000,463.05000000,1680485854147,True,True
47286881,17.15000000,18.66000000,320.01900000,1680485854147,True,True
47286882,17.15000000,19.05000000,326.70750000,1680485854148,True,True
47286883,17.15000000,0.80000000,13.72000000,1680485854149,True,True
47286884,17.15000000,3.30000000,56.59500000,1680485854149,True,True
47286885,17.15000000,2.41000000,41.33150000,1680485854158,False,True
47286886,17.15000000,1.25000000,21.43750000,1680485854158,False,True
47286887,17.15000000,0.33000000,5.65950000,1680485857029,False,True
47286888,17.14000000,1.71000000,29.30940000,1680485948152,True,True
47286889,17.14000000,0.59000000,10.11260000,1680485948153,True,True
47286890,17.14000000,0.34000000,5.82760000,1680485948153,True,True
47286891,17.14000000,0.78000000,13.36920000,1680485948153,True,True
47286892,17.14000000,1.71000000,29.30940000,1680485948153,True,True
47286893,17.14000000,17.51000000,300.12140000,1680485948231,True,True
47286894,17.14000000,3.00000000,51.42000000,1680485948231,True,True
47286895,17.14000000,1.06000000,18.16840000,1680485948231,True,True
47286896,17.14000000,0.64000000,10.96960000,1680485948231,True,True
47286897,17.14000000,0.73000000,12.51220000,1680485948231,True,True
47286898,17.14000000,1.51000000,25.88140000,1680485948231,True,True
47286899,17.14000000,4.32000000,74.04480000,1680485948231,True,True
47286900,17.14000000,64.07000000,1098.15980000,1680485948272,True,True
47286901,17.14000000,2.00000000,34.28000000,1680485948272,True,True
47286902,17.14000000,13.93000000,238.76020000,1680485948273,True,True
47286903,17.14000000,2.00000000,34.28000000,1680485948292,True,True
47286904,17.14000000,1.00000000,17.14000000,1680485948300,True,True
47286905,17.14000000,1.00000000,17.14000000,1680485948300,True,True
47286906,17.14000000,2.00000000,34.28000000,1680485948377,True,True
47286907,17.14000000,1.00000000,17.14000000,1680485948386,True,True
47286908,17.14000000,2.00000000,34.28000000,1680485948391,True,True
47286909,17.14000000,1.00000000,17.14000000,1680485948414,True,True
47286910,17.14000000,1.00000000,17.14000000,1680485948439,True,True
47286911,17.14000000,2.00000000,34.28000000,1680485948449,True,True
47286912,17.14000000,10.53000000,180.48420000,1680485949249,True,True
47286913,17.14000000,7.50000000,128.55000000,1680485949254,True,True
47286914,17.14000000,3.00000000,51.42000000,1680485949254,True,True
47286915,17.14000000,2.00000000,34.28000000,1680485949256,True,True
47286916,17.14000000,8.44000000,144.66160000,1680485949258,True,True
47286917,17.14000000,23.48000000,402.44720000,1680485949258,True,True
47286918,17.14000000,3.00000000,51.42000000,1680485949258,True,True
47286919,17.14000000,20.31000000,348.11340000,1680485949258,True,True
47286920,17.14000000,22.50000000,385.65000000,1680485949259,True,True
47286921,17.14000000,1.92000000,32.90880000,1680485949259,True,True
47286922,17.14000000,3.30000000,56.56200000,1680485949259,True,True
47286923,17.14000000,1.30000000,22.28200000,1680485949259,True,True
47286924,17.14000000,0.15000000,2.57100000,1680485949259,True,True
47286925,17.13000000,2.00000000,34.26000000,1680485949259,True,True
47286926,17.13000000,0.30000000,5.13900000,1680485949262,True,True
47286927,17.13000000,0.67000000,11.47710000,1680485949262,True,True
47286928,17.13000000,0.03000000,0.51390000,1680485949262,True,True
47286929,17.13000000,0.69000000,11.81970000,1680485949321,True,True
47286930,17.13000000,0.64000000,10.96320000,1680485949321,True,True
47286931,17.13000000,1.92000000,32.88960000,1680485949321,True,True
47286932,17.13000000,0.75000000,12.84750000,1680485949321,True,True
47286933,17.13000000,4.00000000,68.52000000,1680485949321,True,True
47286934,17.13000000,4.00000000,68.52000000,1680485949340,True,True
47286935,17.13000000,1.71000000,29.29230000,1680485952104,True,True
47286936,17.13000000,9.54000000,163.42020000,1680485952105,True,True
47286937,17.13000000,3.00000000,51.39000000,1680485952105,True,True
47286938,17.13000000,17.51000000,299.94630000,1680485952105,True,True
47286939,17.13000000,50.00000000,856.50000000,1680485952105,True,True
47286940,17.13000000,6.00000000,102.78000000,1680485952105,True,True
47286941,17.13000000,50.00000000,856.50000000,1680485952105,True,True
47286942,17.13000000,45.84000000,785.23920000,1680485952105,True,True
47286943,17.13000000,3.30000000,56.52900000,1680485952105,True,True
47286944,17.13000000,1.71000000,29.29230000,1680485952112,False,True
47286945,17.13000000,0.70000000,11.99100000,1680485952154,False,True
47286946,17.13000000,10.21000000,174.89730000,1680485952154,False,True
47286947,17.13000000,20.43000000,349.96590000,1680485952154,False,True
47286948,17.13000000,44.94000000,769.82220000,1680485952154,False,True
47286949,17.13000000,0.69000000,11.81970000,1680485960229,False,True
47286950,17.13000000,1.73000000,29.63490000,1680485960232,False,True
47286951,17.13000000,9.84000000,168.55920000,1680485960232,False,True
47286952,17.13000000,14.03000000,240.33390000,1680485960232,False,True
47286953,17.13000000,20.43000000,349.96590000,1680485960232,False,True
47286954,17.13000000,10.21000000,174.89730000,1680485960232,False,True
47286955,17.13000000,45.55000000,780.27150000,1680485960232,False,True
47286956,17.13000000,6.03000000,103.29390000,1680485960232,False,True
47286957,17.13000000,75.97000000,1301.36610000,1680485960232,False,True
47286958,17.13000000,16.32000000,279.56160000,1680485960232,False,True
47286959,17.13000000,3.96000000,67.83480000,1680485960232,False,True
47286960,17.13000000,5.97000000,102.26610000,1680485960232,False,True
47286961,17.13000000,24.23000000,415.05990000,1680485960232,False,True
47286962,17.13000000,11.87000000,203.33310000,1680485960232,False,True
47286963,17.13000000,9.50000000,162.73500000,1680485960553,True,True
47286964,17.14000000,26.74000000,458.32360000,1680485974412,False,True
47286965,17.14000000,16.53000000,283.32420000,1680485974412,False,True
47286966,17.14000000,10.21000000,174.99940000,1680485974412,False,True
47286967,17.14000000,30.63000000,524.99820000,1680485974412,False,True
47286968,17.14000000,2.42000000,41.47880000,1680485984175,True,True
47286969,17.14000000,6.08000000,104.21120000,1680485984175,True,True
47286970,17.14000000,37.04000000,634.86560000,1680485993790,True,True
47286971,17.14000000,14.80000000,253.67200000,1680485993790,True,True
47286972,17.14000000,45.48000000,779.52720000,1680485993790,True,True
47286973,17.14000000,23.39000000,400.90460000,1680485993790,True,True
47286974,17.14000000,13.76000000,235.84640000,1680485993841,True,True
47286975,17.14000000,53.10000000,910.13400000,1680485993841,True,True
47286976,17.14000000,7.11000000,121.86540000,1680485993841,True,True
47286977,17.14000000,8.49000000,145.51860000,1680485995660,True,True
47286978,17.14000000,72.16000000,1236.82240000,1680485996209,True,True
47286979,17.15000000,24.17000000,414.51550000,1680486047392,False,True
47286980,17.15000000,30.62000000,525.13300000,1680486047392,False,True
47286981,17.15000000,10.20000000,174.93000000,1680486047392,False,True
47286982,17.15000000,30.62000000,525.13300000,1680486047392,False,True
47286983,17.15000000,2.21000000,37.90150000,1680486047392,False,True
47286984,17.15000000,0.68000000,11.66200000,1680486047436,False,True
47286985,17.15000000,1.10000000,18.86500000,1680486064518,False,True
47286986,17.15000000,1.31000000,22.46650000,1680486088854,False,True
47286987,17.15000000,3.30000000,56.59500000,1680486088854,False,True
47286988,17.15000000,1.47000000,25.21050000,1680486088854,False,True
47286989,17.15000000,1.47000000,25.21050000,1680486088861,False,True
47286990,17.15000000,1.35000000,23.15250000,1680486131958,True,True
47286991,17.15000000,38.65000000,662.84750000,1680486131958,True,True
47286992,17.15000000,6.87000000,117.82050000,1680486132128,True,True
47286993,17.15000000,2.41000000,41.33150000,1680486132128,True,True
47286994,17.15000000,11.24000000,192.76600000,1680486132128,True,True
47286995,17.15000000,57.72000000,989.89800000,1680486139774,True,True
47286996,17.14000000,82.00000000,1405.48000000,1680486147572,True,True
47286997,17.14000000,69.25000000,1186.94500000,1680486147572,True,True
47286998,17.14000000,0.42000000,7.19880000,1680486147581,True,True
47286999,17.14000000,10.21000000,174.99940000,1680486147581,True,True
47287000,17.14000000,8.07000000,138.31980000,1680486147581,True,True
47287001,17.14000000,15.60000000,267.38400000,1680486147622,True,True
47287002,17.14000000,12.67000000,217.16380000,1680486147638,True,True
47287003,17.14000000,1.11000000,19.02540000,1680486147642,True,True
47287004,17.14000000,6.78000000,116.20920000,1680486147642,True,True
47287005,17.14000000,5.55000000,95.12700000,1680486147643,True,True
47287006,17.14000000,4.77000000,81.75780000,1680486147643,True,True
47287007,17.14000000,4.71000000,80.72940000,1680486147652,True,True
47287008,17.14000000,12.56000000,215.27840000,1680486147704,True,True
47287009,17.13000000,2.42000000,41.45460000,1680486147800,True,True
47287010,17.13000000,5.83000000,99.86790000,1680486147800,True,True
47287011,17.13000000,11.67000000,199.90710000,1680486147800,True,True
47287012,17.13000000,3.30000000,56.52900000,1680486147800,True,True
47287013,17.13000000,6.14000000,105.17820000,1680486147800,True,True
47287014,17.13000000,4.55000000,77.94150000,1680486147800,True,True
47287015,17.13000000,0.45000000,7.70850000,1680486153860,True,True
47287016,17.13000000,1.02000000,17.47260000,1680486153868,True,True
47287017,17.12000000,2.30000000,39.37600000,1680486157434,True,True
47287018,17.12000000,0.64000000,10.95680000,1680486157434,True,True
47287019,17.12000000,10.00000000,171.20000000,1680486157434,True,True
47287020,17.12000000,3.43000000,58.72160000,1680486157434,True,True
47287021,17.12000000,0.72000000,12.32640000,1680486157434,True,True
47287022,17.12000000,0.71000000,12.15520000,1680486157434,True,True
47287023,17.12000000,3.30000000,56.49600000,1680486157434,True,True
47287024,17.12000000,30.56000000,523.18720000,1680486157434,True,True
47287025,17.11000000,4.85000000,82.98350000,1680486159385,True,True
47287026,17.11000000,1.58000000,27.03380000,1680486159385,True,True
47287027,17.11000000,2.29000000,39.18190000,1680486159385,True,True
47287028,17.11000000,0.64000000,10.95040000,1680486159385,True,True
47287029,17.11000000,20.00000000,342.20000000,1680486159385,True,True
47287030,17.11000000,1.07000000,18.30770000,1680486159385,True,True
47287031,17.11000000,3.75000000,64.16250000,1680486159385,True,True
47287032,17.11000000,1.92000000,32.85120000,1680486159385,True,True
47287033,17.11000000,1.08000000,18.47880000,1680486159468,True,True
47287034,17.11000000,16.15000000,276.32650000,1680486159468,True,True
47287035,17.11000000,20.28000000,346.99080000,1680486159480,True,True
47287036,17.11000000,8.65000000,148.00150000,1680486159485,True,True
47287037,17.11000000,4.92000000,84.18120000,1680486159508,True,True
47287038,17.11000000,6.00000000,102.66000000,1680486159508,True,True
47287039,17.11000000,3.30000000,56.46300000,1680486159508,True,True
47287040,17.11000000,29.60000000,506.45600000,1680486159581,False,True
47287041,17.10000000,1.54000000,26.33400000,1680486160770,True,True
47287042,17.10000000,28.33000000,484.44300000,1680486160770,True,True
47287043,17.11000000,0.96000000,16.42560000,1680486161071,False,True
47287044,17.10000000,31.60000000,540.36000000,1680486164727,True,True
47287045,17.10000000,188.17000000,3217.70700000,1680486164734,True,True
47287046,17.10000000,0.53000000,9.06300000,1680486164734,True,True
47287047,17.10000000,1.32000000,22.57200000,1680486164734,True,True
47287048,17.10000000,0.40000000,6.84000000,1680486164734,True,True
47287049,17.10000000,0.64000000,10.94400000,1680486164734,True,True
47287050,17.10000000,0.70000000,11.97000000,1680486164734,True,True
47287051,17.10000000,5.84000000,99.86400000,1680486164734,True,True
47287052,17.10000000,29.24000000,500.00400000,1680486164734,True,True
47287053,17.10000000,1.41000000,24.11100000,1680486164734,True,True
47287054,17.10000000,1.92000000,32.83200000,1680486164734,True,True
47287055,17.10000000,0.34000000,5.81400000,1680486164734,True,True
47287056,17.10000000,3.37000000,57.62700000,1680486164734,True,True
47287057,17.10000000,20.00000000,342.00000000,1680486164734,True,True
47287058,17.10000000,0.67000000,11.45700000,1680486164734,True,True
47287059,17.10000000,3.00000000,51.30000000,1680486164734,True,True
47287060,17.10000000,1.00000000,17.10000000,1680486164734,True,True
47287061,17.10000000,3.35000000,57.28500000,1680486164734,True,True
47287062,17.10000000,50.00000000,855.00000000,1680486164734,True,True
47287063,17.10000000,4.46000000,76.26600000,1680486164734,True,True
47287064,17.10000000,50.00000000,855.00000000,1680486164734,True,True
47287065,17.10000000,50.00000000,855.00000000,1680486164734,True,True
47287066,17.10000000,47.02000000,804.04200000,1680486164734,True,True
47287067,17.10000000,2.42000000,41.38200000,1680486164791,False,True
47287068,17.10000000,1.71000000,29.24100000,1680486164791,False,True
47287069,17.10000000,1.71000000,29.24100000,1680486164791,False,True
47287070,17.10000000,82.00000000,1402.20000000,1680486164791,False,True
47287071,17.11000000,41.45000000,709.20950000,1680486164792,False,True
47287072,17.11000000,46.39000000,793.73290000,1680486164792,False,True
47287073,17.09000000,0.67000000,11.45030000,1680486167084,True,True
47287074,17.09000000,20.00000000,341.80000000,1680486167084,True,True
47287075,17.09000000,1.96000000,33.49640000,1680486167084,True,True
47287076,17.09000000,1.96000000,33.49640000,1680486167084,True,True
47287077,17.09000000,3.00000000,51.27000000,1680486167084,True,True
47287078,17.09000000,1.20000000,20.50800000,1680486167084,True,True
47287079,17.09000000,0.59000000,10.08310000,1680486167084,True,True
47287080,17.09000000,0.31000000,5.29790000,1680486167084,True,True
47287081,17.09000000,0.64000000,10.93760000,1680486167084,True,True
47287082,17.09000000,5.86000000,100.14740000,1680486167084,True,True
47287083,17.09000000,60.00000000,1025.40000000,1680486167084,True,True
47287084,17.09000000,6.00000000,102.54000000,1680486167084,True,True
47287085,17.09000000,6.02000000,102.88180000,1680486167084,True,True
47287086,17.08000000,0.72000000,12.29760000,1680486167084,True,True
47287087,17.08000000,1.36000000,23.22880000,1680486167084,True,True
47287088,17.08000000,2.92000000,49.87360000,1680486167084,True,True
47287089,17.08000000,0.08000000,1.36640000,1680486167084,True,True
47287090,17.08000000,0.39000000,6.66120000,1680486167084,True,True
47287091,17.08000000,0.95000000,16.22600000,1680486167084,True,True
47287092,17.08000000,0.25000000,4.27000000,1680486167084,True,True
47287093,17.08000000,2.09000000,35.69720000,1680486167084,True,True
47287094,17.08000000,0.70000000,11.95600000,1680486167084,True,True
47287095,17.08000000,1.00000000,17.08000000,1680486167084,True,True
47287096,17.08000000,6.15000000,105.04200000,1680486167084,True,True
47287097,17.08000000,0.40000000,6.83200000,1680486167084,True,True
47287098,17.08000000,2.92000000,49.87360000,1680486167084,True,True
47287099,17.08000000,0.76000000,12.98080000,1680486167084,True,True
47287100,17.08000000,2.93000000,50.04440000,1680486167084,True,True
47287101,17.08000000,2.57000000,43.89560000,1680486167084,True,True
47287102,17.08000000,1.22000000,20.83760000,1680486167084,True,True
47287103,17.08000000,8.98000000,153.37840000,1680486167084,True,True
47287104,17.09000000,72.91000000,1246.03190000,1680486167117,False,True
47287105,17.09000000,45.98000000,785.79820000,1680486167417,False,True
47287106,17.08000000,11.02000000,188.22160000,1680486167782,True,True
47287107,17.08000000,4.80000000,81.98400000,1680486167782,True,True
47287108,17.08000000,2.93000000,50.04440000,1680486167782,True,True
47287109,17.08000000,40.47000000,691.22760000,1680486167782,True,True
47287110,17.08000000,60.00000000,1024.80000000,1680486167782,True,True
47287111,17.08000000,0.71000000,12.12680000,1680486167782,True,True
47287112,17.08000000,4.20000000,71.73600000,1680486167782,True,True
47287113,17.08000000,7.70000000,131.51600000,1680486167942,False,True
47287114,17.08000000,34.67000000,592.16360000,1680486167961,False,True
47287115,17.08000000,7.70000000,131.51600000,1680486167961,False,True
47287116,17.08000000,29.36000000,501.46880000,1680486167962,False,True
47287117,17.08000000,13.01000000,222.21080000,1680486167962,False,True
47287118,17.07000000,1.92000000,32.77440000,1680486169135,True,True
47287119,17.07000000,0.71000000,12.11970000,1680486169135,True,True
47287120,17.07000000,4.41000000,75.27870000,1680486169135,True,True
47287121,17.07000000,1.42000000,24.23940000,1680486169135,True,True
47287122,17.07000000,14.17000000,241.88190000,1680486169236,True,True
47287123,17.07000000,3.00000000,51.21000000,1680486169236,True,True
47287124,17.07000000,1.58000000,26.97060000,1680486169236,True,True
47287125,17.07000000,0.42000000,7.16940000,1680486169236,True,True
47287126,17.07000000,0.81000000,13.82670000,1680486169236,True,True
47287127,17.07000000,0.75000000,12.80250000,1680486169236,True,True
47287128,17.07000000,1.00000000,17.07000000,1680486169236,True,True
47287129,17.07000000,2.93000000,50.01510000,1680486169236,True,True
47287130,17.07000000,3.30000000,56.33100000,1680486169236,True,True
47287131,17.07000000,0.97000000,16.55790000,1680486169236,True,True
47287132,17.07000000,0.64000000,10.92480000,1680486169236,True,True
47287133,17.07000000,5.85000000,99.85950000,1680486169236,True,True
47287134,17.07000000,0.50000000,8.53500000,1680486169236,True,True
47287135,17.07000000,46.49000000,793.58430000,1680486169236,True,True
47287136,17.06000000,3.44000000,58.68640000,1680486169236,True,True
47287137,17.06000000,0.77000000,13.13620000,1680486169236,True,True
47287138,17.06000000,20.00000000,341.20000000,1680486169236,True,True
47287139,17.06000000,3.00000000,51.18000000,1680486169236,True,True
47287140,17.06000000,0.78000000,13.30680000,1680486169236,True,True
47287141,17.06000000,1.62000000,27.63720000,1680486169236,True,True
47287142,17.06000000,28.47000000,485.69820000,1680486169236,True,True
47287143,17.06000000,0.36000000,6.14160000,1680486169236,True,True
47287144,17.06000000,1.00000000,17.06000000,1680486169236,True,True
47287145,17.06000000,2.93000000,49.98580000,1680486169236,True,True
47287146,17.06000000,0.58000000,9.89480000,1680486169236,True,True
47287147,17.06000000,3.70000000,63.12200000,1680486169236,True,True
47287148,17.06000000,0.94000000,16.03640000,1680486169236,True,True
47287149,17.06000000,1.29000000,22.00740000,1680486169402,True,True
47287150,17.07000000,8.79000000,150.04530000,1680486169405,False,True
47287151,17.06000000,8.55000000,145.86300000,1680486169733,True,True
47287152,17.06000000,8.55000000,145.86300000,1680486169733,True,True
47287153,17.06000000,158.27000000,2700.08620000,1680486169818,True,True
47287154,17.06000000,0.64000000,10.91840000,1680486169818,True,True
47287155,17.06000000,50.00000000,853.00000000,1680486169818,True,True
47287156,17.06000000,50.00000000,853.00000000,1680486169818,True,True
47287157,17.06000000,34.52000000,588.91120000,1680486169818,True,True
47287158,17.07000000,0.75000000,12.80250000,1680486170942,False,True
47287159,17.06000000,15.48000000,264.08880000,1680486170998,True,True
47287160,17.06000000,42.55000000,725.90300000,1680486170998,True,True
47287161,17.05000000,0.67000000,11.42350000,1680486170998,True,True
47287162,17.05000000,1.41000000,24.04050000,1680486170998,True,True
47287163,17.05000000,1.93000000,32.90650000,1680486170998,True,True
47287164,17.05000000,3.38000000,57.62900000,1680486170998,True,True
47287165,17.05000000,0.34000000,5.79700000,1680486170998,True,True
47287166,17.05000000,3.00000000,51.15000000,1680486170998,True,True
47287167,17.05000000,20.00000000,341.00000000,1680486170998,True,True
47287168,17.05000000,0.69000000,11.76450000,1680486170998,True,True
47287169,17.05000000,2.96000000,50.46800000,1680486170998,True,True
47287170,17.05000000,3.95000000,67.34750000,1680486170998,True,True
47287171,17.05000000,100.00000000,1705.00000000,1680486170998,True,True
47287172,17.05000000,2.74000000,46.71700000,1680486170998,True,True
47287173,17.05000000,1.09000000,18.58450000,1680486170998,True,True
47287174,17.05000000,40.25000000,686.26250000,1680486170998,True,True
47287175,17.05000000,2.93000000,49.95650000,1680486170998,True,True
47287176,17.05000000,4.62000000,78.77100000,1680486170998,True,True
47287177,17.05000000,0.99000000,16.87950000,1680486170998,True,True
47287178,17.05000000,1.24000000,21.14200000,1680486170998,True,True
47287179,17.05000000,1.18000000,20.11900000,1680486170998,True,True
47287180,17.05000000,0.64000000,10.91200000,1680486170998,True,True
47287181,17.05000000,0.93000000,15.85650000,1680486170998,True,True
47287182,17.05000000,45.40000000,774.07000000,1680486170998,True,True
47287183,17.04000000,3.00000000,51.12000000,1680486170998,True,True
47287184,17.04000000,20.00000000,340.80000000,1680486170998,True,True
47287185,17.04000000,0.73000000,12.43920000,1680486170998,True,True
47287186,17.04000000,1.61000000,27.43440000,1680486170998,True,True
47287187,17.04000000,0.81000000,13.80240000,1680486170998,True,True
47287188,17.04000000,2.94000000,50.09760000,1680486170998,True,True
47287189,17.04000000,1.24000000,21.12960000,1680486170998,True,True
47287190,17.04000000,0.62000000,10.56480000,1680486170998,True,True
47287191,17.04000000,4.70000000,80.08800000,1680486170998,True,True
47287192,17.04000000,0.64000000,10.90560000,1680486170998,True,True
47287193,17.04000000,169.46000000,2887.59840000,1680486170998,True,True
47287194,17.04000000,97.17000000,1655.77680000,1680486170998,True,True
47287195,17.04000000,0.71000000,12.09840000,1680486170998,True,True
47287196,17.03000000,3.00000000,51.09000000,1680486170998,True,True
47287197,17.03000000,20.00000000,340.60000000,1680486170998,True,True
47287198,17.03000000,3.32000000,56.53960000,1680486170998,True,True
47287199,17.03000000,1.27000000,21.62810000,1680486170998,True,True
47287200,17.03000000,5.88000000,100.13640000,1680486170998,True,True
47287201,17.03000000,1.36000000,23.16080000,1680486170998,True,True
47287202,17.03000000,2.24000000,38.14720000,1680486170998,True,True
47287203,17.03000000,1.09000000,18.56270000,1680486170998,True,True
47287204,17.03000000,15.42000000,262.60260000,1680486170998,True,True
47287205,17.03000000,1.28000000,21.79840000,1680486170998,True,True
47287206,17.03000000,2.94000000,50.06820000,1680486170998,True,True
47287207,17.03000000,0.34000000,5.79020000,1680486170998,True,True
47287208,17.03000000,1.58000000,26.90740000,1680486170998,True,True
47287209,17.03000000,83.64000000,1424.38920000,1680486170998,True,True
47287210,17.03000000,0.64000000,10.89920000,1680486170998,True,True
47287211,17.03000000,2.39000000,40.70170000,1680486170998,True,True
47287212,17.03000000,4.25000000,72.37750000,1680486170998,True,True
47287213,17.03000000,4.10000000,69.82300000,1680486170998,True,True
47287214,17.03000000,13.50000000,229.90500000,1680486170998,True,True
47287215,17.02000000,0.72000000,12.25440000,1680486170998,True,True
47287216,17.02000000,1.36000000,23.14720000,1680486170998,True,True
47287217,17.02000000,1.93000000,32.84860000,1680486170998,True,True
47287218,17.02000000,1.07000000,18.21140000,1680486170998,True,True
47287219,17.02000000,20.00000000,340.40000000,1680486170998,True,True
47287220,17.02000000,3.00000000,51.06000000,1680486170998,True,True
47287221,17.02000000,1.06000000,18.04120000,1680486170998,True,True
47287222,17.02000000,0.37000000,6.29740000,1680486170998,True,True
47287223,17.02000000,0.65000000,11.06300000,1680486170998,True,True
47287224,17.02000000,3.75000000,63.82500000,1680486170998,True,True
47287225,17.02000000,2.94000000,50.03880000,1680486170998,True,True
47287226,17.02000000,1.70000000,28.93400000,1680486170998,True,True
47287227,17.02000000,0.90000000,15.31800000,1680486170998,True,True
47287228,17.02000000,1.77000000,30.12540000,1680486170998,True,True
47287229,17.02000000,0.64000000,10.89280000,1680486170998,True,True
47287230,17.02000000,0.54000000,9.19080000,1680486170998,True,True
47287231,17.02000000,2.39000000,40.67780000,1680486170998,True,True
47287232,17.02000000,4.25000000,72.33500000,1680486170998,True,True
47287233,17.02000000,3.33000000,56.67660000,1680486170998,True,True
47287234,17.02000000,169.44000000,2883.86880000,1680486170998,True,True
47287235,17.02000000,14.92000000,253.93840000,1680486170998,True,True
47287236,17.02000000,13.68000000,232.83360000,1680486170998,True,True
47287237,17.02000000,20.80000000,354.01600000,1680486170998,True,True
47287238,17.02000000,28.18000000,479.62360000,1680486170998,True,True
47287239,17.04000000,4.20000000,71.56800000,1680486171292,False,True
47287240,17.04000000,11.56000000,196.98240000,1680486171413,False,True
47287241,17.04000000,3.11000000,52.99440000,1680486171413,False,True
47287242,17.04000000,15.76000000,268.55040000,1680486171413,False,True
47287243,17.04000000,15.76000000,268.55040000,1680486171414,False,True
47287244,17.04000000,15.76000000,268.55040000,1680486171414,False,True
47287245,17.04000000,8.25000000,140.58000000,1680486171414,False,True
47287246,17.05000000,4.25000000,72.46250000,1680486171864,False,True
47287247,17.03000000,82.00000000,1396.46000000,1680486172028,True,True
47287248,17.03000000,14.25000000,242.67750000,1680486172028,True,True
47287249,17.03000000,26.40000000,449.59200000,1680486172048,True,True
47287250,17.03000000,8.13000000,138.45390000,1680486172048,True,True
47287251,17.03000000,45.95000000,782.52850000,1680486172048,True,True
47287252,17.03000000,15.77000000,268.56310000,1680486172048,True,True
47287253,17.03000000,42.39000000,721.90170000,1680486172326,False,True
47287254,17.03000000,42.39000000,721.90170000,1680486172348,False,True
47287255,17.03000000,0.02000000,0.34060000,1680486172350,False,True
47287256,17.03000000,27.67000000,471.22010000,1680486172350,False,True
47287257,17.04000000,3.42000000,58.27680000,1680486172353,False,True
47287258,17.04000000,3.42000000,58.27680000,1680486172353,False,True
47287259,17.04000000,3.42000000,58.27680000,1680486172354,False,True
47287260,17.04000000,63.56000000,1083.06240000,1680486172392,False,True
47287261,17.04000000,1.04000000,17.72160000,1680486172940,False,True
47287262,17.04000000,7.14000000,121.66560000,1680486173047,False,True
47287263,17.04000000,1.66000000,28.28640000,1680486173047,False,True
47287264,17.04000000,45.81000000,780.60240000,1680486173047,False,True
47287265,17.04000000,42.36000000,721.81440000,1680486173047,False,True
47287266,17.03000000,8.55000000,145.60650000,1680486174533,True,True
47287267,17.03000000,8.55000000,145.60650000,1680486174533,True,True
47287268,17.03000000,8.55000000,145.60650000,1680486174534,True,True
47287269,17.04000000,0.78000000,13.29120000,1680486175187,False,True
47287270,17.03000000,14.22000000,242.16660000,1680486175986,True,True
47287271,17.04000000,43.15000000,735.27600000,1680486176383,False,True
47287272,17.04000000,13.38000000,227.99520000,1680486176411,False,True
47287273,17.04000000,9.48000000,161.53920000,1680486176416,False,True
47287274,17.05000000,2.42000000,41.26100000,1680486180341,False,True
47287275,17.05000000,6.39000000,108.94950000,1680486180341,False,True
47287276,17.05000000,75.61000000,1289.15050000,1680486180562,False,True
47287277,17.05000000,23.84000000,406.47200000,1680486180562,False,True
47287278,17.06000000,3.27000000,55.78620000,1680486182395,False,True
47287279,17.05000000,0.88000000,15.00400000,1680486184341,False,True
47287280,17.04000000,0.92000000,15.67680000,1680486184823,True,True
47287281,17.04000000,0.45000000,7.66800000,1680486184832,True,True
47287282,17.04000000,18.50000000,315.24000000,1680486185134,True,True
47287283,17.04000000,30.13000000,513.41520000,1680486185139,True,True
47287284,17.04000000,14.94000000,254.57760000,1680486185139,True,True
47287285,17.04000000,35.06000000,597.42240000,1680486185147,True,True
47287286,17.03000000,10.13000000,172.51390000,1680486185983,True,True
47287287,17.03000000,23.81000000,405.48430000,1680486185983,True,True
47287288,17.02000000,2.38000000,40.50760000,1680486187585,True,True
47287289,17.02000000,1.71000000,29.10420000,1680486187926,True,True
47287290,17.02000000,1.71000000,29.10420000,1680486187926,True,True
47287291,17.02000000,1.71000000,29.10420000,1680486187927,True,True
47287292,17.03000000,0.86000000,14.64580000,1680486188944,False,True
47287293,17.02000000,8.23000000,140.07460000,1680486190137,True,True
47287294,17.02000000,50.00000000,851.00000000,1680486190137,True,True
47287295,17.02000000,4.49000000,76.41980000,1680486190137,True,True
47287296,17.02000000,20.27000000,344.99540000,1680486190137,True,True
47287297,17.02000000,25.24000000,429.58480000,1680486190150,True,True
47287298,17.02000000,7.64000000,130.03280000,1680486190266,False,True
47287299,17.02000000,21.21000000,360.99420000,1680486190533,False,True
47287300,17.01000000,3.38000000,57.49380000,1680486190765,True,True
47287301,17.01000000,1.20000000,20.41200000,1680486190765,True,True
47287302,17.01000000,3.00000000,51.03000000,1680486190765,True,True
47287303,17.01000000,1.55000000,26.36550000,1680486190765,True,True
47287304,17.01000000,1.00000000,17.01000000,1680486190765,True,True
47287305,17.01000000,1.82000000,30.95820000,1680486190765,True,True
47287306,17.01000000,0.99000000,16.83990000,1680486190765,True,True
47287307,17.01000000,2.94000000,50.00940000,1680486190765,True,True
47287308,17.01000000,5.77000000,98.14770000,1680486190765,True,True
47287309,17.01000000,1.24000000,21.09240000,1680486190765,True,True
47287310,17.01000000,5.10000000,86.75100000,1680486190765,True,True
47287311,17.01000000,0.64000000,10.88640000,1680486190765,True,True
47287312,17.01000000,1.90000000,32.31900000,1680486190765,True,True
47287313,17.01000000,51.12000000,869.55120000,1680486190772,True,True
47287314,17.01000000,6.20000000,105.46200000,1680486190775,True,True
47287315,17.01000000,5.37000000,91.34370000,1680486190775,True,True
47287316,17.01000000,37.99000000,646.20990000,1680486191069,False,True
47287317,17.00000000,1.41000000,23.97000000,1680486192125,True,True
47287318,17.00000000,0.67000000,11.39000000,1680486192125,True,True
47287319,17.00000000,0.67000000,11.39000000,1680486192125,True,True
47287320,17.00000000,3.00000000,51.00000000,1680486192125,True,True
47287321,17.00000000,2.13000000,36.21000000,1680486192125,True,True
47287322,17.00000000,2.97000000,50.49000000,1680486192125,True,True
47287323,17.00000000,14.90000000,253.30000000,1680486192125,True,True
47287324,17.00000000,0.72000000,12.24000000,1680486192125,True,True
47287325,17.00000000,1.21000000,20.57000000,1680486192125,True,True
47287326,17.00000000,0.64000000,10.88000000,1680486192125,True,True
47287327,17.00000000,1.50000000,25.50000000,1680486192125,True,True
47287328,17.00000000,2.05000000,34.85000000,1680486192125,True,True
47287329,17.00000000,1.01000000,17.17000000,1680486192125,True,True
47287330,17.00000000,3.18000000,54.06000000,1680486192125,True,True
47287331,17.00000000,3.00000000,51.00000000,1680486192125,True,True
47287332,17.00000000,0.80000000,13.60000000,1680486192125,True,True
47287333,17.00000000,2.20000000,37.40000000,1680486192125,True,True
47287334,17.00000000,1.00000000,17.00000000,1680486192125,True,True
47287335,17.00000000,0.59000000,10.03000000,1680486192125,True,True
47287336,17.00000000,1.21000000,20.57000000,1680486192125,True,True
47287337,17.00000000,0.79000000,13.43000000,1680486192125,True,True
47287338,17.00000000,0.85000000,14.45000000,1680486192125,True,True
47287339,17.00000000,2.36000000,40.12000000,1680486192125,True,True
47287340,17.00000000,0.64000000,10.88000000,1680486192125,True,True
47287341,17.00000000,1.00000000,17.00000000,1680486192125,True,True
47287342,17.00000000,1.00000000,17.00000000,1680486192125,True,True
47287343,17.00000000,0.36000000,6.12000000,1680486192125,True,True
47287344,17.00000000,49.64000000,843.88000000,1680486192125,True,True
47287345,17.00000000,52.35000000,889.95000000,1680486192125,True,True
47287346,17.00000000,2.94000000,49.98000000,1680486192125,True,True
47287347,17.00000000,0.76000000,12.92000000,1680486192125,True,True
47287348,17.00000000,2.94000000,49.98000000,1680486192125,True,True
47287349,17.00000000,1.00000000,17.00000000,1680486192125,True,True
47287350,17.00000000,0.81000000,13.77000000,1680486192125,True,True
47287351,17.00000000,11.77000000,200.09000000,1680486192125,True,True
47287352,17.00000000,2.00000000,34.00000000,1680486192125,True,True
47287353,17.00000000,27.72000000,471.24000000,1680486192125,True,True
47287354,17.00000000,27.74000000,471.58000000,1680486192125,True,True
47287355,17.00000000,27.73000000,471.41000000,1680486192125,True,True
47287356,17.00000000,27.74000000,471.58000000,1680486192125,True,True
47287357,17.00000000,27.75000000,471.75000000,1680486192125,True,True
47287358,17.00000000,11.76000000,199.92000000,1680486192125,True,True
47287359,17.00000000,2.94000000,49.98000000,1680486192125,True,True
47287360,17.00000000,2.50000000,42.50000000,1680486192125,True,True
47287361,17.00000000,1.00000000,17.00000000,1680486192125,True,True
47287362,17.00000000,0.64000000,10.88000000,1680486192125,True,True
47287363,17.00000000,7.22000000,122.74000000,1680486192125,True,True
47287364,17.00000000,15.70000000,266.90000000,1680486192125,True,True
47287365,17.00000000,29.41000000,499.97000000,1680486192125,True,True
47287366,17.00000000,2.00000000,34.00000000,1680486192125,True,True
47287367,17.00000000,49.60000000,843.20000000,1680486192125,True,True
47287368,17.00000000,50.00000000,850.00000000,1680486192125,True,True
47287369,17.00000000,28.92000000,491.64000000,1680486192125,True,True
47287370,17.00000000,80.35000000,1365.95000000,1680486192125,True,True
47287371,17.00000000,6.00000000,102.00000000,1680486192127,False,True
47287372,17.00000000,28.92000000,491.64000000,1680486192129,False,True
47287373,16.99000000,1.93000000,32.79070000,1680486192171,True,True
47287374,16.99000000,0.71000000,12.06290000,1680486192171,True,True
47287375,16.99000000,3.46000000,58.78540000,1680486192171,True,True
47287376,16.99000000,2.11000000,35.84890000,1680486192171,True,True
47287377,16.99000000,3.47000000,58.95530000,1680486192171,True,True
47287378,16.99000000,2.57000000,43.66430000,1680486192171,True,True
47287379,16.99000000,4.60000000,78.15400000,1680486192171,True,True
47287380,16.99000000,3.42000000,58.10580000,1680486192171,True,True
47287381,16.99000000,7.00000000,118.93000000,1680486192171,True,True
47287382,16.99000000,13.00000000,220.87000000,1680486192173,True,True
47287383,16.99000000,3.00000000,50.97000000,1680486192173,True,True
47287384,16.99000000,0.71000000,12.06290000,1680486192173,True,True
47287385,16.99000000,14.49000000,246.18510000,1680486192173,True,True
47287386,16.99000000,16.40000000,278.63600000,1680486192174,True,True
47287387,16.99000000,10.29000000,174.82710000,1680486192174,True,True
47287388,16.99000000,43.20000000,733.96800000,1680486192174,True,True
47287389,16.99000000,13.00000000,220.87000000,1680486192174,True,True
47287390,16.99000000,82.00000000,1393.18000000,1680486192174,True,True
47287391,16.98000000,0.39000000,6.62220000,1680486192177,True,True
47287392,16.98000000,1.96000000,33.28080000,1680486192177,True,True
47287393,16.98000000,1.96000000,33.28080000,1680486192177,True,True
47287394,16.98000000,1.59000000,26.99820000,1680486192177,True,True
47287395,16.98000000,1.51000000,25.63980000,1680486192177,True,True
47287396,16.98000000,1.90000000,32.26200000,1680486192177,True,True
47287397,16.98000000,1.84000000,31.24320000,1680486192177,True,True
47287398,16.98000000,1.06000000,17.99880000,1680486192177,True,True
47287399,16.98000000,9.13000000,155.02740000,1680486192177,True,True
47287400,16.99000000,7.38000000,125.38620000,1680486192315,False,True
47287401,16.99000000,2.43000000,41.28570000,1680486192516,False,True
47287402,16.99000000,0.99000000,16.82010000,1680486192516,False,True
47287403,16.99000000,5.13000000,87.15870000,1680486192516,False,True
47287404,16.99000000,3.42000000,58.10580000,1680486192517,False,True
47287405,16.99000000,11.10000000,188.58900000,1680486192591,False,True
47287406,16.99000000,0.54000000,9.17460000,1680486192942,False,True
47287407,16.98000000,10.87000000,184.57260000,1680486193278,True,True
47287408,16.98000000,3.00000000,50.94000000,1680486193278,True,True
47287409,16.98000000,0.62000000,10.52760000,1680486193278,True,True
47287410,16.98000000,60.90000000,1034.08200000,1680486193278,True,True
47287411,16.98000000,11.22000000,190.51560000,1680486193279,True,True
47287412,16.98000000,11.11000000,188.64780000,1680486193279,True,True
47287413,16.98000000,53.06000000,900.95880000,1680486193279,True,True
47287414,16.98000000,0.01000000,0.16980000,1680486193280,True,True
47287415,16.98000000,0.65000000,11.03700000,1680486193582,False,True
47287416,16.98000000,35.71000000,606.35580000,1680486193634,False,True
47287417,16.98000000,5.99000000,101.71020000,1680486194082,False,True
47287418,16.98000000,17.63000000,299.35740000,1680486194082,False,True
47287419,16.97000000,0.72000000,12.21840000,1680486194545,True,True
47287420,16.97000000,0.34000000,5.76980000,1680486194545,True,True
47287421,16.97000000,0.70000000,11.87900000,1680486194545,True,True
47287422,16.97000000,1.66000000,28.17020000,1680486194545,True,True
47287423,16.97000000,0.81000000,13.74570000,1680486194545,True,True
47287424,16.97000000,7.87000000,133.55390000,1680486194545,True,True
47287425,16.97000000,0.76000000,12.89720000,1680486194545,True,True
47287426,16.97000000,3.42000000,58.03740000,1680486194545,True,True
47287427,16.97000000,5.13000000,87.05610000,1680486194885,True,True
47287428,16.97000000,9.20000000,156.12400000,1680486195076,True,True
47287429,16.98000000,24.74000000,420.08520000,1680486195728,False,True
47287430,16.98000000,42.39000000,719.78220000,1680486195728,False,True
47287431,16.98000000,42.40000000,719.95200000,1680486195728,False,True
47287432,16.98000000,33.22000000,564.07560000,1680486195728,False,True
47287433,16.98000000,9.16000000,155.53680000,1680486195728,False,True
47287434,16.98000000,58.44000000,992.31120000,1680486195728,False,True
47287435,16.98000000,46.91000000,796.53180000,1680486195728,False,True
47287436,16.98000000,23.19000000,393.76620000,1680486195729,False,True
47287437,16.98000000,11.90000000,202.06200000,1680486195732,False,True
47287438,16.98000000,0.45000000,7.64100000,1680486195732,False,True
47287439,16.98000000,6.32000000,107.31360000,1680486195736,False,True
47287440,16.98000000,14.34000000,243.49320000,1680486195741,False,True
47287441,16.98000000,13.69000000,232.45620000,1680486195746,False,True
47287442,16.98000000,8.59000000,145.85820000,1680486195747,False,True
47287443,16.98000000,2.21000000,37.52580000,1680486195747,False,True
47287444,16.98000000,10.00000000,169.80000000,1680486195753,False,True
47287445,16.98000000,76.24000000,1294.55520000,1680486195753,False,True
47287446,16.98000000,14.95000000,253.85100000,1680486195757,False,True
47287447,16.98000000,5.98000000,101.54040000,1680486195757,False,True
47287448,16.98000000,1.71000000,29.03580000,1680486195757,False,True
47287449,16.98000000,9.39000000,159.44220000,1680486195757,False,True
47287450,16.98000000,0.04000000,0.67920000,1680486195757,False,True
47287451,16.98000000,13.07000000,221.92860000,1680486195757,False,True
47287452,16.98000000,17.12000000,290.69760000,1680486195758,False,True
47287453,16.98000000,9.05000000,153.66900000,1680486195762,False,True
47287454,16.98000000,35.17000000,597.18660000,1680486195762,False,True
47287455,16.98000000,69.05000000,1172.46900000,1680486195762,False,True
47287456,16.98000000,56.88000000,965.82240000,1680486195778,False,True
47287457,16.98000000,10.00000000,169.80000000,1680486195778,False,True
47287458,16.99000000,18.97000000,322.30030000,1680486196012,False,True
47287459,16.99000000,10.69000000,181.62310000,1680486196015,False,True
47287460,16.99000000,6.64000000,112.81360000,1680486196033,False,True
47287461,16.99000000,4.55000000,77.30450000,1680486196033,False,True
47287462,16.99000000,9.54000000,162.08460000,1680486196033,False,True
47287463,16.99000000,14.20000000,241.25800000,1680486196033,False,True
47287464,16.99000000,7.48000000,127.08520000,1680486196034,False,True
47287465,16.99000000,8.07000000,137.10930000,1680486196050,False,True
