39439252,16.91000000,1.18000000,19.95380000,1665360002580,False,True
39439253,16.90000000,48.04000000,811.87600000,1665360005400,True,True
39439254,16.91000000,3.14000000,53.09740000,1665360006122,False,True
39439255,16.91000000,59.13000000,999.88830000,1665360006122,False,True
39439256,16.91000000,1.09000000,18.43190000,1665360006122,False,True
39439257,16.91000000,1.11000000,18.77010000,1665360006122,False,True
39439258,16.91000000,19.25000000,325.51750000,1665360006122,False,True
39439259,16.91000000,4.32000000,73.05120000,1665360006122,False,True
39439260,16.91000000,4.32000000,73.05120000,1665360006122,False,True
39439261,16.91000000,4.32000000,73.05120000,1665360006122,False,True
39439262,16.91000000,4.32000000,73.05120000,1665360006122,False,True
39439263,16.91000000,4.32000000,73.05120000,1665360006122,False,True
39439264,16.91000000,4.32000000,73.05120000,1665360006122,False,True
39439265,16.91000000,4.32000000,73.05120000,1665360006122,False,True
39439266,16.91000000,1.01000000,17.07910000,1665360006122,False,True
39439267,16.90000000,3.26000000,55.09400000,1665360006652,True,True
39439268,16.90000000,2.96000000,50.02400000,1665360006821,True,True
39439269,16.91000000,2.94000000,49.71540000,1665360007348,False,True
39439270,16.90000000,2.39000000,40.39100000,1665360026155,True,True
39439271,16.90000000,0.78000000,13.18200000,1665360026155,True,True
39439272,16.90000000,2.18000000,36.84200000,1665360026155,True,True
39439273,16.90000000,4.94000000,83.48600000,1665360026237,True,True
39439274,16.90000000,5.06000000,85.51400000,1665360026399,True,True
39439275,16.90000000,10.34000000,174.74600000,1665360027046,True,True
39439276,16.90000000,2.70000000,45.63000000,1665360027046,True,True
39439277,16.90000000,8.94000000,151.08600000,1665360029897,True,True
39439278,16.90000000,1.06000000,17.91400000,1665360030228,True,True
39439279,16.90000000,1.79000000,30.25100000,1665360033308,True,True
39439280,16.90000000,8.21000000,138.74900000,1665360033418,True,True
39439281,16.90000000,2.11000000,35.65900000,1665360051463,True,True
39439282,16.90000000,2.24000000,37.85600000,1665360071096,True,True
39439283,16.91000000,2.27000000,38.38570000,1665360072596,False,True
39439284,16.91000000,4.28000000,72.37480000,1665360073396,False,True
39439285,16.90000000,33.21000000,561.24900000,1665360097519,True,True
39439286,16.90000000,50.71000000,856.99900000,1665360097519,True,True
39439287,16.91000000,2.36000000,39.90760000,1665360098581,False,True
39439288,16.90000000,71.51000000,1208.51900000,1665360098992,True,True
39439289,16.90000000,0.97000000,16.39300000,1665360106518,False,True
39439290,16.90000000,2.24000000,37.85600000,1665360126205,True,True
39439291,16.90000000,8.22000000,138.91800000,1665360134088,True,True
39439292,16.90000000,27.79000000,469.65100000,1665360148313,True,True
39439293,16.90000000,33.29000000,562.60100000,1665360151641,True,True
39439294,16.90000000,42.28000000,714.53200000,1665360151641,True,True
39439295,16.90000000,23.15000000,391.23500000,1665360151641,True,True
39439296,16.90000000,71.67000000,1211.22300000,1665360187636,True,True
39439297,16.90000000,74.06000000,1251.61400000,1665360187636,True,True
39439298,16.90000000,9.95000000,168.15500000,1665360187636,True,True
39439299,16.90000000,10.05000000,169.84500000,1665360187636,True,True
39439300,16.90000000,40.00000000,676.00000000,1665360187639,True,True
39439301,16.89000000,2.24000000,37.83360000,1665360187734,True,True
39439302,16.89000000,130.79000000,2209.04310000,1665360193714,True,True
39439303,16.89000000,94.82000000,1601.50980000,1665360193714,True,True
39439304,16.89000000,92.00000000,1553.88000000,1665360193714,True,True
39439305,16.89000000,10.38000000,175.31820000,1665360193714,True,True
39439306,16.89000000,1.46000000,24.65940000,1665360193714,True,True
39439307,16.88000000,0.63000000,10.63440000,1665360194726,True,True
39439308,16.89000000,0.59000000,9.96510000,1665360200494,False,True
39439309,16.89000000,2.24000000,37.83360000,1665360202458,False,True
39439310,16.89000000,2.24000000,37.83360000,1665360242643,False,True
39439311,16.89000000,1.20000000,20.26800000,1665360249243,False,True
39439312,16.89000000,2.42000000,40.87380000,1665360249434,False,True
39439313,16.89000000,1.00000000,16.89000000,1665360249974,False,True
39439314,16.89000000,5.70000000,96.27300000,1665360252850,False,True
39439315,16.89000000,4.20000000,70.93800000,1665360253238,False,True
39439316,16.89000000,1.80000000,30.40200000,1665360255470,False,True
39439317,16.89000000,2.00000000,33.78000000,1665360258191,False,True
39439318,16.89000000,1.30000000,21.95700000,1665360261288,False,True
39439319,16.89000000,2.24000000,37.83360000,1665360263698,False,True
39439320,16.89000000,12.60000000,212.81400000,1665360263937,False,True
39439321,16.89000000,22.00000000,371.58000000,1665360264139,False,True
39439322,16.89000000,3.06000000,51.68340000,1665360291011,False,True
39439323,16.89000000,50.00000000,844.50000000,1665360295344,False,True
39439324,16.89000000,1.10000000,18.57900000,1665360314002,False,True
39439325,16.89000000,4.00000000,67.56000000,1665360318187,False,True
39439326,16.88000000,0.75000000,12.66000000,1665360341985,True,True
39439327,16.89000000,1.46000000,24.65940000,1665360348361,False,True
39439328,16.89000000,1.20000000,20.26800000,1665360349420,False,True
39439329,16.89000000,1.20000000,20.26800000,1665360349899,False,True
39439330,16.89000000,2.30000000,38.84700000,1665360352195,False,True
39439331,16.89000000,1.60000000,27.02400000,1665360368201,False,True
39439332,16.89000000,5.57000000,94.07730000,1665360369026,False,True
39439333,16.89000000,0.23000000,3.88470000,1665360369026,False,True
39439334,16.89000000,2.40000000,40.53600000,1665360369210,False,True
39439335,16.89000000,4.00000000,67.56000000,1665360371105,False,True
39439336,16.88000000,2.10000000,35.44800000,1665360373507,True,True
39439337,16.89000000,26.40000000,445.89600000,1665360379868,False,True
39439338,16.90000000,10.05000000,169.84500000,1665360414871,False,True
39439339,16.90000000,39.95000000,675.15500000,1665360414871,False,True
39439340,16.89000000,17.11000000,288.98790000,1665360421876,True,True
39439341,16.89000000,1.77000000,29.89530000,1665360422573,False,True
39439342,16.89000000,6.61000000,111.64290000,1665360425492,False,True
39439343,16.89000000,2.24000000,37.83360000,1665360431845,False,True
39439344,16.89000000,1.00000000,16.89000000,1665360440611,False,True
39439345,16.88000000,0.95000000,16.03600000,1665360545286,True,True
39439346,16.88000000,3.30000000,55.70400000,1665360545286,True,True
39439347,16.88000000,155.75000000,2629.06000000,1665360545286,True,True
39439348,16.88000000,80.00000000,1350.40000000,1665360545288,True,True
39439349,16.88000000,275.25000000,4646.22000000,1665360545290,True,True
39439350,16.88000000,20.00000000,337.60000000,1665360545292,True,True
39439351,16.88000000,47.94000000,809.22720000,1665360545294,True,True
39439352,16.88000000,12.88000000,217.41440000,1665360545294,True,True
39439353,16.88000000,7.12000000,120.18560000,1665360545294,True,True
39439354,16.88000000,19.86000000,335.23680000,1665360545295,True,True
39439355,16.88000000,65.02000000,1097.53760000,1665360545298,True,True
39439356,16.88000000,1.46000000,24.64480000,1665360545298,True,True
39439357,16.87000000,0.63000000,10.62810000,1665360545568,True,True
39439358,16.87000000,1.05000000,17.71350000,1665360556400,True,True
39439359,16.87000000,5.40000000,91.09800000,1665360556400,True,True
39439360,16.87000000,3.30000000,55.67100000,1665360556400,True,True
39439361,16.87000000,1.46000000,24.63020000,1665360556400,True,True
39439362,16.87000000,5.38000000,90.76060000,1665360556454,False,True
39439363,16.87000000,2.25000000,37.95750000,1665360565050,False,True
39439364,16.87000000,2.25000000,37.95750000,1665360579306,False,True
39439365,16.87000000,1.38000000,23.28060000,1665360580899,False,True
39439366,16.87000000,0.89000000,15.01430000,1665360581528,False,True
39439367,16.87000000,22.90000000,386.32300000,1665360597605,False,True
39439368,16.87000000,1.36000000,22.94320000,1665360597956,False,True
39439369,16.87000000,10.00000000,168.70000000,1665360598594,False,True
39439370,16.87000000,41.73000000,703.98510000,1665360601105,False,True
39439371,16.87000000,20.00000000,337.40000000,1665360601115,False,True
39439372,16.87000000,36.85000000,621.65950000,1665360601125,False,True
39439373,16.89000000,3.30000000,55.73700000,1665360733180,False,True
39439374,16.89000000,1.46000000,24.65940000,1665360733180,False,True
39439375,16.89000000,41.61000000,702.79290000,1665360783007,True,True
39439376,16.89000000,17.62000000,297.60180000,1665360783009,True,True
39439377,16.89000000,70.06000000,1183.31340000,1665360783009,True,True
39439378,16.89000000,9.68000000,163.49520000,1665360783009,True,True
39439379,16.89000000,56.64000000,956.64960000,1665360783009,True,True
39439380,16.88000000,172.97000000,2919.73360000,1665360791873,True,True
39439381,16.88000000,62.21000000,1050.10480000,1665360791873,True,True
39439382,16.88000000,70.07000000,1182.78160000,1665360791987,True,True
39439383,16.88000000,14.80000000,249.82400000,1665360808922,False,True
39439384,16.88000000,8.31000000,140.27280000,1665360812658,False,True
39439385,16.88000000,20.00000000,337.60000000,1665360812658,False,True
39439386,16.88000000,3.67000000,61.94960000,1665360812658,False,True
39439387,16.88000000,88.33000000,1491.01040000,1665360812658,False,True
39439388,16.88000000,70.07000000,1182.78160000,1665360812658,False,True
39439389,16.88000000,115.38000000,1947.61440000,1665360812658,False,True
39439390,16.88000000,1.75000000,29.54000000,1665360846971,False,True
39439391,16.88000000,50.00000000,844.00000000,1665360847234,False,True
39439392,16.88000000,2.24000000,37.81120000,1665360847998,False,True
39439393,16.88000000,10.00000000,168.80000000,1665360848163,False,True
39439394,16.87000000,1.46000000,24.63020000,1665360850196,True,True
39439395,16.87000000,3.54000000,59.71980000,1665360850196,True,True
39439396,16.87000000,1.24000000,20.91880000,1665360852029,True,True
39439397,16.88000000,6.08000000,102.63040000,1665360853915,False,True
39439398,16.88000000,3.92000000,66.16960000,1665360853915,False,True
39439399,16.88000000,2.25000000,37.98000000,1665360860331,False,True
39439400,16.88000000,10.00000000,168.80000000,1665360860511,False,True
39439401,16.88000000,2.25000000,37.98000000,1665360864103,False,True
39439402,16.88000000,16.92000000,285.60960000,1665360869822,False,True
39439403,16.89000000,1.46000000,24.65940000,1665360906448,False,True
39439404,16.89000000,22.52000000,380.36280000,1665360906448,False,True
39439405,16.90000000,7.01000000,118.46900000,1665360909605,False,True
39439406,16.90000000,10.60000000,179.14000000,1665360909631,False,True
39439407,16.90000000,0.95000000,16.05500000,1665360909631,False,True
39439408,16.90000000,591.71000000,9999.89900000,1665360909631,False,True
39439409,16.90000000,2.96000000,50.02400000,1665360909631,False,True
39439410,16.90000000,3.30000000,55.77000000,1665360909631,False,True
39439411,16.90000000,1.46000000,24.67400000,1665360909631,False,True
39439412,16.91000000,50.00000000,845.50000000,1665360909808,False,True
39439413,16.91000000,11.21000000,189.56110000,1665360910194,False,True
39439414,16.91000000,3.24000000,54.78840000,1665360910636,False,True
39439415,16.91000000,1.00000000,16.91000000,1665360911771,False,True
39439416,16.91000000,0.05000000,0.84550000,1665360978841,False,True
39439417,16.91000000,2.70000000,45.65700000,1665360978841,False,True
39439418,16.91000000,3.16000000,53.43560000,1665360978841,False,True
39439419,16.91000000,59.13000000,999.88830000,1665360994416,False,True
39439420,16.91000000,1.09000000,18.43190000,1665360994416,False,True
39439421,16.91000000,1.46000000,24.68860000,1665360994416,False,True
39439422,16.91000000,68.29000000,1154.78390000,1665360994416,False,True
39439423,16.91000000,46.34000000,783.60940000,1665360994416,False,True
39439424,16.91000000,7.91000000,133.75810000,1665360995281,True,True
39439425,16.91000000,2.28000000,38.55480000,1665360995336,True,True
39439426,16.91000000,2.28000000,38.55480000,1665360995501,True,True
39439427,16.92000000,0.94000000,15.90480000,1665360996332,False,True
39439428,16.92000000,1.27000000,21.48840000,1665360996332,False,True
39439429,16.92000000,0.69000000,11.67480000,1665360996332,False,True
39439430,16.92000000,0.69000000,11.67480000,1665360996332,False,True
39439431,16.92000000,0.71000000,12.01320000,1665360996332,False,True
39439432,16.92000000,1.05000000,17.76600000,1665360996332,False,True
39439433,16.92000000,5.21000000,88.15320000,1665360996332,False,True
39439434,16.92000000,0.64000000,10.82880000,1665360996332,False,True
39439435,16.92000000,23.14000000,391.52880000,1665360996332,False,True
39439436,16.92000000,2.95000000,49.91400000,1665360996332,False,True
39439437,16.92000000,11.28000000,190.85760000,1665360996332,False,True
39439438,16.92000000,3.30000000,55.83600000,1665360996332,False,True
39439439,16.93000000,25.00000000,423.25000000,1665360996332,False,True
39439440,16.92000000,0.65000000,10.99800000,1665360996351,False,True
39439441,16.92000000,2.69000000,45.51480000,1665360999148,True,True
39439442,16.92000000,0.92000000,15.56640000,1665360999203,True,True
39439443,16.92000000,0.92000000,15.56640000,1665360999262,True,True
39439444,16.92000000,42.80000000,724.17600000,1665360999322,True,True
39439445,16.92000000,5.35000000,90.52200000,1665360999322,True,True
39439446,16.92000000,0.92000000,15.56640000,1665360999449,True,True
39439447,16.92000000,39.61000000,670.20120000,1665360999514,True,True
39439448,16.92000000,16.79000000,284.08680000,1665361000246,True,True
39439449,16.92000000,93.84000000,1587.77280000,1665361000488,True,True
39439450,16.92000000,0.92000000,15.56640000,1665361000577,True,True
39439451,16.92000000,0.92000000,15.56640000,1665361000664,True,True
39439452,16.92000000,0.92000000,15.56640000,1665361000749,True,True
39439453,16.92000000,0.92000000,15.56640000,1665361000820,True,True
39439454,16.92000000,0.92000000,15.56640000,1665361000888,True,True
39439455,16.92000000,0.89000000,15.05880000,1665361001112,True,True
39439456,16.92000000,2.09000000,35.36280000,1665361001184,True,True
39439457,16.92000000,2.24000000,37.90080000,1665361002569,True,True
39439458,16.92000000,26.67000000,451.25640000,1665361008428,True,True
39439459,16.92000000,39.42000000,666.98640000,1665361008433,True,True
39439460,16.92000000,31.54000000,533.65680000,1665361008433,True,True
39439461,16.92000000,94.82000000,1604.35440000,1665361008433,True,True
39439462,16.91000000,32.42000000,548.22220000,1665361032093,True,True
39439463,16.91000000,36.64000000,619.58240000,1665361032093,True,True
39439464,16.91000000,68.27000000,1154.44570000,1665361032093,True,True
39439465,16.91000000,97.04000000,1640.94640000,1665361032093,True,True
39439466,16.91000000,11.28000000,190.74480000,1665361032093,True,True
39439467,16.91000000,35.46000000,599.62860000,1665361032093,True,True
39439468,16.91000000,35.65000000,602.84150000,1665361032093,True,True
39439469,16.91000000,19.05000000,322.13550000,1665361032093,True,True
39439470,16.91000000,1.02000000,17.24820000,1665361034212,False,True
39439471,16.91000000,3.20000000,54.11200000,1665361045100,False,True
39439472,16.90000000,0.89000000,15.04100000,1665361046747,True,True
39439473,16.92000000,11.70000000,197.96400000,1665361073937,False,True
39439474,16.92000000,35.10000000,593.89200000,1665361073991,False,True
39439475,16.92000000,1.77000000,29.94840000,1665361112895,False,True
39439476,16.91000000,44.83000000,758.07530000,1665361127167,True,True
39439477,16.91000000,23.51000000,397.55410000,1665361127168,True,True
39439478,16.91000000,19.99000000,338.03090000,1665361127168,True,True
39439479,16.91000000,15.52000000,262.44320000,1665361170135,False,True
39439480,16.91000000,10.00000000,169.10000000,1665361212930,False,True
39439481,16.91000000,10.00000000,169.10000000,1665361213418,False,True
39439482,16.91000000,10.00000000,169.10000000,1665361213533,False,True
39439483,16.91000000,50.00000000,845.50000000,1665361214476,False,True
39439484,16.92000000,5.91000000,99.99720000,1665361232271,False,True
39439485,16.91000000,5.28000000,89.28480000,1665361232786,True,True
39439486,16.92000000,40.34000000,682.55280000,1665361237870,False,True
39439487,16.92000000,17.99000000,304.39080000,1665361237870,False,True
39439488,16.92000000,71.07000000,1202.50440000,1665361242616,False,True
39439489,16.92000000,11.28000000,190.85760000,1665361242624,False,True
39439490,16.92000000,2.70000000,45.68400000,1665361266012,True,True
39439491,16.92000000,9.29000000,157.18680000,1665361266012,True,True
39439492,16.92000000,13.03000000,220.46760000,1665361271460,True,True
39439493,16.92000000,72.50000000,1226.70000000,1665361290374,True,True
39439494,16.92000000,11.28000000,190.85760000,1665361290374,True,True
39439495,16.92000000,2.24000000,37.90080000,1665361294829,False,True
39439496,16.92000000,20.09000000,339.92280000,1665361304486,False,True
39439497,16.92000000,15.27000000,258.36840000,1665361304486,False,True
39439498,16.92000000,54.98000000,930.26160000,1665361304497,False,True
39439499,16.93000000,47.20000000,799.09600000,1665361304677,False,True
39439500,16.93000000,0.94000000,15.91420000,1665361304677,False,True
39439501,16.93000000,1.05000000,17.77650000,1665361304677,False,True
39439502,16.93000000,0.81000000,13.71330000,1665361304677,False,True
39439503,16.93000000,0.49000000,8.29570000,1665361317801,False,True
39439504,16.93000000,1.85000000,31.32050000,1665361317801,False,True
39439505,16.93000000,2.29000000,38.76970000,1665361317801,False,True
39439506,16.93000000,0.75000000,12.69750000,1665361317801,False,True
39439507,16.93000000,0.67000000,11.34310000,1665361317801,False,True
39439508,16.93000000,1.96000000,33.18280000,1665361317801,False,True
39439509,16.93000000,1.20000000,20.31600000,1665361317801,False,True
39439510,16.93000000,35.71000000,604.57030000,1665361317801,False,True
39439511,16.93000000,1.46000000,24.71780000,1665361317801,False,True
39439512,16.93000000,12.30000000,208.23900000,1665361366418,True,True
39439513,16.94000000,1.05000000,17.78700000,1665361385920,False,True
39439514,16.94000000,1.19000000,20.15860000,1665361385920,False,True
39439515,16.94000000,0.65000000,11.01100000,1665361385920,False,True
39439516,16.94000000,0.66000000,11.18040000,1665361385920,False,True
39439517,16.94000000,1.11000000,18.80340000,1665361385920,False,True
39439518,16.94000000,2.95000000,49.97300000,1665361385920,False,True
39439519,16.94000000,3.30000000,55.90200000,1665361385920,False,True
39439520,16.94000000,11.28000000,191.08320000,1665361385920,False,True
39439521,16.94000000,1.11000000,18.80340000,1665361385920,False,True
39439522,16.94000000,1.46000000,24.73240000,1665361385920,False,True
39439523,16.94000000,31.31000000,530.39140000,1665361385920,False,True
39439524,16.94000000,1.16000000,19.65040000,1665361385952,True,True
39439525,16.94000000,2.24000000,37.94560000,1665361386011,True,True
39439526,16.94000000,66.10000000,1119.73400000,1665361386019,True,True
39439527,16.93000000,10.00000000,169.30000000,1665361386031,True,True
39439528,16.93000000,9.77000000,165.40610000,1665361433863,True,True
39439529,16.94000000,2.70000000,45.73800000,1665361458584,False,True
39439530,16.94000000,2.30000000,38.96200000,1665361458584,False,True
39439531,16.94000000,10.00000000,169.40000000,1665361461204,True,True
39439532,16.94000000,10.00000000,169.40000000,1665361461302,True,True
39439533,16.94000000,10.00000000,169.40000000,1665361461508,True,True
39439534,16.94000000,7.49000000,126.88060000,1665361461554,True,True
39439535,16.94000000,29.32000000,496.68080000,1665361461658,True,True
39439536,16.94000000,10.00000000,169.40000000,1665361474648,True,True
39439537,16.93000000,11.26000000,190.63180000,1665361495400,True,True
39439538,16.93000000,15.67000000,265.29310000,1665361495400,True,True
39439539,16.93000000,66.70000000,1129.23100000,1665361495402,True,True
39439540,16.93000000,5.45000000,92.26850000,1665361495402,True,True
39439541,16.93000000,11.28000000,190.97040000,1665361495402,True,True
39439542,16.93000000,17.75000000,300.50750000,1665361495402,True,True
39439543,16.93000000,61.61000000,1043.05730000,1665361495407,True,True
39439544,16.93000000,13.22000000,223.81460000,1665361495407,True,True
39439545,16.92000000,0.94000000,15.90480000,1665361498706,True,True
39439546,16.92000000,1.46000000,24.70320000,1665361498706,True,True
39439547,16.92000000,2.70000000,45.68400000,1665361498778,True,True
39439548,16.92000000,1.00000000,16.92000000,1665361523584,False,True
39439549,16.91000000,2.24000000,37.87840000,1665361544257,True,True
39439550,16.91000000,3.30000000,55.80300000,1665361544946,True,True
39439551,16.91000000,5.00000000,84.55000000,1665361544946,True,True
39439552,16.91000000,1.46000000,24.68860000,1665361544946,True,True
39439553,16.90000000,0.94000000,15.88600000,1665361546145,True,True
39439554,16.90000000,10.38000000,175.42200000,1665361546145,True,True
39439555,16.90000000,2.15000000,36.33500000,1665361546145,True,True
39439556,16.90000000,1.05000000,17.74500000,1665361546145,True,True
39439557,16.90000000,4.20000000,70.98000000,1665361546145,True,True
39439558,16.90000000,5.40000000,91.26000000,1665361546145,True,True
39439559,16.90000000,67.86000000,1146.83400000,1665361546145,True,True
39439560,16.89000000,0.63000000,10.64070000,1665361546613,True,True
39439561,16.90000000,29.09000000,491.62100000,1665361559877,False,True
39439562,16.90000000,13.90000000,234.91000000,1665361559878,False,True
39439563,16.90000000,11.58000000,195.70200000,1665361559890,False,True
39439564,16.90000000,38.71000000,654.19900000,1665361559899,False,True
39439565,16.90000000,0.83000000,14.02700000,1665361562373,True,True
39439566,16.91000000,2.70000000,45.65700000,1665361572984,False,True
39439567,16.91000000,11.27000000,190.57570000,1665361572984,False,True
39439568,16.91000000,0.83000000,14.03530000,1665361572984,False,True
39439569,16.91000000,22.53000000,380.98230000,1665361580397,True,True
39439570,16.91000000,82.57000000,1396.25870000,1665361580397,True,True
39439571,16.91000000,71.13000000,1202.80830000,1665361580397,True,True
39439572,16.90000000,2.24000000,37.85600000,1665361599442,False,True
39439573,16.90000000,2.24000000,37.85600000,1665361605334,False,True
39439574,16.90000000,8.46000000,142.97400000,1665361616022,False,True
39439575,16.90000000,33.71000000,569.69900000,1665361616034,False,True
39439576,16.91000000,22.52000000,380.81320000,1665361616045,False,True
39439577,16.91000000,27.48000000,464.68680000,1665361616045,False,True
39439578,16.91000000,0.67000000,11.32970000,1665361617546,False,True
39439579,16.90000000,17.74000000,299.80600000,1665361621787,True,True
39439580,16.90000000,2.24000000,37.85600000,1665361653744,True,True
39439581,16.90000000,2.24000000,37.85600000,1665361671019,True,True
39439582,16.90000000,8.56000000,144.66400000,1665361671238,True,True
39439583,16.90000000,8.56000000,144.66400000,1665361671405,True,True
39439584,16.90000000,2.09000000,35.32100000,1665361675050,True,True
39439585,16.90000000,58.69000000,991.86100000,1665361675270,True,True
39439586,16.90000000,15.90000000,268.71000000,1665361744176,False,True
39439587,16.90000000,0.88000000,14.87200000,1665361759768,False,True
39439588,16.90000000,2.70000000,45.63000000,1665361872278,True,True
39439589,16.90000000,22.52000000,380.58800000,1665361872278,True,True
39439590,16.90000000,23.01000000,388.86900000,1665361872278,True,True
39439591,16.90000000,5.35000000,90.41500000,1665361872455,False,True
39439592,16.90000000,94.83000000,1602.62700000,1665361872455,False,True
39439593,16.90000000,22.52000000,380.58800000,1665361872455,False,True
39439594,16.90000000,2.70000000,45.63000000,1665361872455,False,True
39439595,16.90000000,57.04000000,963.97600000,1665361907956,True,True
39439596,16.90000000,3.26000000,55.09400000,1665361907977,True,True
39439597,16.91000000,1.11000000,18.77010000,1665361975196,False,True
39439598,16.91000000,1.46000000,24.68860000,1665361975196,False,True
39439599,16.91000000,3.34000000,56.47940000,1665361975196,False,True
39439600,16.90000000,55.02000000,929.83800000,1665361988944,True,True
39439601,16.90000000,2.48000000,41.91200000,1665361988953,True,True
39439602,16.90000000,11.83000000,199.92700000,1665361989011,False,True
39439603,16.90000000,74.62000000,1261.07800000,1665361989011,False,True
39439604,16.90000000,60.30000000,1019.07000000,1665361989011,False,True
39439605,16.90000000,10.96000000,185.22400000,1665361989126,True,True
39439606,16.90000000,11.83000000,199.92700000,1665361989187,False,True
39439607,16.90000000,10.97000000,185.39300000,1665361989187,False,True
39439608,16.90000000,153.46000000,2593.47400000,1665361989252,False,True
39439609,16.90000000,71.15000000,1202.43500000,1665361989350,False,True
39439610,16.90000000,17.71000000,299.29900000,1665361989350,False,True
39439611,16.90000000,67.79000000,1145.65100000,1665361989534,True,True
39439612,16.90000000,11.83000000,199.92700000,1665361989620,False,True
39439613,16.90000000,71.19000000,1203.11100000,1665361989620,False,True
39439614,16.90000000,61.17000000,1033.77300000,1665361989810,False,True
39439615,16.90000000,67.79000000,1145.65100000,1665361989810,False,True
39439616,16.90000000,26.07000000,440.58300000,1665361989810,False,True
39439617,16.90000000,66.40000000,1122.16000000,1665361990033,False,True
39439618,16.90000000,79.12000000,1337.12800000,1665361990033,False,True
39439619,16.90000000,56.91000000,961.77900000,1665361990389,False,True
39439620,16.90000000,1.11000000,18.75900000,1665361990389,False,True
39439621,16.90000000,0.97000000,16.39300000,1665361997183,True,True
39439622,16.91000000,71.11000000,1202.47010000,1665362006092,False,True
39439623,16.91000000,74.62000000,1261.82420000,1665362006092,False,True
39439624,16.91000000,20.41000000,345.13310000,1665362006092,False,True
39439625,16.90000000,1.99000000,33.63100000,1665362020041,True,True
39439626,16.91000000,3.75000000,63.41250000,1665362184391,False,True
39439627,16.92000000,0.94000000,15.90480000,1665362186597,False,True
39439628,16.92000000,3.30000000,55.83600000,1665362186597,False,True
39439629,16.92000000,1.46000000,24.70320000,1665362186597,False,True
39439630,16.92000000,3.29000000,55.66680000,1665362186831,True,True
39439631,16.92000000,2.06000000,34.85520000,1665362186894,True,True
39439632,16.92000000,0.18000000,3.04560000,1665362186894,True,True
39439633,16.92000000,2.24000000,37.90080000,1665362186956,True,True
39439634,16.92000000,2.93000000,49.57560000,1665362187020,True,True
39439635,16.93000000,0.94000000,15.91420000,1665362289853,False,True
39439636,16.93000000,2.95000000,49.94350000,1665362289853,False,True
39439637,16.93000000,0.83000000,14.05190000,1665362289853,False,True
39439638,16.93000000,3.30000000,55.86900000,1665362289853,False,True
39439639,16.93000000,1.46000000,24.71780000,1665362289853,False,True
39439640,16.94000000,6.97000000,118.07180000,1665362290192,False,True
39439641,16.94000000,9.11000000,154.32340000,1665362290192,False,True
39439642,16.94000000,1.22000000,20.66680000,1665362290202,False,True
39439643,16.94000000,1.05000000,17.78700000,1665362290202,False,True
39439644,16.94000000,0.83000000,14.06020000,1665362290202,False,True
39439645,16.94000000,2.95000000,49.97300000,1665362290202,False,True
39439646,16.94000000,2.14000000,36.25160000,1665362290202,False,True
39439647,16.94000000,4.08000000,69.11520000,1665362290202,False,True
39439648,16.94000000,25.48000000,431.63120000,1665362290202,False,True
39439649,16.94000000,10.37000000,175.66780000,1665362290435,False,True
39439650,16.94000000,11.44000000,193.79360000,1665362290820,True,True
39439651,16.94000000,2.24000000,37.94560000,1665362290964,True,True
39439652,16.94000000,53.83000000,911.88020000,1665362300399,True,True
39439653,16.94000000,2.92000000,49.46480000,1665362318179,True,True
39439654,16.94000000,38.07000000,644.90580000,1665362318190,True,True
39439655,16.94000000,1.46000000,24.73240000,1665362318190,True,True
39439656,16.94000000,22.53000000,381.65820000,1665362318190,True,True
39439657,16.94000000,1.18000000,19.98920000,1665362335013,False,True
39439658,16.93000000,6.97000000,118.00210000,1665362352552,True,True
39439659,16.93000000,3.30000000,55.86900000,1665362352552,True,True
39439660,16.93000000,1.46000000,24.71780000,1665362352552,True,True
39439661,16.93000000,5.50000000,93.11500000,1665362405060,False,True
39439662,16.93000000,32.57000000,551.41010000,1665362410061,False,True
39439663,16.93000000,5.76000000,97.51680000,1665362410061,False,True
39439664,16.93000000,1.21000000,20.48530000,1665362411789,False,True
39439665,16.94000000,10.80000000,182.95200000,1665362425549,False,True
39439666,16.94000000,34.20000000,579.34800000,1665362514894,False,True
39439667,16.94000000,21.37000000,362.00780000,1665362514915,False,True
39439668,16.95000000,0.94000000,15.93300000,1665362514915,False,True
39439669,16.95000000,0.76000000,12.88200000,1665362514915,False,True
39439670,16.95000000,1.04000000,17.62800000,1665362514915,False,True
39439671,16.95000000,1.30000000,22.03500000,1665362514915,False,True
39439672,16.95000000,5.20000000,88.14000000,1665362514915,False,True
39439673,16.95000000,1.00000000,16.95000000,1665362514915,False,True
39439674,16.95000000,11.13000000,188.65350000,1665362514915,False,True
39439675,16.95000000,0.62000000,10.50900000,1665362518539,False,True
39439676,16.94000000,1.01000000,17.10940000,1665362533820,True,True
39439677,16.95000000,1.02000000,17.28900000,1665362534252,False,True
39439678,16.95000000,9.61000000,162.88950000,1665362538723,False,True
39439679,16.95000000,7.08000000,120.00600000,1665362538723,False,True
39439680,16.95000000,4.19000000,71.02050000,1665362538726,False,True
39439681,16.95000000,17.72000000,300.35400000,1665362538726,False,True
39439682,16.95000000,41.12000000,696.98400000,1665362538726,False,True
39439683,16.95000000,0.16000000,2.71200000,1665362538726,False,True
39439684,16.95000000,1.09000000,18.47550000,1665362538726,False,True
39439685,16.96000000,0.62000000,10.51520000,1665362544465,False,True
39439686,16.96000000,0.65000000,11.02400000,1665362547220,False,True
39439687,16.96000000,1.04000000,17.63840000,1665362547220,False,True
39439688,16.96000000,8.70000000,147.55200000,1665362547220,False,True
39439689,16.96000000,2.36000000,40.02560000,1665362547220,False,True
39439690,16.96000000,2.97000000,50.37120000,1665362547227,False,True
39439691,16.96000000,0.90000000,15.26400000,1665362547227,False,True
39439692,16.96000000,3.30000000,55.96800000,1665362547227,False,True
39439693,16.96000000,1.25000000,21.20000000,1665362547227,False,True
39439694,16.96000000,3.30000000,55.96800000,1665362547227,False,True
39439695,16.96000000,1.46000000,24.76160000,1665362547227,False,True
39439696,16.96000000,0.44000000,7.46240000,1665362547227,False,True
39439697,16.96000000,0.65000000,11.02400000,1665362547230,False,True
39439698,16.96000000,6.42000000,108.88320000,1665362548480,True,True
39439699,16.97000000,0.94000000,15.95180000,1665362550496,False,True
39439700,16.97000000,1.04000000,17.64880000,1665362550496,False,True
39439701,16.97000000,0.69000000,11.70930000,1665362550496,False,True
39439702,16.97000000,0.71000000,12.04870000,1665362550496,False,True
39439703,16.97000000,4.48000000,76.02560000,1665362550618,False,True
39439704,16.97000000,11.61000000,197.02170000,1665362550618,False,True
39439705,16.97000000,2.16000000,36.65520000,1665362550618,False,True
39439706,16.97000000,1.18000000,20.02460000,1665362550618,False,True
39439707,16.97000000,1.19000000,20.19430000,1665362550618,False,True
39439708,16.97000000,11.81000000,200.41570000,1665362550618,False,True
39439709,16.97000000,5.89000000,99.95330000,1665362550618,False,True
39439710,16.97000000,2.94000000,49.89180000,1665362550618,False,True
39439711,16.97000000,0.90000000,15.27300000,1665362550618,False,True
39439712,16.97000000,3.30000000,56.00100000,1665362550618,False,True
39439713,16.97000000,1.46000000,24.77620000,1665362550618,False,True
39439714,16.96000000,3.15000000,53.42400000,1665362559039,True,True
39439715,16.97000000,1.09000000,18.49730000,1665362580597,False,True
39439716,16.97000000,23.63000000,401.00110000,1665362580597,False,True
39439717,16.97000000,23.63000000,401.00110000,1665362580801,False,True
39439718,16.97000000,5.34000000,90.61980000,1665362580990,False,True
39439719,16.97000000,8.57000000,145.43290000,1665362580990,False,True
39439720,16.97000000,9.72000000,164.94840000,1665362581436,False,True
39439721,16.97000000,23.63000000,401.00110000,1665362589265,False,True
39439722,16.97000000,1.09000000,18.49730000,1665362589265,False,True
39439723,16.97000000,16.24000000,275.59280000,1665362589265,False,True
39439724,16.97000000,7.39000000,125.40830000,1665362589266,False,True
39439725,16.98000000,1.04000000,17.65920000,1665362600325,False,True
39439726,16.98000000,1.30000000,22.07400000,1665362600325,False,True
39439727,16.98000000,2.28000000,38.71440000,1665362600325,False,True
39439728,16.98000000,0.69000000,11.71620000,1665362600325,False,True
39439729,16.98000000,1.87000000,31.75260000,1665362600325,False,True
39439730,16.98000000,28.06000000,476.45880000,1665362600325,False,True
39439731,16.98000000,0.63000000,10.69740000,1665362600325,False,True
39439732,16.98000000,0.63000000,10.69740000,1665362600325,False,True
39439733,16.98000000,1.51000000,25.63980000,1665362600325,False,True
39439734,16.98000000,1.79000000,30.39420000,1665362600325,False,True
39439735,16.98000000,0.78000000,13.24440000,1665362600325,False,True
39439736,16.98000000,4.74000000,80.48520000,1665362600325,False,True
39439737,16.98000000,3.30000000,56.03400000,1665362600325,False,True
39439738,16.98000000,1.46000000,24.79080000,1665362600325,False,True
39439739,16.98000000,2.39000000,40.58220000,1665362610911,True,True
39439740,16.99000000,0.64000000,10.87360000,1665362713829,False,True
39439741,16.98000000,1.01000000,17.14980000,1665362714347,True,True
39439742,16.99000000,0.30000000,5.09700000,1665362714788,False,True
39439743,16.99000000,0.71000000,12.06290000,1665362714788,False,True
39439744,16.99000000,0.33000000,5.60670000,1665362714923,False,True
39439745,16.99000000,0.27000000,4.58730000,1665362714923,False,True
39439746,16.99000000,0.49000000,8.32510000,1665362778650,False,True
39439747,16.99000000,0.71000000,12.06290000,1665362778650,False,True
39439748,16.99000000,1.21000000,20.55790000,1665362778650,False,True
39439749,16.99000000,0.69000000,11.72310000,1665362778650,False,True
39439750,16.99000000,2.69000000,45.70310000,1665362778650,False,True
39439751,16.99000000,0.22000000,3.73780000,1665362778652,False,True
39439752,16.99000000,0.96000000,16.31040000,1665362778652,False,True
39439753,16.99000000,2.94000000,49.95060000,1665362778652,False,True
39439754,16.99000000,1.41000000,23.95590000,1665362778652,False,True
39439755,16.99000000,1.89000000,32.11110000,1665362778652,False,True
39439756,16.99000000,1.11000000,18.85890000,1665362778652,False,True
39439757,16.99000000,3.64000000,61.84360000,1665362778652,False,True
39439758,16.99000000,0.23000000,3.90770000,1665362778660,False,True
39439759,16.99000000,3.54000000,60.14460000,1665362778660,False,True
39439760,16.99000000,1.46000000,24.80540000,1665362778660,False,True
39439761,16.99000000,14.65000000,248.90350000,1665362778763,True,True
39439762,16.99000000,2.82000000,47.91180000,1665362779691,True,True
39439763,16.99000000,0.25000000,4.24750000,1665362779691,True,True
39439764,17.00000000,0.62000000,10.54000000,1665362817467,False,True
39439765,17.00000000,49.04000000,833.68000000,1665362817804,False,True
39439766,17.00000000,3.00000000,51.00000000,1665362817804,False,True
39439767,17.00000000,6.92000000,117.64000000,1665362817804,False,True
39439768,17.00000000,1.53000000,26.01000000,1665362817804,False,True
39439769,17.00000000,1.00000000,17.00000000,1665362817804,False,True
39439770,17.00000000,0.94000000,15.98000000,1665362817804,False,True
39439771,17.00000000,1.27000000,21.59000000,1665362817804,False,True
39439772,17.00000000,2.27000000,38.59000000,1665362817804,False,True
39439773,17.00000000,5.19000000,88.23000000,1665362817804,False,True
39439774,17.00000000,1.29000000,21.93000000,1665362817804,False,True
39439775,17.00000000,8.59000000,146.03000000,1665362817804,False,True
39439776,17.00000000,1.60000000,27.20000000,1665362817804,False,True
39439777,17.00000000,0.70000000,11.90000000,1665362817804,False,True
39439778,17.00000000,0.71000000,12.07000000,1665362817804,False,True
39439779,17.00000000,1.37000000,23.29000000,1665362817804,False,True
39439780,17.00000000,0.72000000,12.24000000,1665362817804,False,True
39439781,17.00000000,0.64000000,10.88000000,1665362817804,False,True
39439782,17.00000000,0.59000000,10.03000000,1665362817804,False,True
39439783,17.00000000,2.52000000,42.84000000,1665362817804,False,True
39439784,17.00000000,0.70000000,11.90000000,1665362817804,False,True
39439785,17.00000000,40.83000000,694.11000000,1665362817804,False,True
39439786,17.00000000,220.86000000,3754.62000000,1665362817804,False,True
39439787,17.00000000,3.30000000,56.10000000,1665362817804,False,True
39439788,17.00000000,1.11000000,18.87000000,1665362817804,False,True
39439789,17.00000000,1.46000000,24.82000000,1665362817804,False,True
39439790,17.00000000,23.57000000,400.69000000,1665362817804,False,True
39439791,17.00000000,0.01000000,0.17000000,1665362817806,False,True
39439792,17.00000000,23.58000000,400.86000000,1665362817806,False,True
39439793,17.00000000,23.58000000,400.86000000,1665362817806,False,True
39439794,17.00000000,23.58000000,400.86000000,1665362817806,False,True
39439795,17.00000000,23.58000000,400.86000000,1665362817806,False,True
39439796,17.00000000,0.01000000,0.17000000,1665362817806,False,True
39439797,17.01000000,0.75000000,12.75750000,1665362817837,False,True
39439798,17.01000000,1.85000000,31.46850000,1665362817837,False,True
39439799,17.01000000,0.86000000,14.62860000,1665362817837,False,True
39439800,17.01000000,3.50000000,59.53500000,1665362817837,False,True
39439801,17.01000000,1.04000000,17.69040000,1665362817837,False,True
39439802,17.01000000,3.38000000,57.49380000,1665362817837,False,True
39439803,17.01000000,5.88000000,100.01880000,1665362817837,False,True
39439804,17.01000000,2.55000000,43.37550000,1665362817837,False,True
39439805,17.01000000,1.95000000,33.16950000,1665362817837,False,True
39439806,17.01000000,5.89000000,100.18890000,1665362817837,False,True
39439807,17.01000000,6.27000000,106.65270000,1665362817837,False,True
39439808,17.01000000,30.31000000,515.57310000,1665362817837,False,True
39439809,17.01000000,8.67000000,147.47670000,1665362817837,False,True
39439810,17.01000000,28.17000000,479.17170000,1665362817837,False,True
39439811,17.01000000,0.60000000,10.20600000,1665362817837,False,True
39439812,17.01000000,11.81000000,200.88810000,1665362817837,False,True
39439813,17.01000000,10.33000000,175.71330000,1665362817837,False,True
39439814,17.01000000,12.00000000,204.12000000,1665362817837,False,True
39439815,17.01000000,43.35000000,737.38350000,1665362817837,False,True
39439816,17.01000000,9.68000000,164.65680000,1665362817854,False,True
39439817,17.01000000,2.94000000,50.00940000,1665362818131,False,True
39439818,17.01000000,5.94000000,101.03940000,1665362818131,False,True
39439819,17.01000000,1.00000000,17.01000000,1665362818420,True,True
39439820,17.01000000,13.49000000,229.46490000,1665362818569,True,True
39439821,17.01000000,1.00000000,17.01000000,1665362819072,True,True
39439822,17.02000000,0.62000000,10.55240000,1665362819125,False,True
39439823,17.02000000,0.58000000,9.87160000,1665362819125,False,True
39439824,17.02000000,1.29000000,21.95580000,1665362819125,False,True
39439825,17.02000000,0.94000000,15.99880000,1665362819125,False,True
39439826,17.02000000,0.63000000,10.72260000,1665362819125,False,True
39439827,17.02000000,0.65000000,11.06300000,1665362819125,False,True
39439828,17.02000000,0.60000000,10.21200000,1665362819125,False,True
39439829,17.02000000,1.04000000,17.70080000,1665362819125,False,True
39439830,17.02000000,0.67000000,11.40340000,1665362819125,False,True
39439831,17.02000000,1.78000000,30.29560000,1665362819125,False,True
39439832,17.02000000,1.00000000,17.02000000,1665362819125,False,True
39439833,17.02000000,2.57000000,43.74140000,1665362819125,False,True
39439834,17.02000000,0.32000000,5.44640000,1665362819125,False,True
39439835,17.02000000,0.60000000,10.21200000,1665362819125,False,True
39439836,17.02000000,11.08000000,188.58160000,1665362819125,False,True
39439837,17.02000000,57.46000000,977.96920000,1665362819149,False,True
39439838,17.02000000,18.82000000,320.31640000,1665362819160,False,True
39439839,17.02000000,92.00000000,1565.84000000,1665362819160,False,True
39439840,17.02000000,1.98000000,33.69960000,1665362819178,True,True
39439841,17.02000000,12.26000000,208.66520000,1665362819252,True,True
39439842,17.02000000,4.86000000,82.71720000,1665362819311,True,True
39439843,17.02000000,57.36000000,976.26720000,1665362819318,True,True
39439844,17.02000000,2.98000000,50.71960000,1665362819375,True,True
39439845,17.02000000,10.81000000,183.98620000,1665362819415,True,True
39439846,17.01000000,2.80000000,47.62800000,1665362819428,True,True
39439847,17.01000000,1.00000000,17.01000000,1665362819654,True,True
39439848,17.02000000,36.59000000,622.76180000,1665362819908,False,True
39439849,17.02000000,19.99000000,340.22980000,1665362819908,False,True
39439850,17.02000000,0.14000000,2.38280000,1665362819908,False,True
39439851,17.01000000,16.26000000,276.58260000,1665362820032,True,True
39439852,17.01000000,1.00000000,17.01000000,1665362820266,True,True
39439853,17.01000000,1.16000000,19.73160000,1665362820524,True,True
39439854,17.02000000,39.36000000,669.90720000,1665362820827,False,True
39439855,17.02000000,20.52000000,349.25040000,1665362820828,False,True
39439856,17.02000000,10.12000000,172.24240000,1665362820829,False,True
39439857,17.02000000,4.46000000,75.90920000,1665362820829,False,True
39439858,17.02000000,35.39000000,602.33780000,1665362820829,False,True
39439859,17.02000000,18.75000000,319.12500000,1665362820829,False,True
39439860,17.02000000,10.31000000,175.47620000,1665362820829,False,True
39439861,17.02000000,15.10000000,257.00200000,1665362820829,False,True
39439862,17.02000000,3.30000000,56.16600000,1665362820829,False,True
39439863,17.02000000,17.35000000,295.29700000,1665362820829,False,True
39439864,17.02000000,20.44000000,347.88880000,1665362820831,False,True
39439865,17.02000000,35.01000000,595.87020000,1665362820832,False,True
39439866,17.02000000,38.69000000,658.50380000,1665362820833,False,True
39439867,17.02000000,15.32000000,260.74640000,1665362820833,False,True
39439868,17.02000000,11.70000000,199.13400000,1665362820833,False,True
39439869,17.02000000,1.46000000,24.84920000,1665362820833,False,True
39439870,17.02000000,92.00000000,1565.84000000,1665362820833,False,True
39439871,17.02000000,32.26000000,549.06520000,1665362820833,False,True
39439872,17.02000000,1.09000000,18.55180000,1665362820833,False,True
39439873,17.02000000,20.00000000,340.40000000,1665362820833,False,True
39439874,17.03000000,5.31000000,90.42930000,1665362820853,False,True
39439875,17.03000000,1.04000000,17.71120000,1665362820853,False,True
39439876,17.03000000,1.19000000,20.26570000,1665362820853,False,True
39439877,17.03000000,5.60000000,95.36800000,1665362820853,False,True
39439878,17.03000000,0.78000000,13.28340000,1665362820853,False,True
39439879,17.03000000,0.69000000,11.75070000,1665362820853,False,True
39439880,17.03000000,1.00000000,17.03000000,1665362820853,False,True
39439881,17.03000000,40.71000000,693.29130000,1665362820853,False,True
39439882,17.03000000,1.01000000,17.20030000,1665362820853,False,True
39439883,17.03000000,2.27000000,38.65810000,1665362820853,False,True
39439884,17.03000000,5.16000000,87.87480000,1665362820853,False,True
39439885,17.03000000,1.78000000,30.31340000,1665362820853,False,True
39439886,17.03000000,15.47000000,263.45410000,1665362820853,False,True
39439887,17.03000000,1.28000000,21.79840000,1665362820853,False,True
39439888,17.03000000,10.00000000,170.30000000,1665362820853,False,True
39439889,17.03000000,38.82000000,661.10460000,1665362820853,False,True
39439890,17.03000000,3.65000000,62.15950000,1665362820853,False,True
39439891,17.03000000,11.81000000,201.12430000,1665362820853,False,True
39439892,17.03000000,2.13000000,36.27390000,1665362820853,False,True
39439893,17.03000000,11.67000000,198.74010000,1665362820853,False,True
39439894,17.03000000,7.92000000,134.87760000,1665362820853,False,True
39439895,17.03000000,37.22000000,633.85660000,1665362820853,False,True
39439896,17.03000000,58.29000000,992.67870000,1665362820853,False,True
39439897,17.03000000,0.62000000,10.55860000,1665362820857,False,True
39439898,17.02000000,1.00000000,17.02000000,1665362820878,True,True
39439899,17.03000000,4.88000000,83.10640000,1665362820879,False,True
39439900,17.03000000,0.60000000,10.21800000,1665362820906,False,True
39439901,17.03000000,3.34000000,56.88020000,1665362820936,False,True
39439902,17.03000000,3.17000000,53.98510000,1665362820939,False,True
39439903,17.03000000,106.89000000,1820.33670000,1665362821197,True,True
39439904,17.03000000,69.78000000,1188.35340000,1665362821198,True,True
39439905,17.03000000,51.99000000,885.38970000,1665362821198,True,True
39439906,17.02000000,3.93000000,66.88860000,1665362821274,True,True
39439907,17.02000000,0.83000000,14.12660000,1665362821474,True,True
39439908,17.02000000,1.01000000,17.19020000,1665362822135,True,True
39439909,17.02000000,1.01000000,17.19020000,1665362822840,True,True
39439910,17.02000000,1.01000000,17.19020000,1665362823659,True,True
39439911,17.02000000,1.01000000,17.19020000,1665362824376,True,True
39439912,17.02000000,16.63000000,283.04260000,1665362825099,True,True
39439913,17.02000000,11.44000000,194.70880000,1665362825100,True,True
39439914,17.02000000,11.55000000,196.58100000,1665362825102,True,True
39439915,17.02000000,2.21000000,37.61420000,1665362825102,True,True
39439916,17.02000000,16.88000000,287.29760000,1665362825102,True,True
39439917,17.02000000,25.78000000,438.77560000,1665362826102,True,True
39439918,17.02000000,27.73000000,471.96460000,1665362826103,True,True
39439919,17.02000000,10.58000000,180.07160000,1665362826104,True,True
39439920,17.02000000,12.87000000,219.04740000,1665362826104,True,True
39439921,17.02000000,9.67000000,164.58340000,1665362826106,True,True
39439922,17.02000000,16.12000000,274.36240000,1665362826106,True,True
39439923,17.02000000,0.76000000,12.93520000,1665362843671,True,True
39439924,17.03000000,1.46000000,24.86380000,1665362869911,False,True
39439925,17.03000000,30.74000000,523.50220000,1665362869911,False,True
39439926,17.03000000,21.24000000,361.71720000,1665362869911,False,True
39439927,17.03000000,17.42000000,296.66260000,1665362869929,False,True
39439928,17.03000000,9.18000000,156.33540000,1665362870032,False,True
39439929,17.03000000,7.86000000,133.85580000,1665362870055,False,True
39439930,17.03000000,6.52000000,111.03560000,1665362870058,False,True
39439931,17.03000000,3.30000000,56.19900000,1665362870058,False,True
39439932,17.03000000,17.04000000,290.19120000,1665362870058,False,True
39439933,17.03000000,2.23000000,37.97690000,1665362870225,False,True
39439934,17.03000000,2.23000000,37.97690000,1665362871066,False,True
39439935,17.03000000,2.06000000,35.08180000,1665362871088,False,True
39439936,17.03000000,1.95000000,33.20850000,1665362871334,False,True
39439937,17.03000000,2.05000000,34.91150000,1665362871450,False,True
39439938,17.03000000,1.01000000,17.20030000,1665362894512,False,True
39439939,17.03000000,10.32000000,175.74960000,1665362895343,False,True
39439940,17.03000000,8.23000000,140.15690000,1665362895349,False,True
39439941,17.03000000,3.12000000,53.13360000,1665362895349,False,True
39439942,17.03000000,22.31000000,379.93930000,1665362895350,False,True
39439943,17.03000000,17.69000000,301.26070000,1665362895350,False,True
39439944,17.03000000,3.98000000,67.77940000,1665362895354,False,True
39439945,17.03000000,1.89000000,32.18670000,1665362895367,False,True
39439946,17.03000000,5.23000000,89.06690000,1665362895367,False,True
39439947,17.03000000,5.87000000,99.96610000,1665362895388,False,True
39439948,17.03000000,12.44000000,211.85320000,1665362895400,False,True
39439949,17.04000000,0.94000000,16.01760000,1665362895412,False,True
39439950,17.04000000,0.69000000,11.75760000,1665362895412,False,True
39439951,17.04000000,1.04000000,17.72160000,1665362895412,False,True
39439952,17.04000000,0.65000000,11.07600000,1665362895412,False,True
39439953,17.04000000,2.16000000,36.80640000,1665362895412,False,True
39439954,17.04000000,1.47000000,25.04880000,1665362895412,False,True
39439955,17.04000000,1.79000000,30.50160000,1665362895412,False,True
39439956,17.04000000,1.19000000,20.27760000,1665362895412,False,True
39439957,17.04000000,1.27000000,21.64080000,1665362895412,False,True
39439958,17.04000000,0.70000000,11.92800000,1665362895412,False,True
39439959,17.04000000,0.65000000,11.07600000,1665362895412,False,True
39439960,17.04000000,30.00000000,511.20000000,1665362895412,False,True
39439961,17.04000000,7.45000000,126.94800000,1665362895412,False,True
39439962,17.03000000,30.13000000,513.11390000,1665362897274,True,True
39439963,17.04000000,3.30000000,56.23200000,1665362904419,False,True
39439964,17.04000000,1.46000000,24.87840000,1665362904419,False,True
39439965,17.04000000,9.63000000,164.09520000,1665362904649,True,True
39439966,17.04000000,4.28000000,72.93120000,1665362904649,True,True
39439967,17.04000000,46.33000000,789.46320000,1665362904649,True,True
39439968,17.05000000,1.29000000,21.99450000,1665362906268,False,True
39439969,17.05000000,1.17000000,19.94850000,1665362906268,False,True
39439970,17.05000000,3.28000000,55.92400000,1665362906268,False,True
39439971,17.05000000,1.87000000,31.88350000,1665362906268,False,True
39439972,17.05000000,1.04000000,17.73200000,1665362906268,False,True
39439973,17.05000000,3.37000000,57.45850000,1665362906268,False,True
39439974,17.05000000,8.73000000,148.84650000,1665362906268,False,True
39439975,17.05000000,0.69000000,11.76450000,1665362906268,False,True
39439976,17.05000000,0.61000000,10.40050000,1665362906268,False,True
39439977,17.05000000,22.00000000,375.10000000,1665362906268,False,True
39439978,17.05000000,2.27000000,38.70350000,1665362906268,False,True
39439979,17.05000000,3.68000000,62.74400000,1665362906268,False,True
39439980,17.05000000,1.08000000,18.41400000,1665362906268,False,True
39439981,17.05000000,0.40000000,6.82000000,1665362906293,False,True
39439982,17.05000000,0.89000000,15.17450000,1665362906293,False,True
39439983,17.05000000,1.77000000,30.17850000,1665362906293,False,True
39439984,17.05000000,29.62000000,505.02100000,1665362906293,False,True
39439985,17.05000000,0.61000000,10.40050000,1665362906293,False,True
39439986,17.05000000,6.81000000,116.11050000,1665362906293,False,True
39439987,17.05000000,17.87000000,304.68350000,1665362906293,False,True
39439988,17.05000000,35.69000000,608.51450000,1665362906412,False,True
39439989,17.05000000,2.13000000,36.31650000,1665362906412,False,True
39439990,17.05000000,2.93000000,49.95650000,1665362906412,False,True
39439991,17.06000000,0.62000000,10.57720000,1665362906999,False,True
39439992,17.06000000,0.32000000,5.45920000,1665362907096,False,True
39439993,17.06000000,1.04000000,17.74240000,1665362907096,False,True
39439994,17.06000000,1.68000000,28.66080000,1665362907096,False,True
39439995,17.06000000,16.96000000,289.33760000,1665362907096,False,True
39439996,17.06000000,6.64000000,113.27840000,1665362907097,False,True
39439997,17.06000000,4.60000000,78.47600000,1665362907097,False,True
39439998,17.06000000,11.64000000,198.57840000,1665362907097,False,True
39439999,17.06000000,50.00000000,853.00000000,1665362907097,False,True
39440000,17.06000000,0.65000000,11.08900000,1665362907097,False,True
39440001,17.06000000,1.00000000,17.06000000,1665362907097,False,True
39440002,17.06000000,3.70000000,63.12200000,1665362907097,False,True
39440003,17.06000000,3.30000000,56.29800000,1665362907097,False,True
39440004,17.07000000,0.94000000,16.04580000,1665362907655,False,True
39440005,17.07000000,1.29000000,22.02030000,1665362907655,False,True
39440006,17.07000000,1.18000000,20.14260000,1665362907655,False,True
39440007,17.07000000,1.04000000,17.75280000,1665362907655,False,True
39440008,17.07000000,1.21000000,20.65470000,1665362907655,False,True
39440009,17.07000000,0.71000000,12.11970000,1665362907655,False,True
39440010,17.07000000,1.30000000,22.19100000,1665362907655,False,True
39440011,17.07000000,0.75000000,12.80250000,1665362907655,False,True
39440012,17.07000000,5.00000000,85.35000000,1665362907655,False,True
39440013,17.07000000,17.18000000,293.26260000,1665362907655,False,True
39440014,17.07000000,8.98000000,153.28860000,1665362907669,False,True
39440015,17.07000000,7.60000000,129.73200000,1665362907749,False,True
39440016,17.07000000,11.80000000,201.42600000,1665362907876,False,True
39440017,17.06000000,1.20000000,20.47200000,1665362908001,True,True
39440018,17.06000000,54.33000000,926.86980000,1665362908380,True,True
39440019,17.06000000,1.99000000,33.94940000,1665362908689,True,True
39440020,17.06000000,1.19000000,20.30140000,1665362909106,True,True
39440021,17.06000000,1.19000000,20.30140000,1665362909107,True,True
39440022,17.06000000,1.19000000,20.30140000,1665362909109,True,True
39440023,17.06000000,1.19000000,20.30140000,1665362909109,True,True
39440024,17.06000000,1.19000000,20.30140000,1665362909109,True,True
39440025,17.06000000,1.19000000,20.30140000,1665362909116,True,True
39440026,17.06000000,1.86000000,31.73160000,1665362909638,True,True
39440027,17.06000000,0.65000000,11.08900000,1665362909968,True,True
39440028,17.06000000,0.94000000,16.03640000,1665362909968,True,True
39440029,17.06000000,33.65000000,574.06900000,1665362909968,True,True
39440030,17.05000000,0.96000000,16.36800000,1665362911244,True,True
39440031,17.05000000,12.94000000,220.62700000,1665362913561,True,True
39440032,17.05000000,47.34000000,807.14700000,1665362913561,True,True
39440033,17.06000000,29.30000000,499.85800000,1665362923448,False,True
39440034,17.06000000,11.36000000,193.80160000,1665362923860,False,True
39440035,17.06000000,20.00000000,341.20000000,1665362923863,False,True
39440036,17.06000000,1.00000000,17.06000000,1665362923980,True,True
39440037,17.07000000,1.01000000,17.24070000,1665362924416,False,True
39440038,17.06000000,30.13000000,514.01780000,1665362930918,True,True
39440039,17.07000000,3.43000000,58.55010000,1665362933859,False,True
39440040,17.07000000,1.71000000,29.18970000,1665362933859,False,True
39440041,17.06000000,1.00000000,17.06000000,1665362938189,True,True
39440042,17.07000000,7.20000000,122.90400000,1665362938500,False,True
39440043,17.07000000,4.30000000,73.40100000,1665362938500,False,True
39440044,17.07000000,12.50000000,213.37500000,1665362938500,False,True
39440045,17.07000000,26.00000000,443.82000000,1665362938552,False,True
39440046,17.07000000,8.92000000,152.26440000,1665362938669,False,True
39440047,17.07000000,6.97000000,118.97790000,1665362938669,False,True
39440048,17.07000000,1.46000000,24.92220000,1665362938669,False,True
39440049,17.07000000,3.30000000,56.33100000,1665362938669,False,True
39440050,17.07000000,4.30000000,73.40100000,1665362938669,False,True
39440051,17.07000000,0.94000000,16.04580000,1665362938669,False,True
39440052,17.07000000,29.22000000,498.78540000,1665362938669,False,True
39440053,17.07000000,29.29000000,499.98030000,1665362938669,False,True
39440054,17.07000000,20.79000000,354.88530000,1665362938673,False,True
39440055,17.07000000,40.00000000,682.80000000,1665362938679,False,True
39440056,17.07000000,20.00000000,341.40000000,1665362938679,False,True
39440057,17.07000000,40.00000000,682.80000000,1665362938682,False,True
39440058,17.07000000,23.50000000,401.14500000,1665362938686,False,True
39440059,17.07000000,16.50000000,281.65500000,1665362938686,False,True
39440060,17.07000000,7.00000000,119.49000000,1665362941618,False,True
39440061,17.07000000,1.46000000,24.92220000,1665362941619,False,True
39440062,17.07000000,16.50000000,281.65500000,1665362941634,False,True
39440063,17.07000000,7.00000000,119.49000000,1665362941643,False,True
39440064,17.07000000,16.50000000,281.65500000,1665362941671,False,True
39440065,17.07000000,7.00000000,119.49000000,1665362941681,False,True
39440066,17.07000000,23.48000000,400.80360000,1665362941703,False,True
39440067,17.07000000,0.02000000,0.34140000,1665362941985,True,True
39440068,17.07000000,12.82000000,218.83740000,1665362941985,True,True
39440069,17.07000000,3.64000000,62.13480000,1665362942133,True,True
39440070,17.07000000,6.36000000,108.56520000,1665362942133,True,True
39440071,17.08000000,1.04000000,17.76320000,1665362944152,False,True
39440072,17.08000000,0.69000000,11.78520000,1665362944152,False,True
39440073,17.08000000,10.14000000,173.19120000,1665362944152,False,True
39440074,17.08000000,1.62000000,27.66960000,1665362944295,False,True
39440075,17.08000000,0.95000000,16.22600000,1665362944295,False,True
39440076,17.08000000,10.90000000,186.17200000,1665362944295,False,True
39440077,17.08000000,0.71000000,12.12680000,1665362944295,False,True
39440078,17.08000000,2.26000000,38.60080000,1665362944295,False,True
39440079,17.08000000,1.36000000,23.22880000,1665362944295,False,True
39440080,17.08000000,3.79000000,64.73320000,1665362944308,False,True
39440081,17.08000000,0.99000000,16.90920000,1665362944308,False,True
39440082,17.08000000,1.27000000,21.69160000,1665362944308,False,True
39440083,17.08000000,2.93000000,50.04440000,1665362944308,False,True
39440084,17.08000000,0.90000000,15.37200000,1665362944355,False,True
39440085,17.08000000,31.30000000,534.60400000,1665362944355,False,True
39440086,17.07000000,5.25000000,89.61750000,1665362944816,True,True
39440087,17.07000000,11.72000000,200.06040000,1665362946361,True,True
39440088,17.07000000,15.35000000,262.02450000,1665362946577,True,True
39440089,17.07000000,8.65000000,147.65550000,1665362946666,True,True
39440090,17.07000000,6.66000000,113.68620000,1665362946666,True,True
39440091,17.07000000,11.72000000,200.06040000,1665362948376,True,True
39440092,17.07000000,23.54000000,401.82780000,1665362948593,True,True
39440093,17.08000000,1.01000000,17.25080000,1665362954926,False,True
39440094,17.08000000,1.92000000,32.79360000,1665362963167,False,True
39440095,17.07000000,5.57000000,95.07990000,1665362964436,True,True
39440096,17.07000000,31.30000000,534.29100000,1665362964436,True,True
39440097,17.07000000,11.70000000,199.71900000,1665362964436,True,True
39440098,17.07000000,46.45000000,792.90150000,1665362964436,True,True
39440099,17.06000000,1.00000000,17.06000000,1665362984509,True,True
39440100,17.07000000,1.01000000,17.24070000,1665362984924,False,True
39440101,17.06000000,1.52000000,25.93120000,1665363003759,True,True
39440102,17.06000000,8.06000000,137.50360000,1665363009139,True,True
39440103,17.07000000,5.85000000,99.85950000,1665363017983,False,True
39440104,17.07000000,1.00000000,17.07000000,1665363032034,True,True
39440105,17.07000000,39.21000000,669.31470000,1665363032051,True,True
39440106,17.07000000,30.01000000,512.27070000,1665363033274,False,True
39440107,17.07000000,6.42000000,109.58940000,1665363033462,True,True
39440108,17.07000000,9.63000000,164.38410000,1665363033462,True,True
39440109,17.07000000,7.78000000,132.80460000,1665363033462,True,True
39440110,17.07000000,1.01000000,17.24070000,1665363058564,True,True
39440111,17.07000000,38.80000000,662.31600000,1665363063468,True,True
39440112,17.07000000,23.43000000,399.95010000,1665363063468,True,True
39440113,17.07000000,136.88000000,2336.54160000,1665363063468,True,True
39440114,17.07000000,5.88000000,100.37160000,1665363063844,True,True
39440115,17.08000000,43.69000000,746.22520000,1665363085236,False,True
39440116,17.07000000,144.20000000,2461.49400000,1665363099581,True,True
39440117,17.07000000,9.95000000,169.84650000,1665363099581,True,True
39440118,17.08000000,12.34000000,210.76720000,1665363107141,False,True
39440119,17.08000000,6.25000000,106.75000000,1665363107141,False,True
39440120,17.08000000,5.03000000,85.91240000,1665363107141,False,True
39440121,17.07000000,61.05000000,1042.12350000,1665363205718,True,True
39440122,17.07000000,1.09000000,18.60630000,1665363205718,True,True
39440123,17.06000000,18.23000000,311.00380000,1665363219463,True,True
39440124,17.06000000,4.30000000,73.35800000,1665363219463,True,True
39440125,17.06000000,11.27000000,192.26620000,1665363219463,True,True
39440126,17.06000000,0.94000000,16.03640000,1665363219463,True,True
39440127,17.06000000,10.33000000,176.22980000,1665363219463,True,True
39440128,17.06000000,11.27000000,192.26620000,1665363219463,True,True
39440129,17.06000000,0.90000000,15.35400000,1665363219463,True,True
39440130,17.06000000,19.52000000,333.01120000,1665363219463,True,True
39440131,17.06000000,60.64000000,1034.51840000,1665363219463,True,True
39440132,17.06000000,0.81000000,13.81860000,1665363219465,True,True
39440133,17.06000000,1.09000000,18.59540000,1665363219465,True,True
39440134,17.06000000,10.90000000,185.95400000,1665363219465,True,True
39440135,17.05000000,16.38000000,279.27900000,1665363219473,True,True
39440136,17.05000000,31.11000000,530.42550000,1665363220224,True,True
39440137,17.05000000,8.82000000,150.38100000,1665363220224,True,True
39440138,17.05000000,1.51000000,25.74550000,1665363220245,True,True
39440139,17.05000000,11.81000000,201.36050000,1665363220245,True,True
39440140,17.05000000,3.30000000,56.26500000,1665363220245,True,True
39440141,17.05000000,32.77000000,558.72850000,1665363220245,True,True
39440142,17.05000000,46.48000000,792.48400000,1665363220256,True,True
39440143,17.06000000,11.71000000,199.77260000,1665363226499,False,True
39440144,17.05000000,20.75000000,353.78750000,1665363231046,True,True
39440145,17.05000000,3.30000000,56.26500000,1665363231046,True,True
39440146,17.05000000,1.46000000,24.89300000,1665363231046,True,True
39440147,17.04000000,150.75000000,2568.78000000,1665363231046,True,True
39440148,17.05000000,102.36000000,1745.23800000,1665363231151,False,True
39440149,17.05000000,88.22000000,1504.15100000,1665363231274,False,True
39440150,17.05000000,34.59000000,589.75950000,1665363231442,False,True
39440151,17.05000000,2.90000000,49.44500000,1665363235640,False,True
39440152,17.05000000,8.27000000,141.00350000,1665363236838,False,True
39440153,17.05000000,2.23000000,38.02150000,1665363237212,False,True
39440154,17.05000000,20.90000000,356.34500000,1665363238791,False,True
39440155,17.05000000,26.20000000,446.71000000,1665363238840,False,True
39440156,17.05000000,34.71000000,591.80550000,1665363238850,False,True
39440157,17.05000000,9.01000000,153.62050000,1665363241438,False,True
39440158,17.05000000,38.09000000,649.43450000,1665363241451,False,True
39440159,17.06000000,5.22000000,89.05320000,1665363248210,True,True
39440160,17.06000000,1.00000000,17.06000000,1665363261895,True,True
39440161,17.06000000,13.78000000,235.08680000,1665363266620,False,True
39440162,17.06000000,20.01000000,341.37060000,1665363266628,False,True
39440163,17.06000000,22.85000000,389.82100000,1665363290326,True,True
39440164,17.06000000,22.52000000,384.19120000,1665363312242,True,True
39440165,17.06000000,11.00000000,187.66000000,1665363312242,True,True
39440166,17.05000000,9.16000000,156.17800000,1665363312298,True,True
39440167,17.06000000,1.70000000,29.00200000,1665363331980,False,True
39440168,17.06000000,26.70000000,455.50200000,1665363334897,False,True
39440169,17.06000000,21.60000000,368.49600000,1665363334955,False,True
39440170,17.06000000,1.12000000,19.10720000,1665363334966,False,True
39440171,17.06000000,19.02000000,324.48120000,1665363344180,False,True
39440172,17.06000000,22.52000000,384.19120000,1665363344180,False,True
39440173,17.07000000,50.00000000,853.50000000,1665363344284,False,True
39440174,17.07000000,24.13000000,411.89910000,1665363359439,False,True
39440175,17.07000000,9.66000000,164.89620000,1665363359442,False,True
39440176,17.07000000,0.94000000,16.04580000,1665363359442,False,True
39440177,17.07000000,3.30000000,56.33100000,1665363359442,False,True
39440178,17.07000000,1.46000000,24.92220000,1665363359442,False,True
39440179,17.07000000,11.23000000,191.69610000,1665363360058,True,True
39440180,17.08000000,17.88000000,305.39040000,1665363379909,False,True
39440181,17.08000000,2.92000000,49.87360000,1665363379916,False,True
39440182,17.08000000,3.30000000,56.36400000,1665363379916,False,True
39440183,17.08000000,1.46000000,24.93680000,1665363379916,False,True
39440184,17.09000000,0.87000000,14.86830000,1665363381782,False,True
39440185,17.09000000,0.17000000,2.90530000,1665363381782,False,True
39440186,17.09000000,0.94000000,16.06460000,1665363381782,False,True
39440187,17.09000000,1.81000000,30.93290000,1665363381782,False,True
39440188,17.09000000,3.48000000,59.47320000,1665363381783,False,True
39440189,17.09000000,0.65000000,11.10850000,1665363381783,False,True
39440190,17.09000000,0.46000000,7.86140000,1665363382178,False,True
39440191,17.09000000,0.16000000,2.73440000,1665363382178,False,True
39440192,17.09000000,1.69000000,28.88210000,1665363389371,False,True
39440193,17.09000000,4.05000000,69.21450000,1665363389371,False,True
39440194,17.09000000,0.80000000,13.67200000,1665363389371,False,True
39440195,17.09000000,0.61000000,10.42490000,1665363389371,False,True
39440196,17.09000000,16.46000000,281.30140000,1665363389371,False,True
39440197,17.09000000,5.13000000,87.67170000,1665363393228,False,True
39440198,17.09000000,4.41000000,75.36690000,1665363393541,False,True
39440199,17.09000000,0.68000000,11.62120000,1665363393541,False,True
39440200,17.09000000,0.90000000,15.38100000,1665363393541,False,True
39440201,17.09000000,1.94000000,33.15460000,1665363393541,False,True
39440202,17.09000000,1.18000000,20.16620000,1665363393541,False,True
39440203,17.09000000,3.57000000,61.01130000,1665363393541,False,True
39440204,17.09000000,95.89000000,1638.76010000,1665363393541,False,True
39440205,17.09000000,3.30000000,56.39700000,1665363393541,False,True
39440206,17.09000000,1.46000000,24.95140000,1665363393541,False,True
39440207,17.09000000,39.43000000,673.85870000,1665363393541,False,True
39440208,17.09000000,0.88000000,15.03920000,1665363398749,False,True
39440209,17.09000000,27.62000000,472.02580000,1665363409004,False,True
39440210,17.09000000,189.67000000,3241.46030000,1665363409004,False,True
39440211,17.09000000,39.29000000,671.46610000,1665363409004,False,True
39440212,17.09000000,40.76000000,696.58840000,1665363409004,False,True
39440213,17.09000000,23.45000000,400.76050000,1665363409004,False,True
39440214,17.09000000,23.45000000,400.76050000,1665363409004,False,True
39440215,17.09000000,23.45000000,400.76050000,1665363409004,False,True
39440216,17.09000000,23.45000000,400.76050000,1665363409004,False,True
39440217,17.09000000,23.45000000,400.76050000,1665363409004,False,True
39440218,17.09000000,25.72000000,439.55480000,1665363409055,True,True
39440219,17.09000000,10.37000000,177.22330000,1665363409067,True,True
39440220,17.09000000,4.44000000,75.87960000,1665363409077,True,True
39440221,17.09000000,16.50000000,281.98500000,1665363409086,True,True
39440222,17.09000000,4.23000000,72.29070000,1665363409119,True,True
39440223,17.09000000,3.07000000,52.46630000,1665363409189,True,True
39440224,17.09000000,1.92000000,32.81280000,1665363409257,True,True
39440225,17.08000000,0.61000000,10.41880000,1665363423844,True,True
39440226,17.09000000,6.43000000,109.88870000,1665363449111,False,True
39440227,17.08000000,3.75000000,64.05000000,1665363458864,True,True
39440228,17.08000000,38.27000000,653.65160000,1665363459008,True,True
39440229,17.08000000,6.53000000,111.53240000,1665363459008,True,True
39440230,17.08000000,0.44000000,7.51520000,1665363459064,True,True
39440231,17.08000000,8.41000000,143.64280000,1665363459064,True,True
39440232,17.08000000,3.30000000,56.36400000,1665363459064,True,True
39440233,17.08000000,0.45000000,7.68600000,1665363459064,True,True
39440234,17.08000000,5.12000000,87.44960000,1665363459133,True,True
39440235,17.08000000,6.14000000,104.87120000,1665363459180,True,True
39440236,17.08000000,67.86000000,1159.04880000,1665363459180,True,True
39440237,17.08000000,80.56000000,1375.96480000,1665363459180,True,True
39440238,17.08000000,3.75000000,64.05000000,1665363459205,True,True
39440239,17.08000000,8.46000000,144.49680000,1665363459235,True,True
39440240,17.07000000,3.75000000,64.01250000,1665363459235,True,True
39440241,17.08000000,8.56000000,146.20480000,1665363459294,True,True
39440242,17.08000000,8.56000000,146.20480000,1665363459294,True,True
39440243,17.07000000,17.88000000,305.21160000,1665363459348,True,True
39440244,17.08000000,3.75000000,64.05000000,1665363459376,True,True
39440245,17.08000000,32.54000000,555.78320000,1665363459412,True,True
39440246,17.08000000,3.74000000,63.87920000,1665363459518,True,True
39440247,17.08000000,57.06000000,974.58480000,1665363459604,True,True
39440248,17.08000000,30.45000000,520.08600000,1665363459650,True,True
39440249,17.08000000,3.74000000,63.87920000,1665363459910,True,True
39440250,17.08000000,93.24000000,1592.53920000,1665363477615,False,True
39440251,17.08000000,17.88000000,305.39040000,1665363505802,True,True
39440252,17.08000000,47.34000000,808.56720000,1665363505802,True,True
39440253,17.08000000,34.78000000,594.04240000,1665363505802,True,True
39440254,17.08000000,15.49000000,264.56920000,1665363509766,True,True
39440255,17.08000000,22.39000000,382.42120000,1665363509766,True,True
39440256,17.08000000,79.88000000,1364.35040000,1665363509769,True,True
39440257,17.08000000,0.12000000,2.04960000,1665363509769,True,True
39440258,17.08000000,20.00000000,341.60000000,1665363509770,True,True
39440259,17.08000000,9.94000000,169.77520000,1665363509771,True,True
39440260,17.08000000,30.06000000,513.42480000,1665363509771,True,True
39440261,17.08000000,20.00000000,341.60000000,1665363509774,True,True
39440262,17.08000000,9.63000000,164.48040000,1665363509775,True,True
39440263,17.08000000,1.09000000,18.61720000,1665363509775,True,True
39440264,17.07000000,18.28000000,312.03960000,1665363509791,True,True
39440265,17.09000000,6.53000000,111.59770000,1665363542375,False,True
39440266,17.09000000,32.57000000,556.62130000,1665363542375,False,True
39440267,17.09000000,10.90000000,186.28100000,1665363542375,False,True
39440268,17.09000000,4.77000000,81.51930000,1665363552680,False,True
39440269,17.09000000,5.28000000,90.23520000,1665363553390,False,True
39440270,17.09000000,15.72000000,268.65480000,1665363554153,False,True
39440271,17.09000000,4.23000000,72.29070000,1665363554929,True,True
39440272,17.09000000,36.18000000,618.31620000,1665363554987,True,True
39440273,17.10000000,1.04000000,17.78400000,1665363588177,False,True
39440274,17.10000000,1.29000000,22.05900000,1665363588177,False,True
39440275,17.10000000,3.51000000,60.02100000,1665363588177,False,True
39440276,17.09000000,8.57000000,146.46130000,1665363589518,True,True
39440277,17.10000000,0.62000000,10.60200000,1665363600821,False,True
39440278,17.10000000,14.00000000,239.40000000,1665363601189,False,True
39440279,17.10000000,1.60000000,27.36000000,1665363601189,False,True
39440280,17.10000000,1.24000000,21.20400000,1665363601189,False,True
39440281,17.10000000,0.75000000,12.82500000,1665363601189,False,True
39440282,17.10000000,0.63000000,10.77300000,1665363601189,False,True
39440283,17.10000000,0.69000000,11.79900000,1665363601189,False,True
39440284,17.10000000,0.70000000,11.97000000,1665363601189,False,True
39440285,17.10000000,0.71000000,12.14100000,1665363601189,False,True
39440286,17.10000000,0.74000000,12.65400000,1665363601189,False,True
39440287,17.10000000,3.57000000,61.04700000,1665363601189,False,True
39440288,17.10000000,1.65000000,28.21500000,1665363601189,False,True
39440289,17.10000000,2.30000000,39.33000000,1665363601189,False,True
39440290,17.10000000,1.50000000,25.65000000,1665363601189,False,True
39440291,17.10000000,1.48000000,25.30800000,1665363601189,False,True
39440292,17.10000000,2.26000000,38.64600000,1665363601189,False,True
39440293,17.10000000,3.90000000,66.69000000,1665363601189,False,True
39440294,17.10000000,1.24000000,21.20400000,1665363601535,False,True
39440295,17.10000000,1.17000000,20.00700000,1665363601535,False,True
39440296,17.10000000,5.25000000,89.77500000,1665363601535,False,True
39440297,17.10000000,6.63000000,113.37300000,1665363601536,False,True
39440298,17.10000000,2.15000000,36.76500000,1665363601536,False,True
39440299,17.10000000,0.51000000,8.72100000,1665363601811,False,True
39440300,17.10000000,20.62000000,352.60200000,1665363601811,False,True
39440301,17.10000000,27.51000000,470.42100000,1665363601811,False,True
39440302,17.10000000,1.19000000,20.34900000,1665363601811,False,True
39440303,17.10000000,0.17000000,2.90700000,1665363601811,False,True
39440304,17.10000000,3.13000000,53.52300000,1665363601880,False,True
39440305,17.10000000,11.30000000,193.23000000,1665363601880,False,True
39440306,17.10000000,5.57000000,95.24700000,1665363601880,False,True
39440307,17.10000000,46.68000000,798.22800000,1665363601880,False,True
39440308,17.10000000,23.32000000,398.77200000,1665363601881,False,True
39440309,17.10000000,8.11000000,138.68100000,1665363601882,False,True
39440310,17.10000000,23.47000000,401.33700000,1665363601882,False,True
39440311,17.10000000,20.00000000,342.00000000,1665363601883,False,True
39440312,17.10000000,26.76000000,457.59600000,1665363601884,False,True
39440313,17.10000000,1.46000000,24.96600000,1665363601884,False,True
39440314,17.11000000,0.93000000,15.91230000,1665363601884,False,True
39440315,17.11000000,1.22000000,20.87420000,1665363601884,False,True
39440316,17.11000000,22.16000000,379.15760000,1665363601884,False,True
39440317,17.11000000,8.11000000,138.76210000,1665363601897,False,True
39440318,17.11000000,15.69000000,268.45590000,1665363601899,False,True
39440319,17.11000000,24.26000000,415.08860000,1665363601946,False,True
39440320,17.11000000,1.61000000,27.54710000,1665363601946,False,True
39440321,17.11000000,1.04000000,17.79440000,1665363601946,False,True
39440322,17.11000000,1.87000000,31.99570000,1665363601946,False,True
39440323,17.11000000,21.22000000,363.07420000,1665363601946,False,True
39440324,17.11000000,9.09000000,155.52990000,1665363602040,False,True
39440325,17.11000000,1.56000000,26.69160000,1665363602041,False,True
39440326,17.11000000,1.18000000,20.18980000,1665363602041,False,True
39440327,17.11000000,1.19000000,20.36090000,1665363602041,False,True
39440328,17.11000000,1.18000000,20.18980000,1665363602041,False,True
39440329,17.11000000,2.75000000,47.05250000,1665363602041,False,True
39440330,17.11000000,0.05000000,0.85550000,1665363602139,False,True
39440331,17.11000000,2.16000000,36.95760000,1665363602139,False,True
39440332,17.11000000,7.79000000,133.28690000,1665363602139,False,True
39440333,17.11000000,11.71000000,200.35810000,1665363602192,False,True
39440334,17.11000000,2.06000000,35.24660000,1665363602192,False,True
39440335,17.11000000,26.23000000,448.79530000,1665363602192,False,True
39440336,17.11000000,52.07000000,890.91770000,1665363602357,False,True
39440337,17.11000000,12.00000000,205.32000000,1665363602357,False,True
39440338,17.11000000,2.12000000,36.27320000,1665363602357,False,True
39440339,17.11000000,10.29000000,176.06190000,1665363602357,False,True
39440340,17.11000000,2.64000000,45.17040000,1665363602357,False,True
39440341,17.11000000,9.88000000,169.04680000,1665363602357,False,True
39440342,17.11000000,3.92000000,67.07120000,1665363602537,False,True
39440343,17.11000000,4.11000000,70.32210000,1665363602537,False,True
39440344,17.11000000,1.49000000,25.49390000,1665363603038,False,True
39440345,17.11000000,1.43000000,24.46730000,1665363603041,False,True
39440346,17.11000000,0.07000000,1.19770000,1665363603041,False,True
39440347,17.11000000,0.82000000,14.03020000,1665363604113,False,True
39440348,17.11000000,41.28000000,706.30080000,1665363604113,False,True
39440349,17.11000000,0.93000000,15.91230000,1665363604116,False,True
39440350,17.11000000,1.01000000,17.28110000,1665363604117,False,True
39440351,17.11000000,28.86000000,493.79460000,1665363604120,False,True
39440352,17.11000000,27.92000000,477.71120000,1665363604143,False,True
39440353,17.11000000,1.76000000,30.11360000,1665363604143,False,True
39440354,17.12000000,0.62000000,10.61440000,1665363604159,False,True
39440355,17.12000000,0.41000000,7.01920000,1665363604167,False,True
39440356,17.12000000,1.28000000,21.91360000,1665363604167,False,True
39440357,17.12000000,48.31000000,827.06720000,1665363604167,False,True
39440358,17.11000000,29.18000000,499.26980000,1665363604271,True,True
39440359,17.11000000,1.62000000,27.71820000,1665363604745,True,True
39440360,17.11000000,16.10000000,275.47100000,1665363604745,True,True
39440361,17.12000000,1.69000000,28.93280000,1665363605418,False,True
39440362,17.12000000,0.78000000,13.35360000,1665363605418,False,True
39440363,17.12000000,0.79000000,13.52480000,1665363605418,False,True
39440364,17.11000000,2.93000000,50.13230000,1665363607618,True,True
39440365,17.12000000,0.93000000,15.92160000,1665363607632,False,True
39440366,17.12000000,1.37000000,23.45440000,1665363607632,False,True
39440367,17.12000000,0.61000000,10.44320000,1665363607632,False,True
39440368,17.12000000,2.30000000,39.37600000,1665363608051,False,True
39440369,17.12000000,0.64000000,10.95680000,1665363608051,False,True
39440370,17.12000000,0.63000000,10.78560000,1665363608051,False,True
39440371,17.12000000,0.72000000,12.32640000,1665363608051,False,True
39440372,17.12000000,1.50000000,25.68000000,1665363608051,False,True
39440373,17.12000000,1.25000000,21.40000000,1665363608051,False,True
39440374,17.12000000,0.76000000,13.01120000,1665363608051,False,True
39440375,17.12000000,0.67000000,11.47040000,1665363608051,False,True
39440376,17.12000000,4.54000000,77.72480000,1665363608051,False,True
39440377,17.12000000,14.96000000,256.11520000,1665363608054,False,True
39440378,17.12000000,2.28000000,39.03360000,1665363608054,False,True
39440379,17.12000000,38.60000000,660.83200000,1665363608054,False,True
39440380,17.12000000,1.27000000,21.74240000,1665363608054,False,True
39440381,17.12000000,0.64000000,10.95680000,1665363608054,False,True
39440382,17.12000000,112.21000000,1921.03520000,1665363608054,False,True
39440383,17.12000000,1.06000000,18.14720000,1665363608054,False,True
39440384,17.12000000,18.99000000,325.10880000,1665363608055,False,True
39440385,17.12000000,12.72000000,217.76640000,1665363608056,False,True
39440386,17.12000000,3.30000000,56.49600000,1665363608056,False,True
39440387,17.12000000,1.46000000,24.99520000,1665363608056,False,True
39440388,17.13000000,0.62000000,10.62060000,1665363608069,False,True
39440389,17.13000000,0.31000000,5.31030000,1665363608081,False,True
39440390,17.13000000,1.03000000,17.64390000,1665363608081,False,True
39440391,17.13000000,47.81000000,818.98530000,1665363608081,False,True
39440392,17.12000000,2.93000000,50.16160000,1665363608160,True,True
39440393,17.12000000,30.87000000,528.49440000,1665363608753,True,True
39440394,17.12000000,57.64000000,986.79680000,1665363608753,True,True
39440395,17.13000000,1.00000000,17.13000000,1665363609607,False,True
39440396,17.13000000,1.19000000,20.38470000,1665363609643,False,True
39440397,17.13000000,0.63000000,10.79190000,1665363609643,False,True
39440398,17.13000000,2.50000000,42.82500000,1665363609643,False,True
39440399,17.13000000,1.43000000,24.49590000,1665363609643,False,True
39440400,17.13000000,1.18000000,20.21340000,1665363609643,False,True
39440401,17.13000000,2.43000000,41.62590000,1665363609643,False,True
39440402,17.13000000,0.08000000,1.37040000,1665363609652,False,True
39440403,17.13000000,3.62000000,62.01060000,1665363609652,False,True
39440404,17.13000000,2.26000000,38.71380000,1665363609652,False,True
39440405,17.13000000,9.75000000,167.01750000,1665363609652,False,True
39440406,17.13000000,0.65000000,11.13450000,1665363609652,False,True
39440407,17.13000000,0.65000000,11.13450000,1665363609652,False,True
39440408,17.13000000,25.00000000,428.25000000,1665363609652,False,True
39440409,17.13000000,5.13000000,87.87690000,1665363609652,False,True
39440410,17.13000000,0.62000000,10.62060000,1665363609652,False,True
39440411,17.13000000,45.95000000,787.12350000,1665363609688,True,True
39440412,17.13000000,1.09000000,18.67170000,1665363609718,True,True
39440413,17.12000000,29.59000000,506.58080000,1665363609764,True,True
39440414,17.14000000,0.93000000,15.94020000,1665363610388,False,True
39440415,17.14000000,0.67000000,11.48380000,1665363610388,False,True
39440416,17.14000000,0.36000000,6.17040000,1665363610434,False,True
39440417,17.14000000,0.69000000,11.82660000,1665363610434,False,True
39440418,17.14000000,47.35000000,811.57900000,1665363610434,False,True
39440419,17.13000000,0.60000000,10.27800000,1665363611289,True,True
39440420,17.13000000,6.99000000,119.73870000,1665363612342,True,True
39440421,17.14000000,2.65000000,45.42100000,1665363612572,False,True
39440422,17.14000000,0.65000000,11.14100000,1665363612572,False,True
39440423,17.14000000,3.26000000,55.87640000,1665363612572,False,True
39440424,17.14000000,0.96000000,16.45440000,1665363612572,False,True
39440425,17.14000000,1.51000000,25.88140000,1665363612572,False,True
39440426,17.14000000,0.64000000,10.96960000,1665363612572,False,True
39440427,17.14000000,0.65000000,11.14100000,1665363612572,False,True
39440428,17.14000000,31.43000000,538.71020000,1665363612572,False,True
39440429,17.14000000,7.31000000,125.29340000,1665363612572,False,True
39440430,17.14000000,1.18000000,20.22520000,1665363612572,False,True
39440431,17.14000000,0.60000000,10.28400000,1665363612572,False,True
39440432,17.14000000,0.59000000,10.11260000,1665363612572,False,True
39440433,17.14000000,2.12000000,36.33680000,1665363612572,False,True
39440434,17.14000000,3.30000000,56.56200000,1665363612572,False,True
39440435,17.14000000,1.46000000,25.02440000,1665363612572,False,True
39440436,17.14000000,2.92000000,50.04880000,1665363612572,False,True
39440437,17.14000000,14.63000000,250.75820000,1665363612693,True,True
39440438,17.14000000,91.46000000,1567.62440000,1665363612709,True,True
39440439,17.14000000,23.42000000,401.41880000,1665363612873,False,True
39440440,17.14000000,2.23000000,38.22220000,1665363613079,False,True
39440441,17.14000000,1.09000000,18.68260000,1665363613764,True,True
39440442,17.14000000,1.09000000,18.68260000,1665363613764,True,True
39440443,17.14000000,11.66000000,199.85240000,1665363613764,True,True
39440444,17.14000000,1.30000000,22.28200000,1665363613764,True,True
39440445,17.14000000,11.66000000,199.85240000,1665363613781,True,True
39440446,17.13000000,18.30000000,313.47900000,1665363614145,True,True
39440447,17.14000000,1.00000000,17.14000000,1665363614375,False,True
39440448,17.14000000,33.61000000,576.07540000,1665363614766,False,True
39440449,17.14000000,1.09000000,18.68260000,1665363614766,False,True
39440450,17.14000000,2.70000000,46.27800000,1665363616325,True,True
39440451,17.14000000,5.12000000,87.75680000,1665363616325,True,True
39440452,17.14000000,1.37000000,23.48180000,1665363622960,True,True
39440453,17.15000000,1.03000000,17.66450000,1665363627626,False,True
39440454,17.15000000,1.28000000,21.95200000,1665363627626,False,True
39440455,17.15000000,0.71000000,12.17650000,1665363627626,False,True
39440456,17.15000000,1.21000000,20.75150000,1665363627626,False,True
39440457,17.15000000,2.35000000,40.30250000,1665363627626,False,True
39440458,17.15000000,5.60000000,96.04000000,1665363627626,False,True
39440459,17.15000000,1.55000000,26.58250000,1665363627626,False,True
39440460,17.15000000,3.50000000,60.02500000,1665363627626,False,True
39440461,17.15000000,4.57000000,78.37550000,1665363627626,False,True
39440462,17.15000000,20.43000000,350.37450000,1665363627681,False,True
39440463,17.15000000,1.77000000,30.35550000,1665363627681,False,True
39440464,17.15000000,1.01000000,17.32150000,1665363627681,False,True
39440465,17.15000000,0.59000000,10.11850000,1665363627681,False,True
39440466,17.15000000,4.40000000,75.46000000,1665363627681,False,True
39440467,17.15000000,26.57000000,455.67550000,1665363629779,False,True
39440468,17.15000000,0.65000000,11.14750000,1665363629779,False,True
39440469,17.15000000,2.00000000,34.30000000,1665363629779,False,True
39440470,17.15000000,0.59000000,10.11850000,1665363629779,False,True
39440471,17.15000000,0.65000000,11.14750000,1665363629779,False,True
39440472,17.15000000,33.44000000,573.49600000,1665363629779,False,True
39440473,17.16000000,0.93000000,15.95880000,1665363629865,False,True
39440474,17.16000000,1.03000000,17.67480000,1665363629865,False,True
39440475,17.16000000,0.69000000,11.84040000,1665363629865,False,True
39440476,17.16000000,5.27000000,90.43320000,1665363629865,False,True
39440477,17.16000000,1.50000000,25.74000000,1665363629865,False,True
39440478,17.16000000,2.25000000,38.61000000,1665363629865,False,True
39440479,17.16000000,7.13000000,122.35080000,1665363629865,False,True
39440480,17.15000000,99.71000000,1710.02650000,1665363629928,True,True
39440481,17.15000000,33.45000000,573.66750000,1665363629928,True,True
39440482,17.14000000,35.70000000,611.89800000,1665363629937,True,True
39440483,17.14000000,18.81000000,322.40340000,1665363629937,True,True
39440484,17.14000000,16.90000000,289.66600000,1665363629937,True,True
39440485,17.14000000,8.32000000,142.60480000,1665363629937,True,True
39440486,17.15000000,6.20000000,106.33000000,1665363630983,False,True
39440487,17.15000000,30.00000000,514.50000000,1665363631089,False,True
39440488,17.15000000,41.76000000,716.18400000,1665363632247,False,True
39440489,17.15000000,9.30000000,159.49500000,1665363632247,False,True
39440490,17.15000000,7.57000000,129.82550000,1665363632249,False,True
39440491,17.15000000,47.16000000,808.79400000,1665363632249,False,True
39440492,17.15000000,2.06000000,35.32900000,1665363632264,False,True
39440493,17.16000000,3.84000000,65.89440000,1665363632296,False,True
39440494,17.16000000,1.25000000,21.45000000,1665363632296,False,True
39440495,17.16000000,0.60000000,10.29600000,1665363632296,False,True
39440496,17.16000000,1.27000000,21.79320000,1665363632296,False,True
39440497,17.16000000,0.90000000,15.44400000,1665363632296,False,True
39440498,17.16000000,5.12000000,87.85920000,1665363632296,False,True
39440499,17.16000000,0.82000000,14.07120000,1665363632296,False,True
39440500,17.16000000,0.59000000,10.12440000,1665363633271,False,True
39440501,17.16000000,1.46000000,25.05360000,1665363633710,False,True
39440502,17.16000000,2.70000000,46.33200000,1665363633710,False,True
39440503,17.17000000,2.00000000,34.34000000,1665363633710,False,True
39440504,17.17000000,1.85000000,31.76450000,1665363633710,False,True
39440505,17.17000000,1.18000000,20.26060000,1665363633710,False,True
39440506,17.17000000,1.03000000,17.68510000,1665363633710,False,True
39440507,17.17000000,1.28000000,21.97760000,1665363633710,False,True
39440508,17.17000000,37.67000000,646.79390000,1665363633710,False,True
39440509,17.17000000,0.68000000,11.67560000,1665363633710,False,True
39440510,17.17000000,0.15000000,2.57550000,1665363633710,False,True
39440511,17.16000000,4.53000000,77.73480000,1665363633731,True,True
39440512,17.16000000,1.09000000,18.70440000,1665363634129,True,True
39440513,17.16000000,1.09000000,18.70440000,1665363634129,True,True
39440514,17.16000000,37.87000000,649.84920000,1665363634129,True,True
39440515,17.17000000,0.62000000,10.64540000,1665363634357,False,True
39440516,17.17000000,0.80000000,13.73600000,1665363634383,False,True
39440517,17.17000000,9.58000000,164.48860000,1665363634383,False,True
39440518,17.17000000,0.60000000,10.30200000,1665363634383,False,True
39440519,17.17000000,0.70000000,12.01900000,1665363634383,False,True
39440520,17.17000000,1.34000000,23.00780000,1665363634383,False,True
39440521,17.17000000,50.00000000,858.50000000,1665363634383,False,True
39440522,17.17000000,44.79000000,769.04430000,1665363634383,False,True
39440523,17.17000000,1.09000000,18.71530000,1665363634394,False,True
39440524,17.17000000,1.09000000,18.71530000,1665363634395,False,True
39440525,17.17000000,1.09000000,18.71530000,1665363634398,False,True
39440526,17.17000000,6.02000000,103.36340000,1665363634409,False,True
39440527,17.17000000,17.30000000,297.04100000,1665363634540,False,True
39440528,17.17000000,16.43000000,282.10310000,1665363634541,False,True
39440529,17.17000000,1.00000000,17.17000000,1665363634541,False,True
39440530,17.17000000,36.18000000,621.21060000,1665363634543,False,True
39440531,17.17000000,92.75000000,1592.51750000,1665363634544,False,True
39440532,17.17000000,0.89000000,15.28130000,1665363634544,False,True
39440533,17.17000000,2.91000000,49.96470000,1665363634544,False,True
39440534,17.17000000,0.62000000,10.64540000,1665363634544,False,True
39440535,17.18000000,1.87000000,32.12660000,1665363634545,False,True
39440536,17.18000000,0.75000000,12.88500000,1665363634545,False,True
39440537,17.18000000,0.93000000,15.97740000,1665363634545,False,True
39440538,17.18000000,1.19000000,20.44420000,1665363634545,False,True
39440539,17.18000000,2.62000000,45.01160000,1665363634545,False,True
39440540,17.18000000,2.52000000,43.29360000,1665363634545,False,True
39440541,17.18000000,0.62000000,10.65160000,1665363634545,False,True
39440542,17.18000000,0.56000000,9.62080000,1665363634546,False,True
39440543,17.18000000,2.16000000,37.10880000,1665363634546,False,True
39440544,17.18000000,5.48000000,94.14640000,1665363634546,False,True
39440545,17.18000000,1.93000000,33.15740000,1665363634546,False,True
39440546,17.18000000,1.12000000,19.24160000,1665363634546,False,True
39440547,17.18000000,13.84000000,237.77120000,1665363634547,False,True
39440548,17.18000000,1.09000000,18.72620000,1665363634549,False,True
39440549,17.18000000,23.57000000,404.93260000,1665363634550,False,True
39440550,17.18000000,1.00000000,17.18000000,1665363634550,False,True
39440551,17.18000000,0.65000000,11.16700000,1665363634550,False,True
39440552,17.18000000,6.40000000,109.95200000,1665363634550,False,True
39440553,17.18000000,6.37000000,109.43660000,1665363634550,False,True
39440554,17.18000000,1.00000000,17.18000000,1665363634554,False,True
39440555,17.18000000,1.00000000,17.18000000,1665363634554,False,True
39440556,17.18000000,1.00000000,17.18000000,1665363634554,False,True
39440557,17.18000000,1.00000000,17.18000000,1665363634558,False,True
39440558,17.18000000,7.48000000,128.50640000,1665363634565,False,True
39440559,17.18000000,2.11000000,36.24980000,1665363634565,False,True
39440560,17.18000000,20.41000000,350.64380000,1665363634565,False,True
39440561,17.18000000,47.63000000,818.28340000,1665363634580,False,True
39440562,17.18000000,23.96000000,411.63280000,1665363634580,False,True
39440563,17.18000000,3.20000000,54.97600000,1665363634649,True,True
39440564,17.19000000,0.69000000,11.86110000,1665363636414,False,True
39440565,17.19000000,1.03000000,17.70570000,1665363636414,False,True
39440566,17.19000000,1.17000000,20.11230000,1665363636414,False,True
39440567,17.19000000,1.65000000,28.36350000,1665363636414,False,True
39440568,17.19000000,1.56000000,26.81640000,1665363636414,False,True
39440569,17.19000000,1.64000000,28.19160000,1665363636414,False,True
39440570,17.19000000,2.58000000,44.35020000,1665363636414,False,True
39440571,17.19000000,1.19000000,20.45610000,1665363636414,False,True
39440572,17.19000000,1.67000000,28.70730000,1665363636414,False,True
39440573,17.19000000,10.97000000,188.57430000,1665363636414,False,True
39440574,17.19000000,5.49000000,94.37310000,1665363636414,False,True
39440575,17.19000000,1.15000000,19.76850000,1665363636414,False,True
39440576,17.19000000,56.90000000,978.11100000,1665363636414,False,True
39440577,17.19000000,691.98000000,11895.13620000,1665363636741,False,True
39440578,17.19000000,1.00000000,17.19000000,1665363636741,False,True
39440579,17.19000000,34.00000000,584.46000000,1665363636741,False,True
39440580,17.19000000,2.46000000,42.28740000,1665363636741,False,True
39440581,17.19000000,5.12000000,88.01280000,1665363636741,False,True
39440582,17.19000000,29.62000000,509.16780000,1665363636741,False,True
39440583,17.19000000,10.33000000,177.57270000,1665363636741,False,True
39440584,17.19000000,23.35000000,401.38650000,1665363636741,False,True
39440585,17.19000000,23.35000000,401.38650000,1665363636742,False,True
39440586,17.19000000,23.35000000,401.38650000,1665363636742,False,True
39440587,17.19000000,23.35000000,401.38650000,1665363636742,False,True
39440588,17.19000000,23.33000000,401.04270000,1665363636742,False,True
39440589,17.20000000,1.03000000,17.71600000,1665363636761,False,True
39440590,17.20000000,1.28000000,22.01600000,1665363636761,False,True
39440591,17.20000000,0.74000000,12.72800000,1665363636761,False,True
39440592,17.20000000,0.71000000,12.21200000,1665363636761,False,True
39440593,17.20000000,0.70000000,12.04000000,1665363636761,False,True
39440594,17.20000000,1.60000000,27.52000000,1665363636761,False,True
39440595,17.20000000,1.18000000,20.29600000,1665363636761,False,True
39440596,17.20000000,0.65000000,11.18000000,1665363636761,False,True
39440597,17.20000000,0.86000000,14.79200000,1665363636761,False,True
39440598,17.20000000,19.55000000,336.26000000,1665363636761,False,True
39440599,17.20000000,72.54000000,1247.68800000,1665363636883,False,True
39440600,17.19000000,1.09000000,18.73710000,1665363637193,True,True
39440601,17.19000000,2.70000000,46.41300000,1665363637193,True,True
39440602,17.19000000,14.43000000,248.05170000,1665363637193,True,True
39440603,17.19000000,1.09000000,18.73710000,1665363637222,True,True
39440604,17.19000000,6.79000000,116.72010000,1665363637287,False,True
39440605,17.19000000,0.61000000,10.48590000,1665363637290,False,True
39440606,17.18000000,11.86000000,203.75480000,1665363637561,True,True
39440607,17.18000000,16.89000000,290.17020000,1665363637563,True,True
39440608,17.18000000,15.46000000,265.60280000,1665363637563,True,True
39440609,17.18000000,14.28000000,245.33040000,1665363637567,True,True
39440610,17.19000000,1.09000000,18.73710000,1665363638640,False,True
39440611,17.19000000,20.79000000,357.38010000,1665363638898,True,True
39440612,17.20000000,57.91000000,996.05200000,1665363638958,False,True
39440613,17.20000000,0.93000000,15.99600000,1665363638958,False,True
39440614,17.20000000,0.83000000,14.27600000,1665363638958,False,True
39440615,17.20000000,8.82000000,151.70400000,1665363638958,False,True
39440616,17.20000000,43.37000000,745.96400000,1665363638958,False,True
39440617,17.20000000,73.99000000,1272.62800000,1665363638963,False,True
39440618,17.20000000,0.98000000,16.85600000,1665363638963,False,True
39440619,17.20000000,8.76000000,150.67200000,1665363638963,False,True
39440620,17.20000000,146.00000000,2511.20000000,1665363638963,False,True
39440621,17.20000000,29.91000000,514.45200000,1665363638963,False,True
39440622,17.20000000,1.27000000,21.84400000,1665363638963,False,True
39440623,17.20000000,299.09000000,5144.34800000,1665363638963,False,True
39440624,17.20000000,40.00000000,688.00000000,1665363638964,False,True
39440625,17.20000000,362.85000000,6241.02000000,1665363638967,False,True
39440626,17.20000000,1.00000000,17.20000000,1665363638967,False,True
39440627,17.20000000,29.74000000,511.52800000,1665363638967,False,True
39440628,17.20000000,3.30000000,56.76000000,1665363638967,False,True
39440629,17.20000000,1.46000000,25.11200000,1665363638967,False,True
39440630,17.20000000,17.86000000,307.19200000,1665363638967,False,True
39440631,17.21000000,1.03000000,17.72630000,1665363638984,False,True
39440632,17.21000000,0.70000000,12.04700000,1665363638984,False,True
39440633,17.21000000,1.16000000,19.96360000,1665363638984,False,True
39440634,17.21000000,0.93000000,16.00530000,1665363638984,False,True
39440635,17.21000000,1.52000000,26.15920000,1665363638984,False,True
39440636,17.21000000,3.61000000,62.12810000,1665363638984,False,True
39440637,17.21000000,1.61000000,27.70810000,1665363638984,False,True
39440638,17.21000000,1.68000000,28.91280000,1665363638984,False,True
39440639,17.21000000,1.72000000,29.60120000,1665363638984,False,True
39440640,17.21000000,2.05000000,35.28050000,1665363638984,False,True
39440641,17.21000000,0.60000000,10.32600000,1665363638984,False,True
39440642,17.21000000,1.23000000,21.16830000,1665363638984,False,True
39440643,17.21000000,11.81000000,203.25010000,1665363638984,False,True
39440644,17.21000000,10.33000000,177.77930000,1665363638984,False,True
39440645,17.21000000,2.90000000,49.90900000,1665363638984,False,True
39440646,17.21000000,0.62000000,10.67020000,1665363638995,False,True
39440647,17.21000000,5.19000000,89.31990000,1665363639253,True,True
39440648,17.21000000,4.10000000,70.56100000,1665363639389,True,True
39440649,17.21000000,1.20000000,20.65200000,1665363639412,True,True
39440650,17.21000000,22.65000000,389.80650000,1665363639492,True,True
39440651,17.21000000,50.00000000,860.50000000,1665363639492,True,True
39440652,17.21000000,1.09000000,18.75890000,1665363639561,True,True
39440653,17.21000000,1.09000000,18.75890000,1665363639561,True,True
39440654,17.21000000,12.71000000,218.73910000,1665363639561,True,True
39440655,17.21000000,14.97000000,257.63370000,1665363639561,True,True
39440656,17.21000000,17.35000000,298.59350000,1665363639561,True,True
39440657,17.20000000,3.86000000,66.39200000,1665363639577,True,True
39440658,17.20000000,3.15000000,54.18000000,1665363639577,True,True
39440659,17.21000000,19.60000000,337.31600000,1665363639686,True,True
39440660,17.20000000,0.60000000,10.32000000,1665363639751,True,True
39440661,17.22000000,1.03000000,17.73660000,1665363639810,False,True
39440662,17.22000000,1.28000000,22.04160000,1665363639810,False,True
39440663,17.22000000,0.69000000,11.88180000,1665363639810,False,True
39440664,17.22000000,3.17000000,54.58740000,1665363639810,False,True
39440665,17.22000000,5.25000000,90.40500000,1665363639810,False,True
39440666,17.22000000,8.64000000,148.78080000,1665363639810,False,True
39440667,17.22000000,0.63000000,10.84860000,1665363639810,False,True
39440668,17.22000000,0.67000000,11.53740000,1665363639810,False,True
39440669,17.22000000,0.63000000,10.84860000,1665363639810,False,True
39440670,17.22000000,2.92000000,50.28240000,1665363639810,False,True
39440671,17.22000000,1.09000000,18.76980000,1665363640177,False,True
39440672,17.22000000,1.09000000,18.76980000,1665363640178,False,True
39440673,17.21000000,8.42000000,144.90820000,1665363640216,True,True
39440674,17.21000000,13.63000000,234.57230000,1665363640228,True,True
39440675,17.21000000,27.18000000,467.76780000,1665363640304,True,True
39440676,17.21000000,0.65000000,11.18650000,1665363640304,True,True
39440677,17.20000000,0.93000000,15.99600000,1665363640330,True,True
39440678,17.20000000,20.19000000,347.26800000,1665363641116,True,True
39440679,17.20000000,0.93000000,15.99600000,1665363641116,True,True
39440680,17.20000000,14.40000000,247.68000000,1665363641507,True,True
39440681,17.20000000,53.46000000,919.51200000,1665363641514,True,True
39440682,17.20000000,32.14000000,552.80800000,1665363641514,True,True
39440683,17.21000000,1.91000000,32.87110000,1665363641932,False,True
39440684,17.21000000,0.59000000,10.15390000,1665363642052,False,True
39440685,17.20000000,30.50000000,524.60000000,1665363643666,True,True
39440686,17.21000000,1.09000000,18.75890000,1665363643965,False,True
39440687,17.21000000,1.09000000,18.75890000,1665363643965,False,True
39440688,17.21000000,3.19000000,54.89990000,1665363643977,False,True
39440689,17.20000000,1.00000000,17.20000000,1665363644385,True,True
