39770943,15.70000000,5.08000000,79.75600000,1666396810913,False,True
39770944,15.70000000,1.11000000,17.42700000,1666396810913,False,True
39770945,15.70000000,0.60000000,9.42000000,1666396810913,False,True
39770946,15.70000000,0.51000000,8.00700000,1666396810922,False,True
39770947,15.70000000,0.96000000,15.07200000,1666396810922,False,True
39770948,15.71000000,2.04000000,32.04840000,1666396811676,False,True
39770949,15.71000000,3.30000000,51.84300000,1666396814066,False,True
39770950,15.71000000,4.17000000,65.51070000,1666396814066,False,True
39770951,15.71000000,19.95000000,313.41450000,1666396814066,False,True
39770952,15.72000000,3.48000000,54.70560000,1666396864301,False,True
39770953,15.72000000,3.30000000,51.87600000,1666396864301,False,True
39770954,15.72000000,4.17000000,65.55240000,1666396864301,False,True
39770955,15.72000000,12.75000000,200.43000000,1666396864403,True,True
39770956,15.72000000,2.39000000,37.57080000,1666396864454,True,True
39770957,15.73000000,3.65000000,57.41450000,1666396866407,False,True
39770958,15.72000000,1.09000000,17.13480000,1666396873787,True,True
39770959,15.73000000,1.09000000,17.14570000,1666396874319,False,True
39770960,15.72000000,2.39000000,37.57080000,1666396877179,True,True
39770961,15.73000000,1.67000000,26.26910000,1666396879760,False,True
39770962,15.72000000,2.39000000,37.57080000,1666396881976,True,True
39770963,15.72000000,3.36000000,52.81920000,1666396882048,True,True
39770964,15.72000000,3.39000000,53.29080000,1666396882114,True,True
39770965,15.72000000,3.48000000,54.70560000,1666396882174,True,True
39770966,15.72000000,3.51000000,55.17720000,1666396882238,True,True
39770967,15.72000000,3.26000000,51.24720000,1666396882301,True,True
39770968,15.72000000,2.78000000,43.70160000,1666396882497,True,True
39770969,15.72000000,2.58000000,40.55760000,1666396885501,True,True
39770970,15.72000000,2.39000000,37.57080000,1666396886713,True,True
39770971,15.72000000,2.22000000,34.89840000,1666396887311,True,True
39770972,15.72000000,2.06000000,32.38320000,1666396888660,True,True
39770973,15.72000000,2.06000000,32.38320000,1666396888754,True,True
39770974,15.72000000,1.92000000,30.18240000,1666396888852,True,True
39770975,15.73000000,39.98000000,628.88540000,1666396888992,False,True
39770976,15.73000000,21.35000000,335.83550000,1666396888997,False,True
39770977,15.73000000,0.70000000,11.01100000,1666396889002,False,True
39770978,15.73000000,0.70000000,11.01100000,1666396889002,False,True
39770979,15.73000000,40.21000000,632.50330000,1666396889002,False,True
39770980,15.73000000,1.00000000,15.73000000,1666396889002,False,True
39770981,15.73000000,16.11000000,253.41030000,1666396889002,False,True
39770982,15.73000000,24.55000000,386.17150000,1666396889002,False,True
39770983,15.73000000,26.19000000,411.96870000,1666396889002,False,True
39770984,15.73000000,0.36000000,5.66280000,1666396889004,False,True
39770985,15.73000000,20.00000000,314.60000000,1666396889004,False,True
39770986,15.73000000,1.79000000,28.15670000,1666396889004,False,True
39770987,15.73000000,15.24000000,239.72520000,1666396889004,False,True
39770988,15.73000000,73.58000000,1157.41340000,1666396889005,False,True
39770989,15.73000000,33.16000000,521.60680000,1666396889005,False,True
39770990,15.73000000,9.03000000,142.04190000,1666396889006,False,True
39770991,15.73000000,17.00000000,267.41000000,1666396889006,False,True
39770992,15.73000000,3.68000000,57.88640000,1666396889006,False,True
39770993,15.73000000,4.17000000,65.59410000,1666396889006,False,True
39770994,15.73000000,84.00000000,1321.32000000,1666396889018,False,True
39770995,15.73000000,2.61000000,41.05530000,1666396889028,True,True
39770996,15.73000000,1.77000000,27.84210000,1666396889044,True,True
39770997,15.73000000,2.09000000,32.87570000,1666396889128,True,True
39770998,15.73000000,10.00000000,157.30000000,1666396892874,True,True
39770999,15.74000000,1.98000000,31.16520000,1666396897928,False,True
39771000,15.74000000,7.28000000,114.58720000,1666396897928,False,True
39771001,15.74000000,3.44000000,54.14560000,1666396897928,False,True
39771002,15.74000000,43.23000000,680.44020000,1666396897928,False,True
39771003,15.74000000,64.50000000,1015.23000000,1666396897928,False,True
39771004,15.74000000,1.11000000,17.47140000,1666396897928,False,True
39771005,15.74000000,1.11000000,17.47140000,1666396897928,False,True
39771006,15.74000000,1.09000000,17.15660000,1666396897928,False,True
39771007,15.74000000,1.09000000,17.15660000,1666396897928,False,True
39771008,15.74000000,4.17000000,65.63580000,1666396897928,False,True
39771009,15.74000000,102.86000000,1619.01640000,1666396897928,False,True
39771010,15.74000000,77.21000000,1215.28540000,1666396897928,False,True
39771011,15.74000000,60.14000000,946.60360000,1666396897928,False,True
39771012,15.74000000,0.69000000,10.86060000,1666396913836,False,True
39771013,15.74000000,1.11000000,17.47140000,1666396916664,False,True
39771014,15.74000000,1.11000000,17.47140000,1666396916664,False,True
39771015,15.75000000,0.69000000,10.86750000,1666396916664,False,True
39771016,15.75000000,0.83000000,13.07250000,1666396916664,False,True
39771017,15.74000000,9.98000000,157.08520000,1666396918574,False,True
39771018,15.73000000,20.67000000,325.13910000,1666396945369,True,True
39771019,15.73000000,27.03000000,425.18190000,1666396945372,True,True
39771020,15.73000000,16.82000000,264.57860000,1666396945376,True,True
39771021,15.73000000,15.84000000,249.16320000,1666396945376,True,True
39771022,15.73000000,73.12000000,1150.17760000,1666396945376,True,True
39771023,15.73000000,60.04000000,944.42920000,1666396945376,True,True
39771024,15.72000000,64.59000000,1015.35480000,1666396958909,True,True
39771025,15.72000000,12.77000000,200.74440000,1666396958909,True,True
39771026,15.72000000,3.64000000,57.22080000,1666396958909,True,True
39771027,15.72000000,212.36000000,3338.29920000,1666396958909,True,True
39771028,15.72000000,3.30000000,51.87600000,1666396958909,True,True
39771029,15.72000000,4.17000000,65.55240000,1666396958909,True,True
39771030,15.72000000,3.64000000,57.22080000,1666396958909,True,True
39771031,15.72000000,55.72000000,875.91840000,1666396958909,True,True
39771032,15.72000000,56.90000000,894.46800000,1666396958909,True,True
39771033,15.72000000,55.73000000,876.07560000,1666396958909,True,True
39771034,15.72000000,17.04000000,267.86880000,1666396958937,False,True
39771035,15.72000000,3.00000000,47.16000000,1666396969037,False,True
39771036,15.72000000,7.14000000,112.24080000,1666396995823,False,True
39771037,15.72000000,2.84000000,44.64480000,1666396995823,False,True
39771038,15.72000000,6.20000000,97.46400000,1666396995831,False,True
39771039,15.72000000,12.40000000,194.92800000,1666396995831,False,True
39771040,15.72000000,12.30000000,193.35600000,1666396995831,False,True
39771041,15.72000000,12.30000000,193.35600000,1666396995831,False,True
39771042,15.72000000,11.70000000,183.92400000,1666396995831,False,True
39771043,15.72000000,1.47000000,23.10840000,1666397010675,False,True
39771044,15.72000000,1.90000000,29.86800000,1666397011242,False,True
39771045,15.72000000,12.56000000,197.44320000,1666397011286,False,True
39771046,15.72000000,2.39000000,37.57080000,1666397011501,False,True
39771047,15.71000000,13.77000000,216.32670000,1666397038379,True,True
39771048,15.71000000,3.30000000,51.84300000,1666397038379,True,True
39771049,15.71000000,4.17000000,65.51070000,1666397038379,True,True
39771050,15.71000000,0.79000000,12.41090000,1666397038379,True,True
39771051,15.70000000,6.36000000,99.85200000,1666397048886,True,True
39771052,15.70000000,15.65000000,245.70500000,1666397048886,True,True
39771053,15.70000000,4.17000000,65.46900000,1666397048886,True,True
39771054,15.70000000,3.30000000,51.81000000,1666397048886,True,True
39771055,15.70000000,1.29000000,20.25300000,1666397048911,False,True
39771056,15.70000000,2.34000000,36.73800000,1666397048949,False,True
39771057,15.70000000,1.62000000,25.43400000,1666397049181,False,True
39771058,15.69000000,12.73000000,199.73370000,1666397062506,True,True
39771059,15.69000000,0.76000000,11.92440000,1666397062506,True,True
39771060,15.69000000,0.69000000,10.82610000,1666397062506,True,True
39771061,15.69000000,84.00000000,1317.96000000,1666397062506,True,True
39771062,15.69000000,10.17000000,159.56730000,1666397062506,True,True
39771063,15.69000000,4.89000000,76.72410000,1666397062510,True,True
39771064,15.69000000,9.57000000,150.15330000,1666397062510,True,True
39771065,15.69000000,31.81000000,499.09890000,1666397062570,False,True
39771066,15.68000000,0.70000000,10.97600000,1666397091977,True,True
39771067,15.68000000,0.70000000,10.97600000,1666397091977,True,True
39771068,15.68000000,1.98000000,31.04640000,1666397091977,True,True
39771069,15.68000000,9.59000000,150.37120000,1666397091977,True,True
39771070,15.68000000,3.30000000,51.74400000,1666397091977,True,True
39771071,15.68000000,4.17000000,65.38560000,1666397091977,True,True
39771072,15.68000000,1.64000000,25.71520000,1666397091977,True,True
39771073,15.68000000,45.53000000,713.91040000,1666397091977,True,True
39771074,15.68000000,6.51000000,102.07680000,1666397092051,False,True
39771075,15.68000000,5.99000000,93.92320000,1666397092130,False,True
39771076,15.68000000,2.39000000,37.47520000,1666397092520,False,True
39771077,15.68000000,2.39000000,37.47520000,1666397092959,False,True
39771078,15.68000000,3.68000000,57.70240000,1666397095693,False,True
39771079,15.68000000,157.26000000,2465.83680000,1666397095693,False,True
39771080,15.68000000,4.04000000,63.34720000,1666397095693,False,True
39771081,15.68000000,8.10000000,127.00800000,1666397095695,False,True
39771082,15.68000000,31.90000000,500.19200000,1666397095695,False,True
39771083,15.68000000,20.00000000,313.60000000,1666397095697,False,True
39771084,15.68000000,7.90000000,123.87200000,1666397095699,False,True
39771085,15.68000000,3.60000000,56.44800000,1666397095699,False,True
39771086,15.68000000,0.85000000,13.32800000,1666397115139,True,True
39771087,15.68000000,36.96000000,579.53280000,1666397122396,True,True
39771088,15.68000000,30.46000000,477.61280000,1666397122396,True,True
39771089,15.68000000,0.73000000,11.44640000,1666397122396,True,True
39771090,15.68000000,45.30000000,710.30400000,1666397122527,False,True
39771091,15.68000000,6.88000000,107.87840000,1666397122527,False,True
39771092,15.68000000,52.99000000,830.88320000,1666397123238,False,True
39771093,15.68000000,0.32000000,5.01760000,1666397123238,False,True
39771094,15.68000000,157.26000000,2465.83680000,1666397126244,True,True
39771095,15.68000000,41.38000000,648.83840000,1666397126244,True,True
39771096,15.68000000,12.40000000,194.43200000,1666397126244,True,True
39771097,15.67000000,5.11000000,80.07370000,1666397126244,True,True
39771098,15.68000000,9.39000000,147.23520000,1666397126538,False,True
39771099,15.68000000,21.07000000,330.37760000,1666397141343,False,True
39771100,15.68000000,7.83000000,122.77440000,1666397141343,False,True
39771101,15.68000000,11.10000000,174.04800000,1666397171242,True,True
39771102,15.68000000,32.90000000,515.87200000,1666397171242,True,True
39771103,15.68000000,7.28000000,114.15040000,1666397171252,True,True
39771104,15.68000000,1.66000000,26.02880000,1666397171252,True,True
39771105,15.68000000,2.37000000,37.16160000,1666397171275,False,True
39771106,15.67000000,2.55000000,39.95850000,1666397261270,True,True
39771107,15.67000000,44.37000000,695.27790000,1666397261270,True,True
39771108,15.67000000,7.87000000,123.32290000,1666397261270,True,True
39771109,15.66000000,0.71000000,11.11860000,1666397273355,True,True
39771110,15.66000000,12.73000000,199.35180000,1666397273355,True,True
39771111,15.66000000,0.91000000,14.25060000,1666397273355,True,True
39771112,15.66000000,3.30000000,51.67800000,1666397273355,True,True
39771113,15.66000000,1.64000000,25.68240000,1666397273355,True,True
39771114,15.66000000,4.17000000,65.30220000,1666397273355,True,True
39771115,15.66000000,2.85000000,44.63100000,1666397273355,True,True
39771116,15.66000000,13.82000000,216.42120000,1666397273355,True,True
39771117,15.66000000,31.24000000,489.21840000,1666397273355,True,True
39771118,15.66000000,59.80000000,936.46800000,1666397273355,True,True
39771119,15.65000000,32.35000000,506.27750000,1666397273355,True,True
39771120,15.65000000,9.36000000,146.48400000,1666397273355,True,True
39771121,15.65000000,10.00000000,156.50000000,1666397273355,True,True
39771122,15.65000000,78.71000000,1231.81150000,1666397273355,True,True
39771123,15.65000000,136.71000000,2139.51150000,1666397273355,True,True
39771124,15.66000000,5.45000000,85.34700000,1666397273377,True,True
39771125,15.66000000,3.11000000,48.70260000,1666397273387,True,True
39771126,15.66000000,16.83000000,263.55780000,1666397273387,True,True
39771127,15.66000000,7.42000000,116.19720000,1666397273444,False,True
39771128,15.66000000,5.30000000,82.99800000,1666397280037,False,True
39771129,15.66000000,0.91000000,14.25060000,1666397289673,False,True
39771130,15.67000000,13.34000000,209.03780000,1666397291071,False,True
39771131,15.67000000,1.09000000,17.08030000,1666397291088,False,True
39771132,15.67000000,0.65000000,10.18550000,1666397291088,False,True
39771133,15.67000000,30.46000000,477.30820000,1666397318228,True,True
39771134,15.67000000,46.39000000,726.93130000,1666397318228,True,True
39771135,15.67000000,26.72000000,418.70240000,1666397318228,True,True
39771136,15.66000000,11.82000000,185.10120000,1666397318228,True,True
39771137,15.66000000,26.72000000,418.43520000,1666397318228,True,True
39771138,15.66000000,26.00000000,407.16000000,1666397318228,True,True
39771139,15.66000000,84.00000000,1315.44000000,1666397318228,True,True
39771140,15.66000000,91.99000000,1440.56340000,1666397318228,True,True
39771141,15.66000000,40.05000000,627.18300000,1666397318228,True,True
39771142,15.66000000,75.25000000,1178.41500000,1666397318228,True,True
39771143,15.66000000,9.85000000,154.25100000,1666397318228,True,True
39771144,15.66000000,148.74000000,2329.26840000,1666397318228,True,True
39771145,15.66000000,212.49000000,3327.59340000,1666397318228,True,True
39771146,15.66000000,1.29000000,20.20140000,1666397318228,True,True
39771147,15.66000000,2.55000000,39.93300000,1666397318228,True,True
39771148,15.66000000,3.66000000,57.31560000,1666397318228,True,True
39771149,15.65000000,4.16000000,65.10400000,1666397318228,True,True
39771150,15.65000000,19.65000000,307.52250000,1666397318228,True,True
39771151,15.65000000,11.16000000,174.65400000,1666397318228,True,True
39771152,15.65000000,12.73000000,199.22450000,1666397318228,True,True
39771153,15.65000000,1.11000000,17.37150000,1666397318228,True,True
39771154,15.65000000,1.11000000,17.37150000,1666397318228,True,True
39771155,15.65000000,12.34000000,193.12100000,1666397318228,True,True
39771156,15.65000000,35.09000000,549.15850000,1666397318228,True,True
39771157,15.65000000,3.30000000,51.64500000,1666397318228,True,True
39771158,15.65000000,4.17000000,65.26050000,1666397318228,True,True
39771159,15.65000000,36.00000000,563.40000000,1666397318228,True,True
39771160,15.65000000,88.18000000,1380.01700000,1666397318228,True,True
39771161,15.65000000,16.80000000,262.92000000,1666397318228,True,True
39771162,15.65000000,88.81000000,1389.87650000,1666397318228,True,True
39771163,15.65000000,91.30000000,1428.84500000,1666397318228,True,True
39771164,15.65000000,4.03000000,63.06950000,1666397318228,True,True
39771165,15.65000000,65.67000000,1027.73550000,1666397318228,True,True
39771166,15.65000000,48.55000000,759.80750000,1666397318228,True,True
39771167,15.65000000,163.57000000,2559.87050000,1666397318228,True,True
39771168,15.65000000,4.70000000,73.55500000,1666397318228,True,True
39771169,15.65000000,481.41000000,7534.06650000,1666397318234,False,True
39771170,15.65000000,0.02000000,0.31300000,1666397318234,False,True
39771171,15.67000000,1.67000000,26.16890000,1666397332505,False,True
39771172,15.67000000,1.77000000,27.73590000,1666397333007,False,True
39771173,15.67000000,1.59000000,24.91530000,1666397334614,False,True
39771174,15.67000000,2.25000000,35.25750000,1666397341356,False,True
39771175,15.67000000,0.41000000,6.42470000,1666397341356,False,True
39771176,15.67000000,73.21000000,1147.20070000,1666397341621,False,True
39771177,15.67000000,38.94000000,610.18980000,1666397341621,False,True
39771178,15.67000000,15.26000000,239.12420000,1666397341621,False,True
39771179,15.67000000,5.36000000,83.99120000,1666397341848,False,True
39771180,15.67000000,0.84000000,13.16280000,1666397341852,False,True
39771181,15.67000000,1.09000000,17.08030000,1666397341852,False,True
39771182,15.67000000,3.30000000,51.71100000,1666397341852,False,True
39771183,15.67000000,4.17000000,65.34390000,1666397341852,False,True
39771184,15.67000000,0.75000000,11.75250000,1666397341852,False,True
39771185,15.67000000,0.95000000,14.88650000,1666397341852,False,True
39771186,15.68000000,12.00000000,188.16000000,1666397373195,False,True
39771187,15.68000000,6.89000000,108.03520000,1666397373206,False,True
39771188,15.68000000,5.99000000,93.92320000,1666397373219,False,True
39771189,15.68000000,19.24000000,301.68320000,1666397374254,False,True
39771190,15.68000000,3.19000000,50.01920000,1666397374254,False,True
39771191,15.68000000,1.09000000,17.09120000,1666397374254,False,True
39771192,15.68000000,3.30000000,51.74400000,1666397374254,False,True
39771193,15.68000000,4.17000000,65.38560000,1666397374254,False,True
39771194,15.68000000,0.78000000,12.23040000,1666397374275,True,True
39771195,15.68000000,30.46000000,477.61280000,1666397406048,False,True
39771196,15.68000000,60.95000000,955.69600000,1666397406048,False,True
39771197,15.68000000,46.43000000,728.02240000,1666397438444,False,True
39771198,15.68000000,10.05000000,157.58400000,1666397438448,False,True
39771199,15.68000000,118.48000000,1857.76640000,1666397438448,False,True
39771200,15.68000000,6.46000000,101.29280000,1666397438448,False,True
39771201,15.68000000,3.66000000,57.38880000,1666397438448,False,True
39771202,15.69000000,2.54000000,39.85260000,1666397441597,False,True
39771203,15.69000000,8.56000000,134.30640000,1666397441766,True,True
39771204,15.69000000,0.30000000,4.70700000,1666397441766,True,True
39771205,15.69000000,2.14000000,33.57660000,1666397444131,True,True
39771206,15.69000000,43.76000000,686.59440000,1666397496710,True,True
39771207,15.69000000,1.09000000,17.10210000,1666397496710,True,True
39771208,15.69000000,105.84000000,1660.62960000,1666397496710,True,True
39771209,15.69000000,30.04000000,471.32760000,1666397558909,False,True
39771210,15.69000000,21.90000000,343.61100000,1666397608159,False,True
39771211,15.69000000,59.88000000,939.51720000,1666397608159,False,True
39771212,15.69000000,45.48000000,713.58120000,1666397608159,False,True
39771213,15.69000000,60.65000000,951.59850000,1666397614257,False,True
39771214,15.69000000,9.68000000,151.87920000,1666397660691,True,True
39771215,15.70000000,1.32000000,20.72400000,1666397689211,False,True
39771216,15.69000000,1.36000000,21.33840000,1666397703200,True,True
39771217,15.70000000,5.96000000,93.57200000,1666397724505,False,True
39771218,15.70000000,9.57000000,150.24900000,1666397724505,False,True
39771219,15.70000000,3.30000000,51.81000000,1666397724505,False,True
39771220,15.70000000,1.00000000,15.70000000,1666397724505,False,True
39771221,15.70000000,4.17000000,65.46900000,1666397724505,False,True
39771222,15.70000000,1.30000000,20.41000000,1666397724525,True,True
39771223,15.71000000,4.17000000,65.51070000,1666397744728,False,True
39771224,15.71000000,3.30000000,51.84300000,1666397744728,False,True
39771225,15.72000000,14.07000000,221.18040000,1666397753047,False,True
39771226,15.72000000,3.30000000,51.87600000,1666397753047,False,True
39771227,15.73000000,0.70000000,11.01100000,1666397776084,False,True
39771228,15.73000000,0.70000000,11.01100000,1666397776084,False,True
39771229,15.73000000,15.44000000,242.87120000,1666397776084,False,True
39771230,15.72000000,7.17000000,112.71240000,1666397829503,True,True
39771231,15.72000000,1.32000000,20.75040000,1666397856769,True,True
39771232,15.73000000,7.28000000,114.51440000,1666397908401,False,True
39771233,15.73000000,3.30000000,51.90900000,1666397908401,False,True
39771234,15.73000000,4.17000000,65.59410000,1666397908401,False,True
39771235,15.74000000,1.98000000,31.16520000,1666397908609,False,True
39771236,15.74000000,0.71000000,11.17540000,1666397908609,False,True
39771237,15.74000000,13.01000000,204.77740000,1666397908609,False,True
39771238,15.74000000,3.18000000,50.05320000,1666397908609,False,True
39771239,15.74000000,3.17000000,49.89580000,1666397908609,False,True
39771240,15.74000000,1.63000000,25.65620000,1666397908609,False,True
39771241,15.74000000,1.42000000,22.35080000,1666397908609,False,True
39771242,15.73000000,1.73000000,27.21290000,1666397918441,True,True
39771243,15.73000000,1.65000000,25.95450000,1666397918441,True,True
39771244,15.73000000,1.76000000,27.68480000,1666397918442,True,True
39771245,15.73000000,1.40000000,22.02200000,1666397918442,True,True
39771246,15.74000000,0.67000000,10.54580000,1666397921324,False,True
39771247,15.74000000,1.85000000,29.11900000,1666397929434,True,True
39771248,15.74000000,2.55000000,40.13700000,1666397929436,True,True
39771249,15.74000000,2.13000000,33.52620000,1666397929437,True,True
39771250,15.74000000,1.91000000,30.06340000,1666397929438,True,True
39771251,15.74000000,2.14000000,33.68360000,1666397935714,True,True
39771252,15.74000000,1.00000000,15.74000000,1666397937278,True,True
39771253,15.75000000,17.02000000,268.06500000,1666397939498,False,True
39771254,15.75000000,11.64000000,183.33000000,1666397939498,False,True
39771255,15.75000000,1.76000000,27.72000000,1666397939498,False,True
39771256,15.75000000,15.23000000,239.87250000,1666397939498,False,True
39771257,15.75000000,54.91000000,864.83250000,1666397939512,False,True
39771258,15.75000000,2.00000000,31.50000000,1666397939512,False,True
39771259,15.75000000,0.96000000,15.12000000,1666397939512,False,True
39771260,15.75000000,25.19000000,396.74250000,1666397939512,False,True
39771261,15.75000000,9.67000000,152.30250000,1666397939512,False,True
39771262,15.75000000,5.53000000,87.09750000,1666397939512,False,True
39771263,15.75000000,3.21000000,50.55750000,1666397939512,False,True
39771264,15.75000000,6.41000000,100.95750000,1666397939512,False,True
39771265,15.75000000,0.69000000,10.86750000,1666397939512,False,True
39771266,15.75000000,9.59000000,151.04250000,1666397939512,False,True
39771267,15.75000000,1.06000000,16.69500000,1666397939512,False,True
39771268,15.75000000,2.24000000,35.28000000,1666397939518,False,True
39771269,15.75000000,4.17000000,65.67750000,1666397939518,False,True
39771270,15.76000000,1.91000000,30.10160000,1666397941372,False,True
39771271,15.76000000,0.03000000,0.47280000,1666397941372,False,True
39771272,15.76000000,30.00000000,472.80000000,1666397941372,False,True
39771273,15.76000000,22.82000000,359.64320000,1666397941372,False,True
39771274,15.76000000,32.05000000,505.10800000,1666397941372,False,True
39771275,15.76000000,0.69000000,10.87440000,1666397941372,False,True
39771276,15.76000000,1.58000000,24.90080000,1666397941372,False,True
39771277,15.76000000,1.63000000,25.68880000,1666397941372,False,True
39771278,15.76000000,10.13000000,159.64880000,1666397941372,False,True
39771279,15.76000000,59.99000000,945.44240000,1666397941372,False,True
39771280,15.76000000,47.97000000,756.00720000,1666397941372,False,True
39771281,15.76000000,3.18000000,50.11680000,1666397941437,False,True
39771282,15.76000000,0.65000000,10.24400000,1666397941604,False,True
39771283,15.75000000,1.30000000,20.47500000,1666397943302,True,True
39771284,15.75000000,1.81000000,28.50750000,1666397945447,True,True
39771285,15.75000000,1.87000000,29.45250000,1666397945448,True,True
39771286,15.75000000,1.38000000,21.73500000,1666397945448,True,True
39771287,15.75000000,1.47000000,23.15250000,1666397945450,True,True
39771288,15.76000000,9.85000000,155.23600000,1666397951507,False,True
39771289,15.77000000,1.29000000,20.34330000,1666397951507,False,True
39771290,15.77000000,0.70000000,11.03900000,1666397951507,False,True
39771291,15.77000000,0.76000000,11.98520000,1666397951507,False,True
39771292,15.77000000,0.14000000,2.20780000,1666397951507,False,True
39771293,15.76000000,13.76000000,216.85760000,1666397951564,True,True
39771294,15.76000000,10.71000000,168.78960000,1666397951621,True,True
39771295,15.76000000,6.91000000,108.90160000,1666397953414,True,True
39771296,15.76000000,23.31000000,367.36560000,1666397953710,True,True
39771297,15.76000000,1.12000000,17.65120000,1666397953760,True,True
39771298,15.76000000,31.27000000,492.81520000,1666397953760,True,True
39771299,15.76000000,1.86000000,29.31360000,1666397958774,True,True
39771300,15.76000000,25.95000000,408.97200000,1666397970486,True,True
39771301,15.76000000,10.76000000,169.57760000,1666397970486,True,True
39771302,15.76000000,12.40000000,195.42400000,1666397970486,True,True
39771303,15.76000000,49.07000000,773.34320000,1666397970486,True,True
39771304,15.76000000,41.11000000,647.89360000,1666397990026,False,True
39771305,15.76000000,5.94000000,93.61440000,1666397990035,False,True
39771306,15.75000000,4.13000000,65.04750000,1666397999305,True,True
39771307,15.75000000,1.25000000,19.68750000,1666398008959,True,True
39771308,15.76000000,0.59000000,9.29840000,1666398039641,False,True
39771309,15.76000000,0.71000000,11.18960000,1666398039641,False,True
39771310,15.76000000,24.73000000,389.74480000,1666398039646,False,True
39771311,15.76000000,1.30000000,20.48800000,1666398039646,False,True
39771312,15.76000000,1.06000000,16.70560000,1666398039647,False,True
39771313,15.76000000,23.08000000,363.74080000,1666398039653,False,True
39771314,15.76000000,1.06000000,16.70560000,1666398039653,False,True
39771315,15.76000000,24.38000000,384.22880000,1666398040490,False,True
39771316,15.76000000,20.22000000,318.66720000,1666398040492,False,True
39771317,15.76000000,5.22000000,82.26720000,1666398040501,False,True
39771318,15.76000000,25.43000000,400.77680000,1666398040501,False,True
39771319,15.77000000,0.70000000,11.03900000,1666398040731,False,True
39771320,15.77000000,0.71000000,11.19670000,1666398040731,False,True
39771321,15.77000000,1.41000000,22.23570000,1666398040731,False,True
39771322,15.77000000,2.47000000,38.95190000,1666398040731,False,True
39771323,15.77000000,1.11000000,17.50470000,1666398040731,False,True
39771324,15.77000000,0.25000000,3.94250000,1666398040731,False,True
39771325,15.77000000,2.06000000,32.48620000,1666398040737,False,True
39771326,15.77000000,1.94000000,30.59380000,1666398040737,False,True
39771327,15.77000000,0.64000000,10.09280000,1666398040737,False,True
39771328,15.77000000,2.12000000,33.43240000,1666398040737,False,True
39771329,15.76000000,1.08000000,17.02080000,1666398044531,True,True
39771330,15.77000000,1.09000000,17.18930000,1666398045118,False,True
39771331,15.77000000,1.99000000,31.38230000,1666398045123,False,True
39771332,15.77000000,1.24000000,19.55480000,1666398045126,False,True
39771333,15.77000000,0.41000000,6.46570000,1666398045126,False,True
39771334,15.77000000,3.76000000,59.29520000,1666398045141,False,True
39771335,15.77000000,3.30000000,52.04100000,1666398045141,False,True
39771336,15.77000000,0.56000000,8.83120000,1666398045164,True,True
39771337,15.77000000,28.09000000,442.97930000,1666398045164,True,True
39771338,15.77000000,7.86000000,123.95220000,1666398045194,True,True
39771339,15.77000000,12.02000000,189.55540000,1666398045233,True,True
39771340,15.77000000,13.50000000,212.89500000,1666398045233,True,True
39771341,15.77000000,2.05000000,32.32850000,1666398045241,True,True
39771342,15.76000000,11.78000000,185.65280000,1666398045241,True,True
39771343,15.78000000,1.96000000,30.92880000,1666398046383,False,True
39771344,15.77000000,32.23000000,508.26710000,1666398057439,True,True
39771345,15.77000000,14.67000000,231.34590000,1666398057439,True,True
39771346,15.77000000,14.55000000,229.45350000,1666398057439,True,True
39771347,15.76000000,1.08000000,17.02080000,1666398058742,True,True
39771348,15.76000000,1.09000000,17.17840000,1666398059496,True,True
39771349,15.77000000,31.28000000,493.28560000,1666398081448,False,True
39771350,15.77000000,25.42000000,400.87340000,1666398081448,False,True
39771351,15.77000000,25.42000000,400.87340000,1666398081448,False,True
39771352,15.77000000,25.42000000,400.87340000,1666398081448,False,True
39771353,15.77000000,25.42000000,400.87340000,1666398081448,False,True
39771354,15.77000000,2.59000000,40.84430000,1666398081448,False,True
39771355,15.77000000,22.81000000,359.71370000,1666398081456,False,True
39771356,15.77000000,1.18000000,18.60860000,1666398143695,True,True
39771357,15.78000000,9.68000000,152.75040000,1666398199534,False,True
39771358,15.77000000,12.30000000,193.97100000,1666398219385,True,True
39771359,15.77000000,11.70000000,184.50900000,1666398219385,True,True
39771360,15.77000000,11.94000000,188.29380000,1666398219385,True,True
39771361,15.77000000,0.36000000,5.67720000,1666398219388,True,True
39771362,15.77000000,12.40000000,195.54800000,1666398219388,True,True
39771363,15.77000000,19.54000000,308.14580000,1666398219388,True,True
39771364,15.77000000,40.51000000,638.84270000,1666398219389,True,True
39771365,15.76000000,15.37000000,242.23120000,1666398219453,True,True
39771366,15.76000000,1.00000000,15.76000000,1666398219453,True,True
39771367,15.76000000,26.00000000,409.76000000,1666398219453,True,True
39771368,15.76000000,39.77000000,626.77520000,1666398219453,True,True
39771369,15.76000000,4.23000000,66.66480000,1666398219453,True,True
39771370,15.76000000,0.79000000,12.45040000,1666398219453,True,True
39771371,15.76000000,9.93000000,156.49680000,1666398230521,True,True
39771372,15.76000000,14.83000000,233.72080000,1666398230521,True,True
39771373,15.76000000,12.30000000,193.84800000,1666398230521,True,True
39771374,15.76000000,12.30000000,193.84800000,1666398230521,True,True
39771375,15.76000000,11.70000000,184.39200000,1666398230521,True,True
39771376,15.76000000,5.27000000,83.05520000,1666398230566,False,True
39771377,15.76000000,3.47000000,54.68720000,1666398230622,False,True
39771378,15.76000000,3.18000000,50.11680000,1666398230788,False,True
39771379,15.76000000,2.72000000,42.86720000,1666398230856,False,True
39771380,15.76000000,2.72000000,42.86720000,1666398230921,False,True
39771381,15.75000000,2.32000000,36.54000000,1666398231269,True,True
39771382,15.76000000,12.68000000,199.83680000,1666398266535,False,True
39771383,15.76000000,0.42000000,6.61920000,1666398287210,False,True
39771384,15.76000000,21.78000000,343.25280000,1666398287210,False,True
39771385,15.76000000,3.60000000,56.73600000,1666398314055,False,True
39771386,15.76000000,19.18000000,302.27680000,1666398314055,False,True
39771387,15.76000000,1.42000000,22.37920000,1666398317870,False,True
39771388,15.76000000,12.68000000,199.83680000,1666398322642,False,True
39771389,15.75000000,18.21000000,286.80750000,1666398337937,True,True
39771390,15.75000000,12.73000000,200.49750000,1666398338815,True,True
39771391,15.75000000,3.30000000,51.97500000,1666398338815,True,True
39771392,15.75000000,14.48000000,228.06000000,1666398338815,True,True
39771393,15.75000000,1.00000000,15.75000000,1666398338815,True,True
39771394,15.75000000,4.17000000,65.67750000,1666398338815,True,True
39771395,15.75000000,3.98000000,62.68500000,1666398338835,False,True
39771396,15.75000000,1.00000000,15.75000000,1666398338858,False,True
39771397,15.75000000,2.38000000,37.48500000,1666398338920,False,True
39771398,15.75000000,1.89000000,29.76750000,1666398350579,False,True
39771399,15.74000000,11.16000000,175.65840000,1666398434884,True,True
39771400,15.74000000,12.73000000,200.37020000,1666398434884,True,True
39771401,15.74000000,11.70000000,184.15800000,1666398434884,True,True
39771402,15.74000000,12.30000000,193.60200000,1666398434884,True,True
39771403,15.74000000,12.30000000,193.60200000,1666398434884,True,True
39771404,15.74000000,12.40000000,195.17600000,1666398434884,True,True
39771405,15.74000000,6.20000000,97.58800000,1666398434884,True,True
39771406,15.74000000,3.30000000,51.94200000,1666398434884,True,True
39771407,15.74000000,4.17000000,65.63580000,1666398434884,True,True
39771408,15.74000000,1.56000000,24.55440000,1666398434911,False,True
39771409,15.74000000,1.67000000,26.28580000,1666398434942,False,True
39771410,15.74000000,0.46000000,7.24040000,1666398436867,False,True
39771411,15.74000000,8.11000000,127.65140000,1666398436867,False,True
39771412,15.73000000,2.69000000,42.31370000,1666398444095,True,True
39771413,15.74000000,5.52000000,86.88480000,1666398451031,False,True
39771414,15.74000000,11.69000000,184.00060000,1666398451031,False,True
39771415,15.74000000,25.38000000,399.48120000,1666398451143,False,True
39771416,15.74000000,3.27000000,51.46980000,1666398451143,False,True
39771417,15.74000000,22.11000000,348.01140000,1666398451185,False,True
39771418,15.74000000,8.35000000,131.42900000,1666398451185,False,True
39771419,15.74000000,3.44000000,54.14560000,1666398451522,False,True
39771420,15.73000000,1.87000000,29.41510000,1666398475237,True,True
39771421,15.74000000,1.47000000,23.13780000,1666398501698,False,True
39771422,15.74000000,6.44000000,101.36560000,1666398510007,False,True
39771423,15.74000000,1.21000000,19.04540000,1666398515608,False,True
39771424,15.74000000,4.47000000,70.35780000,1666398539384,False,True
39771425,15.74000000,2.69000000,42.34060000,1666398539384,False,True
39771426,15.74000000,63.76000000,1003.58240000,1666398539384,False,True
39771427,15.74000000,59.85000000,942.03900000,1666398539384,False,True
39771428,15.74000000,11.94000000,187.93560000,1666398539384,False,True
39771429,15.74000000,2.00000000,31.48000000,1666398545142,False,True
39771430,15.74000000,13.80000000,217.21200000,1666398594583,False,True
39771431,15.74000000,35.95000000,565.85300000,1666398594593,False,True
39771432,15.74000000,409.91000000,6451.98340000,1666398594599,False,True
39771433,15.74000000,25.38000000,399.48120000,1666398594599,False,True
39771434,15.74000000,15.50000000,243.97000000,1666398594599,False,True
39771435,15.74000000,0.02000000,0.31480000,1666398594599,False,True
39771436,15.75000000,59.82000000,942.16500000,1666398619436,False,True
39771437,15.75000000,59.10000000,930.82500000,1666398619436,False,True
39771438,15.75000000,3.30000000,51.97500000,1666398619436,False,True
39771439,15.75000000,2.69000000,42.36750000,1666398619436,False,True
39771440,15.75000000,4.17000000,65.67750000,1666398619436,False,True
39771441,15.76000000,5.07000000,79.90320000,1666398621104,False,True
39771442,15.75000000,2.30000000,36.22500000,1666398651693,True,True
39771443,15.76000000,1.26000000,19.85760000,1666398679027,False,True
39771444,15.76000000,22.34000000,352.07840000,1666398680886,False,True
39771445,15.76000000,3.30000000,52.00800000,1666398681355,False,True
39771446,15.76000000,1.16000000,18.28160000,1666398681355,False,True
39771447,15.76000000,0.89000000,14.02640000,1666398681916,False,True
39771448,15.76000000,0.64000000,10.08640000,1666398682110,False,True
39771449,15.76000000,0.89000000,14.02640000,1666398682110,False,True
39771450,15.76000000,0.80000000,12.60800000,1666398682110,False,True
39771451,15.76000000,5.00000000,78.80000000,1666398682110,False,True
39771452,15.77000000,60.03000000,946.67310000,1666398682110,False,True
39771453,15.77000000,17.30000000,272.82100000,1666398682110,False,True
39771454,15.77000000,241.70000000,3811.60900000,1666398695755,False,True
39771455,15.77000000,57.95000000,913.87150000,1666398695755,False,True
39771456,15.77000000,111.43000000,1757.25110000,1666398695755,False,True
39771457,15.77000000,211.68000000,3338.19360000,1666398695755,False,True
39771458,15.77000000,4.17000000,65.76090000,1666398695755,False,True
39771459,15.77000000,5.42000000,85.47340000,1666398695770,True,True
39771460,15.77000000,6.11000000,96.35470000,1666398695859,True,True
39771461,15.77000000,3.97000000,62.60690000,1666398695988,True,True
39771462,15.77000000,2.15000000,33.90550000,1666398695988,True,True
39771463,15.78000000,1.55000000,24.45900000,1666398696866,False,True
39771464,15.78000000,2.34000000,36.92520000,1666398696866,False,True
39771465,15.78000000,9.25000000,145.96500000,1666398696886,False,True
39771466,15.78000000,5.22000000,82.37160000,1666398697773,False,True
39771467,15.78000000,5.00000000,78.90000000,1666398697773,False,True
39771468,15.78000000,0.83000000,13.09740000,1666398697773,False,True
39771469,15.78000000,7.35000000,115.98300000,1666398697773,False,True
39771470,15.78000000,40.65000000,641.45700000,1666398697824,False,True
39771471,15.78000000,0.64000000,10.09920000,1666398697824,False,True
39771472,15.78000000,0.96000000,15.14880000,1666398697824,False,True
39771473,15.78000000,1.97000000,31.08660000,1666398697824,False,True
39771474,15.78000000,0.70000000,11.04600000,1666398697824,False,True
39771475,15.78000000,0.70000000,11.04600000,1666398697824,False,True
39771476,15.78000000,3.17000000,50.02260000,1666398697824,False,True
39771477,15.78000000,1.62000000,25.56360000,1666398697824,False,True
39771478,15.78000000,3.76000000,59.33280000,1666398697844,True,True
39771479,15.78000000,28.65000000,452.09700000,1666398732833,True,True
39771480,15.78000000,3.70000000,58.38600000,1666398732843,True,True
39771481,15.78000000,16.27000000,256.74060000,1666398732843,True,True
39771482,15.78000000,49.33000000,778.42740000,1666398732843,True,True
39771483,15.78000000,49.23000000,776.84940000,1666398732843,True,True
39771484,15.78000000,0.70000000,11.04600000,1666398732843,True,True
39771485,15.78000000,12.40000000,195.67200000,1666398732843,True,True
39771486,15.78000000,12.30000000,194.09400000,1666398732843,True,True
39771487,15.78000000,12.30000000,194.09400000,1666398732843,True,True
39771488,15.78000000,11.70000000,184.62600000,1666398732843,True,True
39771489,15.77000000,13.40000000,211.31800000,1666398748337,True,True
39771490,15.77000000,1.47000000,23.18190000,1666398748337,True,True
39771491,15.77000000,4.73000000,74.59210000,1666398748730,True,True
39771492,15.77000000,0.70000000,11.03900000,1666398748730,True,True
39771493,15.77000000,12.84000000,202.48680000,1666398748730,True,True
39771494,15.77000000,3.86000000,60.87220000,1666398748766,False,True
39771495,15.76000000,3.70000000,58.31200000,1666398758121,True,True
39771496,15.76000000,3.65000000,57.52400000,1666398758121,True,True
39771497,15.76000000,4.13000000,65.08880000,1666398758121,True,True
39771498,15.76000000,8.56000000,134.90560000,1666398758132,True,True
39771499,15.76000000,4.17000000,65.71920000,1666398758132,True,True
39771500,15.76000000,3.30000000,52.00800000,1666398758132,True,True
39771501,15.76000000,18.50000000,291.56000000,1666398758132,True,True
39771502,15.76000000,12.65000000,199.36400000,1666398758132,True,True
39771503,15.76000000,2.01000000,31.67760000,1666398758132,True,True
39771504,15.76000000,10.39000000,163.74640000,1666398758143,True,True
39771505,15.76000000,1.09000000,17.17840000,1666398758143,True,True
39771506,15.76000000,0.95000000,14.97200000,1666398764786,True,True
39771507,15.77000000,45.19000000,712.64630000,1666398764811,False,True
39771508,15.77000000,11.60000000,182.93200000,1666398764811,False,True
39771509,15.77000000,13.76000000,216.99520000,1666398764817,False,True
39771510,15.77000000,25.36000000,399.92720000,1666398764821,False,True
39771511,15.77000000,14.33000000,225.98410000,1666398764821,False,True
39771512,15.77000000,11.03000000,173.94310000,1666398764822,False,True
39771513,15.77000000,17.62000000,277.86740000,1666398764822,False,True
39771514,15.77000000,7.74000000,122.05980000,1666398764823,False,True
39771515,15.77000000,19.42000000,306.25340000,1666398764823,False,True
39771516,15.77000000,5.94000000,93.67380000,1666398764825,False,True
39771517,15.77000000,0.02000000,0.31540000,1666398764825,False,True
39771518,15.78000000,5.07000000,80.00460000,1666398767874,False,True
39771519,15.78000000,3.30000000,52.07400000,1666398767938,False,True
39771520,15.78000000,4.17000000,65.80260000,1666398767938,False,True
39771521,15.78000000,3.04000000,47.97120000,1666398767957,True,True
39771522,15.78000000,1.08000000,17.04240000,1666398778418,True,True
39771523,15.78000000,10.00000000,157.80000000,1666398784164,True,True
39771524,15.79000000,5.73000000,90.47670000,1666398795679,False,True
39771525,15.79000000,1.28000000,20.21120000,1666398795679,False,True
39771526,15.79000000,0.96000000,15.15840000,1666398795679,False,True
39771527,15.79000000,0.98000000,15.47420000,1666398795679,False,True
39771528,15.79000000,0.78000000,12.31620000,1666398795679,False,True
39771529,15.79000000,1.01000000,15.94790000,1666398795679,False,True
39771530,15.79000000,3.54000000,55.89660000,1666398795679,False,True
39771531,15.79000000,8.03000000,126.79370000,1666398795679,False,True
39771532,15.79000000,3.30000000,52.10700000,1666398795679,False,True
39771533,15.79000000,4.17000000,65.84430000,1666398795679,False,True
39771534,15.79000000,0.76000000,12.00040000,1666398807458,False,True
39771535,15.79000000,29.70000000,468.96300000,1666398809867,False,True
39771536,15.79000000,3.24000000,51.15960000,1666398809867,False,True
39771537,15.79000000,3.24000000,51.15960000,1666398813922,False,True
39771538,15.79000000,1.93000000,30.47470000,1666398813922,False,True
39771539,15.79000000,10.33000000,163.11070000,1666398813924,False,True
39771540,15.79000000,3.17000000,50.05430000,1666398839909,False,True
39771541,15.79000000,6.50000000,102.63500000,1666398847396,False,True
39771542,15.79000000,46.21000000,729.65590000,1666398849107,False,True
39771543,15.80000000,0.91000000,14.37800000,1666398862482,False,True
39771544,15.80000000,6.22000000,98.27600000,1666398862482,False,True
39771545,15.80000000,23.78000000,375.72400000,1666398882483,False,True
39771546,15.80000000,1.63000000,25.75400000,1666398882483,False,True
39771547,15.80000000,0.72000000,11.37600000,1666398882483,False,True
39771548,15.80000000,117.54000000,1857.13200000,1666398882483,False,True
39771549,15.80000000,9.46000000,149.46800000,1666398882498,False,True
39771550,15.80000000,17.09000000,270.02200000,1666398882498,False,True
39771551,15.80000000,0.68000000,10.74400000,1666398882498,False,True
39771552,15.80000000,3.16000000,49.92800000,1666398882498,False,True
39771553,15.80000000,0.07000000,1.10600000,1666398882498,False,True
39771554,15.80000000,3.65000000,57.67000000,1666398882507,False,True
39771555,15.80000000,7.88000000,124.50400000,1666398882507,False,True
39771556,15.80000000,0.23000000,3.63400000,1666398882507,False,True
39771557,15.80000000,31.48000000,497.38400000,1666398882536,False,True
39771558,15.80000000,4.37000000,69.04600000,1666398882536,False,True
39771559,15.80000000,9.91000000,156.57800000,1666398882536,False,True
39771560,15.80000000,6.32000000,99.85600000,1666398882536,False,True
39771561,15.80000000,0.78000000,12.32400000,1666398882536,False,True
39771562,15.79000000,5.00000000,78.95000000,1666398883857,True,True
39771563,15.80000000,0.22000000,3.47600000,1666398889306,False,True
39771564,15.80000000,0.62000000,9.79600000,1666398889306,False,True
39771565,15.80000000,1.20000000,18.96000000,1666398889350,False,True
39771566,15.81000000,0.69000000,10.90890000,1666398908977,False,True
39771567,15.81000000,3.54000000,55.96740000,1666398908977,False,True
39771568,15.81000000,1.01000000,15.96810000,1666398908977,False,True
39771569,15.81000000,1.55000000,24.50550000,1666398908977,False,True
39771570,15.81000000,1.34000000,21.18540000,1666398908977,False,True
39771571,15.81000000,0.78000000,12.33180000,1666398908977,False,True
39771572,15.81000000,0.94000000,14.86140000,1666398908977,False,True
39771573,15.81000000,0.94000000,14.86140000,1666398908977,False,True
39771574,15.81000000,23.56000000,372.48360000,1666398908977,False,True
39771575,15.81000000,1.09000000,17.23290000,1666398915233,False,True
39771576,15.81000000,1.95000000,30.82950000,1666398917469,False,True
39771577,15.80000000,51.97000000,821.12600000,1666398932703,True,True
39771578,15.80000000,43.31000000,684.29800000,1666398932703,True,True
39771579,15.80000000,8.79000000,138.88200000,1666398932703,True,True
39771580,15.80000000,11.70000000,184.86000000,1666398932703,True,True
39771581,15.80000000,12.30000000,194.34000000,1666398932703,True,True
39771582,15.80000000,12.30000000,194.34000000,1666398932703,True,True
39771583,15.80000000,12.40000000,195.92000000,1666398932703,True,True
39771584,15.80000000,6.20000000,97.96000000,1666398932703,True,True
39771585,15.80000000,62.47000000,987.02600000,1666398932703,True,True
39771586,15.80000000,76.67000000,1211.38600000,1666398932703,True,True
39771587,15.80000000,0.94000000,14.85200000,1666398933985,False,True
39771588,15.80000000,200.95000000,3175.01000000,1666398942221,False,True
39771589,15.80000000,46.90000000,741.02000000,1666398942221,False,True
39771590,15.80000000,2.18000000,34.44400000,1666398942221,False,True
39771591,15.79000000,3.16000000,49.89640000,1666398944773,True,True
39771592,15.79000000,14.14000000,223.27060000,1666398944773,True,True
39771593,15.79000000,2.99000000,47.21210000,1666398944773,True,True
39771594,15.79000000,12.40000000,195.79600000,1666398944773,True,True
39771595,15.79000000,10.77000000,170.05830000,1666398944773,True,True
39771596,15.79000000,38.52000000,608.23080000,1666398971395,True,True
39771597,15.79000000,23.97000000,378.48630000,1666398971402,True,True
39771598,15.79000000,36.13000000,570.49270000,1666398971402,True,True
39771599,15.79000000,15.73000000,248.37670000,1666398971402,True,True
39771600,15.78000000,0.97000000,15.30660000,1666398972261,True,True
39771601,15.78000000,12.69000000,200.24820000,1666398972261,True,True
39771602,15.78000000,3.30000000,52.07400000,1666398972261,True,True
39771603,15.78000000,4.17000000,65.80260000,1666398972261,True,True
39771604,15.77000000,1.22000000,19.23940000,1666398972261,True,True
39771605,15.77000000,0.67000000,10.56590000,1666398972261,True,True
39771606,15.78000000,1.04000000,16.41120000,1666398972281,False,True
39771607,15.78000000,40.47000000,638.61660000,1666398990134,False,True
39771608,15.78000000,13.00000000,205.14000000,1666398990135,False,True
39771609,15.78000000,46.90000000,740.08200000,1666398990135,False,True
39771610,15.78000000,0.89000000,14.04420000,1666398990135,False,True
39771611,15.79000000,27.61000000,435.96190000,1666398994106,False,True
39771612,15.79000000,7.31000000,115.42490000,1666398994106,False,True
39771613,15.79000000,34.88000000,550.75520000,1666398994106,False,True
39771614,15.79000000,25.77000000,406.90830000,1666398994106,False,True
39771615,15.79000000,4.43000000,69.94970000,1666398994106,False,True
39771616,15.79000000,60.00000000,947.40000000,1666398994117,False,True
39771617,15.79000000,3.65000000,57.63350000,1666398994122,False,True
39771618,15.79000000,3.30000000,52.10700000,1666398994122,False,True
39771619,15.79000000,10.00000000,157.90000000,1666398994122,False,True
39771620,15.79000000,23.90000000,377.38100000,1666398994134,False,True
39771621,15.79000000,5.22000000,82.42380000,1666399010975,True,True
39771622,15.79000000,1.08000000,17.05320000,1666399019505,True,True
39771623,15.80000000,10.72000000,169.37600000,1666399033384,False,True
39771624,15.80000000,4.17000000,65.88600000,1666399033384,False,True
39771625,15.80000000,1.36000000,21.48800000,1666399033384,False,True
39771626,15.80000000,1.94000000,30.65200000,1666399033386,False,True
39771627,15.80000000,12.65000000,199.87000000,1666399033796,True,True
39771628,15.80000000,10.11000000,159.73800000,1666399033796,True,True
39771629,15.80000000,27.03000000,427.07400000,1666399044297,True,True
39771630,15.80000000,3.62000000,57.19600000,1666399072207,True,True
39771631,15.80000000,7.05000000,111.39000000,1666399072207,True,True
39771632,15.80000000,29.80000000,470.84000000,1666399072207,True,True
39771633,15.80000000,28.65000000,452.67000000,1666399072214,True,True
39771634,15.80000000,6.23000000,98.43400000,1666399072222,True,True
39771635,15.80000000,2.41000000,38.07800000,1666399074526,False,True
39771636,15.80000000,7.66000000,121.02800000,1666399075961,False,True
39771637,15.79000000,6.23000000,98.37170000,1666399082448,True,True
39771638,15.79000000,3.58000000,56.52820000,1666399084731,False,True
39771639,15.78000000,2.86000000,45.13080000,1666399101290,True,True
39771640,15.79000000,35.97000000,567.96630000,1666399116201,False,True
39771641,15.79000000,15.50000000,244.74500000,1666399116226,False,True
39771642,15.80000000,7.25000000,114.55000000,1666399121022,False,True
39771643,15.80000000,13.15000000,207.77000000,1666399121048,False,True
39771644,15.80000000,0.89000000,14.06200000,1666399155370,True,True
39771645,15.81000000,3.30000000,52.17300000,1666399169545,False,True
39771646,15.81000000,18.09000000,286.00290000,1666399169545,False,True
39771647,15.81000000,1.11000000,17.54910000,1666399169545,False,True
39771648,15.81000000,13.24000000,209.32440000,1666399169545,False,True
39771649,15.81000000,2.26000000,35.73060000,1666399169546,False,True
39771650,15.81000000,10.77000000,170.27370000,1666399169546,False,True
39771651,15.81000000,17.88000000,282.68280000,1666399169546,False,True
39771652,15.81000000,0.41000000,6.48210000,1666399169546,False,True
39771653,15.81000000,3.76000000,59.44560000,1666399169554,False,True
39771654,15.81000000,2.53000000,39.99930000,1666399169554,False,True
39771655,15.81000000,0.65000000,10.27650000,1666399171090,True,True
39771656,15.81000000,2.20000000,34.78200000,1666399177710,True,True
39771657,15.81000000,1.08000000,17.07480000,1666399183438,True,True
39771658,15.82000000,0.70000000,11.07400000,1666399186079,False,True
39771659,15.82000000,0.01000000,0.15820000,1666399186079,False,True
39771660,15.82000000,30.00000000,474.60000000,1666399186079,False,True
39771661,15.82000000,0.96000000,15.18720000,1666399186079,False,True
39771662,15.82000000,0.83000000,13.13060000,1666399186079,False,True
39771663,15.82000000,0.75000000,11.86500000,1666399186079,False,True
39771664,15.82000000,0.77000000,12.18140000,1666399186079,False,True
39771665,15.82000000,0.71000000,11.23220000,1666399186079,False,True
39771666,15.82000000,1.97000000,31.16540000,1666399186079,False,True
39771667,15.82000000,0.70000000,11.07400000,1666399186079,False,True
39771668,15.82000000,100.08000000,1583.26560000,1666399186079,False,True
39771669,15.82000000,11.43000000,180.82260000,1666399189389,False,True
39771670,15.82000000,0.93000000,14.71260000,1666399189390,False,True
39771671,15.82000000,837.56000000,13250.19920000,1666399189569,False,True
39771672,15.82000000,12.02000000,190.15640000,1666399189569,False,True
39771673,15.82000000,3.30000000,52.20600000,1666399189569,False,True
39771674,15.82000000,4.17000000,65.96940000,1666399189569,False,True
39771675,15.82000000,1.78000000,28.15960000,1666399189742,True,True
39771676,15.83000000,0.81000000,12.82230000,1666399198982,False,True
39771677,15.83000000,0.47000000,7.44010000,1666399204995,False,True
39771678,15.83000000,0.35000000,5.54050000,1666399204995,False,True
39771679,15.83000000,1.58000000,25.01140000,1666399206856,False,True
39771680,15.83000000,0.78000000,12.34740000,1666399206856,False,True
39771681,15.83000000,1.28000000,20.26240000,1666399206856,False,True
39771682,15.83000000,3.63000000,57.46290000,1666399206856,False,True
39771683,15.83000000,0.60000000,9.49800000,1666399206856,False,True
39771684,15.83000000,4.00000000,63.32000000,1666399206858,False,True
39771685,15.83000000,9.56000000,151.33480000,1666399206858,False,True
39771686,15.83000000,7.76000000,122.84080000,1666399206858,False,True
39771687,15.83000000,14.91000000,236.02530000,1666399206859,False,True
39771688,15.83000000,21.04000000,333.06320000,1666399206859,False,True
39771689,15.83000000,12.38000000,195.97540000,1666399206859,False,True
39771690,15.83000000,1.92000000,30.39360000,1666399206859,False,True
39771691,15.83000000,10.00000000,158.30000000,1666399206859,False,True
39771692,15.83000000,0.70000000,11.08100000,1666399206859,False,True
39771693,15.83000000,1.11000000,17.57130000,1666399206859,False,True
39771694,15.83000000,1.11000000,17.57130000,1666399206859,False,True
39771695,15.83000000,1.43000000,22.63690000,1666399206859,False,True
39771696,15.83000000,1.87000000,29.60210000,1666399206859,False,True
39771697,15.83000000,25.34000000,401.13220000,1666399206859,False,True
39771698,15.83000000,15.50000000,245.36500000,1666399206859,False,True
39771699,15.83000000,8.09000000,128.06470000,1666399206859,False,True
39771700,15.83000000,9.20000000,145.63600000,1666399206859,False,True
39771701,15.83000000,7.29000000,115.40070000,1666399206861,False,True
39771702,15.83000000,6.19000000,97.98770000,1666399206862,False,True
39771703,15.83000000,2.66000000,42.10780000,1666399206863,False,True
39771704,15.83000000,25.34000000,401.13220000,1666399206863,False,True
39771705,15.83000000,12.00000000,189.96000000,1666399206863,False,True
39771706,15.83000000,13.34000000,211.17220000,1666399206863,False,True
39771707,15.83000000,14.48000000,229.21840000,1666399206863,False,True
39771708,15.83000000,10.86000000,171.91380000,1666399206863,False,True
39771709,15.83000000,0.01000000,0.15830000,1666399206863,False,True
39771710,15.84000000,1.00000000,15.84000000,1666399206866,False,True
39771711,15.84000000,29.00000000,459.36000000,1666399206871,False,True
39771712,15.84000000,2.91000000,46.09440000,1666399206871,False,True
39771713,15.84000000,0.75000000,11.88000000,1666399206871,False,True
39771714,15.84000000,1.81000000,28.67040000,1666399206871,False,True
39771715,15.84000000,36.79000000,582.75360000,1666399206871,False,True
39771716,15.84000000,1.94000000,30.72960000,1666399206871,False,True
39771717,15.84000000,17.51000000,277.35840000,1666399206871,False,True
39771718,15.84000000,0.75000000,11.88000000,1666399206871,False,True
39771719,15.84000000,156.76000000,2483.07840000,1666399206871,False,True
39771720,15.84000000,11.16000000,176.77440000,1666399206871,False,True
39771721,15.84000000,20.00000000,316.80000000,1666399206871,False,True
39771722,15.84000000,18.65000000,295.41600000,1666399206871,False,True
39771723,15.84000000,1.62000000,25.66080000,1666399206871,False,True
39771724,15.84000000,4.17000000,66.05280000,1666399206871,False,True
39771725,15.84000000,4.12000000,65.26080000,1666399206871,False,True
39771726,15.84000000,43.79000000,693.63360000,1666399206968,True,True
39771727,15.84000000,18.69000000,296.04960000,1666399207211,True,True
39771728,15.84000000,41.31000000,654.35040000,1666399207211,True,True
39771729,15.84000000,5.60000000,88.70400000,1666399207213,True,True
39771730,15.84000000,6.35000000,100.58400000,1666399207213,True,True
39771731,15.84000000,8.25000000,130.68000000,1666399207213,True,True
39771732,15.84000000,1.09000000,17.26560000,1666399207213,True,True
39771733,15.84000000,98.71000000,1563.56640000,1666399207213,True,True
39771734,15.84000000,52.46000000,830.96640000,1666399207218,True,True
39771735,15.84000000,5.15000000,81.57600000,1666399207223,True,True
39771736,15.84000000,53.43000000,846.33120000,1666399207223,True,True
39771737,15.84000000,21.42000000,339.29280000,1666399207223,True,True
39771738,15.84000000,58.72000000,930.12480000,1666399207231,True,True
39771739,15.84000000,3.83000000,60.66720000,1666399207234,True,True
39771740,15.84000000,40.17000000,636.29280000,1666399207234,True,True
39771741,15.84000000,3.62000000,57.34080000,1666399207238,True,True
39771742,15.84000000,8.51000000,134.79840000,1666399207238,True,True
39771743,15.84000000,21.11000000,334.38240000,1666399207238,True,True
39771744,15.84000000,5.94000000,94.08960000,1666399207239,True,True
39771745,15.84000000,24.55000000,388.87200000,1666399207240,True,True
39771746,15.84000000,32.95000000,521.92800000,1666399207304,False,True
39771747,15.83000000,20.15000000,318.97450000,1666399207399,True,True
39771748,15.84000000,22.58000000,357.66720000,1666399208070,False,True
39771749,15.85000000,5.71000000,90.50350000,1666399208082,False,True
39771750,15.85000000,1.34000000,21.23900000,1666399208082,False,True
39771751,15.85000000,1.45000000,22.98250000,1666399208082,False,True
39771752,15.85000000,1.30000000,20.60500000,1666399208082,False,True
39771753,15.85000000,0.68000000,10.77800000,1666399208082,False,True
39771754,15.85000000,11.64000000,184.49400000,1666399208082,False,True
39771755,15.85000000,1.21000000,19.17850000,1666399208082,False,True
39771756,15.85000000,0.65000000,10.30250000,1666399208082,False,True
39771757,15.85000000,1.48000000,23.45800000,1666399208082,False,True
39771758,15.85000000,8.26000000,130.92100000,1666399208082,False,True
39771759,15.85000000,6.30000000,99.85500000,1666399208082,False,True
39771760,15.85000000,9.85000000,156.12250000,1666399208082,False,True
39771761,15.85000000,3.15000000,49.92750000,1666399208082,False,True
39771762,15.85000000,11.16000000,176.88600000,1666399208082,False,True
39771763,15.85000000,15.50000000,245.67500000,1666399208082,False,True
39771764,15.85000000,6.20000000,98.27000000,1666399208082,False,True
39771765,15.85000000,7.28000000,115.38800000,1666399208082,False,True
39771766,15.85000000,11.70000000,185.44500000,1666399208082,False,True
39771767,15.85000000,12.30000000,194.95500000,1666399208082,False,True
39771768,15.85000000,12.30000000,194.95500000,1666399208082,False,True
39771769,15.85000000,12.40000000,196.54000000,1666399208082,False,True
39771770,15.85000000,46.90000000,743.36500000,1666399208082,False,True
39771771,15.85000000,18.39000000,291.48150000,1666399208082,False,True
39771772,15.85000000,84.00000000,1331.40000000,1666399208082,False,True
39771773,15.86000000,0.69000000,10.94340000,1666399208113,False,True
39771774,15.86000000,0.71000000,11.26060000,1666399208113,False,True
39771775,15.86000000,6.40000000,101.50400000,1666399208113,False,True
39771776,15.86000000,23.60000000,374.29600000,1666399208125,False,True
39771777,15.86000000,1.51000000,23.94860000,1666399208125,False,True
39771778,15.86000000,7.65000000,121.32900000,1666399208125,False,True
39771779,15.86000000,3.50000000,55.51000000,1666399208125,False,True
39771780,15.86000000,7.36000000,116.72960000,1666399208125,False,True
39771781,15.86000000,1.57000000,24.90020000,1666399208125,False,True
39771782,15.86000000,0.65000000,10.30900000,1666399208125,False,True
39771783,15.86000000,2.00000000,31.72000000,1666399208125,False,True
39771784,15.86000000,0.96000000,15.22560000,1666399208125,False,True
39771785,15.86000000,1.96000000,31.08560000,1666399208125,False,True
39771786,15.86000000,18.78000000,297.85080000,1666399208125,False,True
39771787,15.86000000,1.16000000,18.39760000,1666399208197,False,True
39771788,15.86000000,26.02000000,412.67720000,1666399208204,False,True
39771789,15.86000000,44.00000000,697.84000000,1666399208227,False,True
39771790,15.85000000,40.00000000,634.00000000,1666399208285,True,True
39771791,15.85000000,91.15000000,1444.72750000,1666399208289,True,True
39771792,15.85000000,46.90000000,743.36500000,1666399208397,True,True
39771793,15.85000000,7.28000000,115.38800000,1666399208397,True,True
39771794,15.85000000,4.09000000,64.82650000,1666399208397,True,True
39771795,15.85000000,1.27000000,20.12950000,1666399208835,False,True
39771796,15.84000000,3.26000000,51.63840000,1666399210063,True,True
39771797,15.85000000,29.19000000,462.66150000,1666399210543,False,True
39771798,15.85000000,166.63000000,2641.08550000,1666399210543,False,True
39771799,15.85000000,62.44000000,989.67400000,1666399210543,False,True
39771800,15.85000000,117.26000000,1858.57100000,1666399210543,False,True
39771801,15.85000000,3.30000000,52.30500000,1666399210543,False,True
39771802,15.85000000,4.17000000,66.09450000,1666399210543,False,True
39771803,15.85000000,0.83000000,13.15550000,1666399211057,True,True
39771804,15.86000000,5.21000000,82.63060000,1666399211094,False,True
39771805,15.86000000,5.13000000,81.36180000,1666399211108,False,True
39771806,15.85000000,6.66000000,105.56100000,1666399211570,True,True
39771807,15.85000000,5.13000000,81.31050000,1666399211570,True,True
39771808,15.85000000,7.49000000,118.71650000,1666399211570,True,True
39771809,15.85000000,56.32000000,892.67200000,1666399211570,True,True
39771810,15.85000000,47.18000000,747.80300000,1666399211570,True,True
39771811,15.85000000,24.92000000,394.98200000,1666399211576,True,True
39771812,15.85000000,62.48000000,990.30800000,1666399211576,True,True
39771813,15.85000000,48.95000000,775.85750000,1666399211576,True,True
39771814,15.85000000,11.17000000,177.04450000,1666399212476,True,True
39771815,15.85000000,0.64000000,10.14400000,1666399212476,True,True
39771816,15.85000000,3.35000000,53.09750000,1666399212476,True,True
39771817,15.85000000,17.93000000,284.19050000,1666399212478,True,True
39771818,15.85000000,11.42000000,181.00700000,1666399212480,True,True
39771819,15.85000000,7.09000000,112.37650000,1666399212483,True,True
39771820,15.85000000,8.55000000,135.51750000,1666399212483,True,True
39771821,15.86000000,4.38000000,69.46680000,1666399213481,True,True
39771822,15.86000000,3.59000000,56.93740000,1666399213481,True,True
39771823,15.86000000,3.49000000,55.35140000,1666399213482,True,True
39771824,15.86000000,4.44000000,70.41840000,1666399213483,True,True
39771825,15.87000000,0.84000000,13.33080000,1666399214103,False,True
39771826,15.87000000,0.70000000,11.10900000,1666399214103,False,True
39771827,15.87000000,0.69000000,10.95030000,1666399214103,False,True
39771828,15.87000000,2.53000000,40.15110000,1666399214103,False,True
39771829,15.87000000,1.78000000,28.24860000,1666399214103,False,True
39771830,15.87000000,0.76000000,12.06120000,1666399214103,False,True
39771831,15.87000000,12.41000000,196.94670000,1666399214103,False,True
39771832,15.87000000,7.83000000,124.26210000,1666399214103,False,True
39771833,15.87000000,93.09000000,1477.33830000,1666399214103,False,True
39771834,15.87000000,7.03000000,111.56610000,1666399214109,False,True
39771835,15.87000000,4.53000000,71.89110000,1666399214111,False,True
39771836,15.87000000,84.00000000,1333.08000000,1666399214111,False,True
39771837,15.87000000,3.30000000,52.37100000,1666399214111,False,True
39771838,15.87000000,1.62000000,25.70940000,1666399214111,False,True
39771839,15.87000000,4.17000000,66.17790000,1666399214111,False,True
39771840,15.87000000,5.69000000,90.30030000,1666399214130,True,True
39771841,15.87000000,23.50000000,372.94500000,1666399214165,True,True
39771842,15.87000000,0.62000000,9.83940000,1666399214176,False,True
39771843,15.86000000,14.43000000,228.85980000,1666399214307,True,True
39771844,15.86000000,0.65000000,10.30900000,1666399214349,True,True
39771845,15.87000000,1.09000000,17.29830000,1666399214658,False,True
39771846,15.87000000,1.95000000,30.94650000,1666399216251,False,True
39771847,15.86000000,0.80000000,12.68800000,1666399216995,True,True
39771848,15.87000000,22.28000000,353.58360000,1666399217206,False,True
39771849,15.87000000,20.65000000,327.71550000,1666399217206,False,True
39771850,15.86000000,8.48000000,134.49280000,1666399217525,True,True
39771851,15.86000000,62.48000000,990.93280000,1666399217525,True,True
39771852,15.86000000,3.66000000,58.04760000,1666399217525,True,True
39771853,15.86000000,40.21000000,637.73060000,1666399217525,True,True
39771854,15.86000000,12.30000000,195.07800000,1666399217525,True,True
39771855,15.86000000,11.70000000,185.56200000,1666399217525,True,True
39771856,15.86000000,6.20000000,98.33200000,1666399217525,True,True
39771857,15.86000000,12.30000000,195.07800000,1666399217525,True,True
39771858,15.86000000,11.62000000,184.29320000,1666399217525,True,True
39771859,15.87000000,1.68000000,26.66160000,1666399219440,False,True
39771860,15.87000000,5.32000000,84.42840000,1666399219457,False,True
39771861,15.87000000,20.00000000,317.40000000,1666399220200,False,True
39771862,15.86000000,0.78000000,12.37080000,1666399223710,True,True
39771863,15.86000000,1.17000000,18.55620000,1666399223710,True,True
39771864,15.87000000,1.75000000,27.77250000,1666399236550,False,True
39771865,15.87000000,23.57000000,374.05590000,1666399238109,False,True
39771866,15.87000000,3.88000000,61.57560000,1666399238109,False,True
39771867,15.87000000,25.25000000,400.71750000,1666399238109,False,True
39771868,15.87000000,22.44000000,356.12280000,1666399238176,False,True
39771869,15.87000000,2.13000000,33.80310000,1666399238190,False,True
39771870,15.87000000,25.32000000,401.82840000,1666399238190,False,True
39771871,15.87000000,25.25000000,400.71750000,1666399238190,False,True
39771872,15.87000000,3.62000000,57.44940000,1666399238190,False,True
39771873,15.87000000,2.40000000,38.08800000,1666399239220,False,True
39771874,15.87000000,13.11000000,208.05570000,1666399239262,False,True
39771875,15.87000000,6.19000000,98.23530000,1666399241254,False,True
39771876,15.87000000,2.57000000,40.78590000,1666399241254,False,True
39771877,15.87000000,2.04000000,32.37480000,1666399241311,False,True
39771878,15.87000000,20.64000000,327.55680000,1666399241321,False,True
39771879,15.87000000,0.01000000,0.15870000,1666399241321,False,True
39771880,15.87000000,2.04000000,32.37480000,1666399241321,False,True
39771881,15.87000000,23.21000000,368.34270000,1666399241335,False,True
39771882,15.87000000,25.24000000,400.55880000,1666399241346,False,True
39771883,15.87000000,1.08000000,17.13960000,1666399244965,True,True
39771884,15.88000000,1.08000000,17.15040000,1666399245965,False,True
39771885,15.88000000,0.19000000,3.01720000,1666399246870,False,True
39771886,15.88000000,30.00000000,476.40000000,1666399246870,False,True
39771887,15.88000000,0.73000000,11.59240000,1666399246870,False,True
39771888,15.88000000,1.35000000,21.43800000,1666399246870,False,True
39771889,15.88000000,2.80000000,44.46400000,1666399246870,False,True
39771890,15.88000000,0.98000000,15.56240000,1666399246870,False,True
39771891,15.88000000,0.96000000,15.24480000,1666399246870,False,True
39771892,15.88000000,0.63000000,10.00440000,1666399246870,False,True
39771893,15.88000000,84.00000000,1333.92000000,1666399246870,False,True
39771894,15.88000000,4.17000000,66.21960000,1666399246870,False,True
39771895,15.88000000,15.50000000,246.14000000,1666399246870,False,True
39771896,15.88000000,28.65000000,454.96200000,1666399247544,True,True
39771897,15.87000000,24.69000000,391.83030000,1666399247876,True,True
39771898,15.87000000,2.20000000,34.91400000,1666399249205,True,True
39771899,15.88000000,0.64000000,10.16320000,1666399251748,False,True
39771900,15.87000000,34.51000000,547.67370000,1666399253081,True,True
39771901,15.87000000,8.68000000,137.75160000,1666399253081,True,True
39771902,15.87000000,0.81000000,12.85470000,1666399253081,True,True
39771903,15.87000000,25.43000000,403.57410000,1666399253150,True,True
39771904,15.87000000,11.70000000,185.67900000,1666399253150,True,True
39771905,15.87000000,6.20000000,98.39400000,1666399253150,True,True
39771906,15.87000000,12.30000000,195.20100000,1666399253150,True,True
39771907,15.87000000,12.30000000,195.20100000,1666399253150,True,True
39771908,15.87000000,12.40000000,196.78800000,1666399253150,True,True
39771909,15.87000000,8.55000000,135.68850000,1666399253150,True,True
39771910,15.87000000,10.94000000,173.61780000,1666399253439,False,True
39771911,15.87000000,23.29000000,369.61230000,1666399253439,False,True
39771912,15.87000000,1.27000000,20.15490000,1666399253439,False,True
39771913,15.87000000,34.32000000,544.65840000,1666399253533,False,True
39771914,15.87000000,0.67000000,10.63290000,1666399254116,True,True
39771915,15.88000000,2.18000000,34.61840000,1666399259188,False,True
39771916,15.88000000,10.00000000,158.80000000,1666399262195,False,True
39771917,15.87000000,0.68000000,10.79160000,1666399263030,True,True
39771918,15.88000000,9.55000000,151.65400000,1666399268198,False,True
39771919,15.87000000,1.48000000,23.48760000,1666399271735,True,True
39771920,15.88000000,1.95000000,30.96600000,1666399290834,False,True
39771921,15.88000000,9.54000000,151.49520000,1666399291810,True,True
39771922,15.88000000,25.24000000,400.81120000,1666399291810,True,True
39771923,15.88000000,12.84000000,203.89920000,1666399291810,True,True
39771924,15.88000000,2.40000000,38.11200000,1666399291810,True,True
39771925,15.88000000,10.00000000,158.80000000,1666399291811,True,True
39771926,15.88000000,12.30000000,195.32400000,1666399291811,True,True
39771927,15.88000000,11.70000000,185.79600000,1666399291811,True,True
39771928,15.88000000,12.30000000,195.32400000,1666399291811,True,True
39771929,15.87000000,10.94000000,173.61780000,1666399291966,True,True
39771930,15.87000000,9.73000000,154.41510000,1666399291970,True,True
39771931,15.87000000,62.43000000,990.76410000,1666399291970,True,True
39771932,15.87000000,0.69000000,10.95030000,1666399291970,True,True
39771933,15.87000000,1.09000000,17.29830000,1666399291970,True,True
39771934,15.87000000,1.11000000,17.61570000,1666399291970,True,True
39771935,15.87000000,1.11000000,17.61570000,1666399291970,True,True
39771936,15.87000000,0.69000000,10.95030000,1666399291970,True,True
39771937,15.87000000,2.06000000,32.69220000,1666399291970,True,True
39771938,15.87000000,11.16000000,177.10920000,1666399292050,True,True
39771939,15.87000000,0.59000000,9.36330000,1666399292050,True,True
39771940,15.87000000,26.19000000,415.63530000,1666399292057,True,True
39771941,15.87000000,2.08000000,33.00960000,1666399299007,False,True
39771942,15.86000000,3.30000000,52.33800000,1666399304525,True,True
39771943,15.86000000,4.17000000,66.13620000,1666399304525,True,True
39771944,15.86000000,6.20000000,98.33200000,1666399304525,True,True
39771945,15.85000000,0.93000000,14.74050000,1666399342555,True,True
39771946,15.85000000,16.97000000,268.97450000,1666399342555,True,True
39771947,15.85000000,3.30000000,52.30500000,1666399345022,True,True
39771948,15.85000000,4.17000000,66.09450000,1666399345022,True,True
39771949,15.85000000,11.70000000,185.44500000,1666399345022,True,True
39771950,15.85000000,12.30000000,194.95500000,1666399345022,True,True
39771951,15.85000000,12.30000000,194.95500000,1666399345022,True,True
39771952,15.85000000,6.20000000,98.27000000,1666399345022,True,True
39771953,15.84000000,0.79000000,12.51360000,1666399390573,True,True
39771954,15.84000000,1.43000000,22.65120000,1666399390573,True,True
39771955,15.84000000,1.08000000,17.10720000,1666399390573,True,True
39771956,15.84000000,0.89000000,14.09760000,1666399390573,True,True
39771957,15.84000000,4.38000000,69.37920000,1666399393388,False,True
39771958,15.84000000,10.96000000,173.60640000,1666399393597,True,True
39771959,15.84000000,55.79000000,883.71360000,1666399393597,True,True
39771960,15.83000000,11.16000000,176.66280000,1666399393597,True,True
39771961,15.83000000,28.63000000,453.21290000,1666399393597,True,True
39771962,15.83000000,12.69000000,200.88270000,1666399393597,True,True
39771963,15.83000000,16.80000000,265.94400000,1666399393597,True,True
39771964,15.83000000,26.00000000,411.58000000,1666399393597,True,True
39771965,15.83000000,10.96000000,173.49680000,1666399393597,True,True
39771966,15.83000000,151.35000000,2395.87050000,1666399393597,True,True
39771967,15.84000000,5.13000000,81.25920000,1666399396913,True,True
39771968,15.84000000,0.94000000,14.88960000,1666399397231,True,True
39771969,15.83000000,6.00000000,94.98000000,1666399415942,True,True
39771970,15.83000000,3.30000000,52.23900000,1666399415942,True,True
39771971,15.83000000,4.17000000,66.01110000,1666399415942,True,True
39771972,15.83000000,12.69000000,200.88270000,1666399415942,True,True
39771973,15.83000000,11.16000000,176.66280000,1666399415942,True,True
39771974,15.83000000,11.58000000,183.31140000,1666399415942,True,True
39771975,15.83000000,1.00000000,15.83000000,1666399436930,False,True
39771976,15.83000000,16.18000000,256.12940000,1666399438957,False,True
39771977,15.82000000,0.70000000,11.07400000,1666399447337,True,True
39771978,15.82000000,0.70000000,11.07400000,1666399447337,True,True
39771979,15.82000000,10.08000000,159.46560000,1666399447337,True,True
39771980,15.82000000,1.85000000,29.26700000,1666399447371,False,True
39771981,15.82000000,31.53000000,498.80460000,1666399447391,False,True
39771982,15.82000000,0.95000000,15.02900000,1666399447521,False,True
39771983,15.81000000,0.69000000,10.90890000,1666399450391,True,True
39771984,15.81000000,48.71000000,770.10510000,1666399450391,True,True
39771985,15.81000000,18.45000000,291.69450000,1666399450393,True,True
39771986,15.81000000,5.67000000,89.64270000,1666399450442,True,True
39771987,15.81000000,25.63000000,405.21030000,1666399450447,True,True
39771988,15.81000000,12.69000000,200.62890000,1666399450447,True,True
39771989,15.81000000,3.30000000,52.17300000,1666399450447,True,True
39771990,15.81000000,4.17000000,65.92770000,1666399450447,True,True
39771991,15.81000000,1.09000000,17.23290000,1666399450447,True,True
39771992,15.81000000,8.23000000,130.11630000,1666399450447,True,True
39771993,15.81000000,8.96000000,141.65760000,1666399450452,True,True
39771994,15.81000000,0.65000000,10.27650000,1666399450653,False,True
39771995,15.81000000,40.00000000,632.40000000,1666399459452,False,True
39771996,15.81000000,21.78000000,344.34180000,1666399459453,False,True
39771997,15.81000000,88.29000000,1395.86490000,1666399459453,False,True
39771998,15.81000000,46.91000000,741.64710000,1666399459453,False,True
39771999,15.81000000,3.02000000,47.74620000,1666399459453,False,True
39772000,15.81000000,116.12000000,1835.85720000,1666399459453,False,True
39772001,15.81000000,9.42000000,148.93020000,1666399459454,False,True
39772002,15.81000000,30.58000000,483.46980000,1666399459454,False,True
39772003,15.81000000,40.76000000,644.41560000,1666399459455,False,True
39772004,15.81000000,19.24000000,304.18440000,1666399459455,False,True
39772005,15.81000000,21.70000000,343.07700000,1666399459456,False,True
39772006,15.81000000,18.30000000,289.32300000,1666399459456,False,True
39772007,15.81000000,1.50000000,23.71500000,1666399459457,False,True
39772008,15.81000000,12.47000000,197.15070000,1666399465003,True,True
39772009,15.82000000,35.38000000,559.71160000,1666399479227,False,True
39772010,15.82000000,5.59000000,88.43380000,1666399479230,False,True
39772011,15.82000000,11.99000000,189.68180000,1666399479231,False,True
39772012,15.82000000,9.46000000,149.65720000,1666399479232,False,True
39772013,15.82000000,15.09000000,238.72380000,1666399479232,False,True
39772014,15.82000000,9.29000000,146.96780000,1666399479233,False,True
39772015,15.82000000,25.43000000,402.30260000,1666399479235,False,True
39772016,15.83000000,29.72000000,470.46760000,1666399488955,False,True
39772017,15.83000000,21.08000000,333.69640000,1666399488955,False,True
39772018,15.83000000,2.00000000,31.66000000,1666399493644,False,True
39772019,15.83000000,4.17000000,66.01110000,1666399493644,False,True
39772020,15.83000000,3.30000000,52.23900000,1666399493644,False,True
39772021,15.84000000,4.17000000,66.05280000,1666399510817,False,True
39772022,15.84000000,3.30000000,52.27200000,1666399510817,False,True
39772023,15.84000000,13.97000000,221.28480000,1666399511080,True,True
39772024,15.84000000,0.71000000,11.24640000,1666399511170,True,True
39772025,15.84000000,25.27000000,400.27680000,1666399564105,False,True
39772026,15.84000000,5.19000000,82.20960000,1666399564105,False,True
39772027,15.84000000,2.00000000,31.68000000,1666399564105,False,True
39772028,15.85000000,5.19000000,82.26150000,1666399578969,False,True
39772029,15.84000000,14.68000000,232.53120000,1666399582884,True,True
39772030,15.84000000,5.82000000,92.18880000,1666399590790,True,True
39772031,15.84000000,0.38000000,6.01920000,1666399590790,True,True
39772032,15.84000000,12.30000000,194.83200000,1666399590790,True,True
39772033,15.84000000,10.61000000,168.06240000,1666399590790,True,True
39772034,15.84000000,1.09000000,17.26560000,1666399590800,True,True
39772035,15.84000000,12.30000000,194.83200000,1666399590800,True,True
39772036,15.84000000,1.20000000,19.00800000,1666399590851,False,True
39772037,15.84000000,12.62000000,199.90080000,1666399590948,False,True
39772038,15.83000000,35.38000000,560.06540000,1666399639202,True,True
39772039,15.83000000,1.78000000,28.17740000,1666399639325,True,True
39772040,15.83000000,6.35000000,100.52050000,1666399639325,True,True
39772041,15.82000000,3.30000000,52.20600000,1666399642193,True,True
39772042,15.82000000,1.62000000,25.62840000,1666399642193,True,True
39772043,15.82000000,10.00000000,158.20000000,1666399642193,True,True
39772044,15.82000000,4.17000000,65.96940000,1666399642193,True,True
39772045,15.82000000,3.68000000,58.21760000,1666399655070,False,True
39772046,15.82000000,23.09000000,365.28380000,1666399655070,False,True
39772047,15.82000000,39.11000000,618.72020000,1666399655665,False,True
39772048,15.82000000,26.38000000,417.33160000,1666399655667,False,True
39772049,15.82000000,15.04000000,237.93280000,1666399655667,False,True
39772050,15.82000000,5.93000000,93.81260000,1666399655679,False,True
39772051,15.82000000,17.99000000,284.60180000,1666399655683,False,True
39772052,15.82000000,0.91000000,14.39620000,1666399655683,False,True
39772053,15.82000000,3.61000000,57.11020000,1666399655683,False,True
39772054,15.82000000,3.61000000,57.11020000,1666399677231,True,True
39772055,15.81000000,60.88000000,962.51280000,1666399677254,True,True
39772056,15.81000000,81.70000000,1291.67700000,1666399677258,True,True
39772057,15.81000000,3.68000000,58.18080000,1666399677258,True,True
39772058,15.81000000,36.86000000,582.75660000,1666399677258,True,True
39772059,15.81000000,3.61000000,57.07410000,1666399695959,True,True
39772060,15.81000000,3.30000000,52.17300000,1666399695959,True,True
39772061,15.80000000,1.97000000,31.12600000,1666399710817,True,True
39772062,15.80000000,6.00000000,94.80000000,1666399710817,True,True
39772063,15.80000000,37.07000000,585.70600000,1666399710817,True,True
39772064,15.80000000,3.93000000,62.09400000,1666399710820,True,True
39772065,15.80000000,37.49000000,592.34200000,1666399710820,True,True
39772066,15.80000000,46.51000000,734.85800000,1666399710821,True,True
39772067,15.80000000,7.47000000,118.02600000,1666399710821,True,True
39772068,15.80000000,12.30000000,194.34000000,1666399710821,True,True
39772069,15.80000000,12.30000000,194.34000000,1666399710821,True,True
39772070,15.80000000,6.20000000,97.96000000,1666399710821,True,True
39772071,15.80000000,11.70000000,184.86000000,1666399710821,True,True
39772072,15.80000000,1.62000000,25.59600000,1666399710821,True,True
39772073,15.80000000,4.17000000,65.88600000,1666399710821,True,True
39772074,15.80000000,3.30000000,52.14000000,1666399710821,True,True
39772075,15.79000000,22.29000000,351.95910000,1666399710844,True,True
39772076,15.79000000,75.51000000,1192.30290000,1666399710849,True,True
39772077,15.79000000,0.96000000,15.15840000,1666399710849,True,True
39772078,15.79000000,12.69000000,200.37510000,1666399710849,True,True
39772079,15.79000000,11.16000000,176.21640000,1666399710849,True,True
39772080,15.79000000,14.08000000,222.32320000,1666399710849,True,True
39772081,15.79000000,4.80000000,75.79200000,1666399710849,True,True
39772082,15.79000000,0.91000000,14.36890000,1666399710849,True,True
39772083,15.79000000,32.14000000,507.49060000,1666399710849,True,True
39772084,15.79000000,132.94000000,2099.12260000,1666399710853,True,True
39772085,15.79000000,26.00000000,410.54000000,1666399710853,True,True
39772086,15.79000000,9.89000000,156.16310000,1666399710853,True,True
39772087,15.79000000,132.10000000,2085.85900000,1666399710853,True,True
39772088,15.79000000,84.00000000,1326.36000000,1666399710853,True,True
39772089,15.79000000,1.11000000,17.52690000,1666399710853,True,True
39772090,15.79000000,1.11000000,17.52690000,1666399710853,True,True
39772091,15.79000000,25.66000000,405.17140000,1666399710890,True,True
39772092,15.79000000,12.79000000,201.95410000,1666399710912,False,True
39772093,15.79000000,14.08000000,222.32320000,1666399711088,False,True
39772094,15.78000000,12.69000000,200.24820000,1666399713244,True,True
39772095,15.78000000,1.11000000,17.51580000,1666399713244,True,True
39772096,15.78000000,0.74000000,11.67720000,1666399713244,True,True
39772097,15.78000000,10.70000000,168.84600000,1666399713561,False,True
39772098,15.78000000,2.57000000,40.55460000,1666399713561,False,True
39772099,15.78000000,1.60000000,25.24800000,1666399713572,False,True
39772100,15.78000000,14.54000000,229.44120000,1666399713678,True,True
39772101,15.78000000,14.54000000,229.44120000,1666399713754,False,True
39772102,15.79000000,1.65000000,26.05350000,1666399713754,False,True
39772103,15.78000000,3.30000000,52.07400000,1666399714989,True,True
39772104,15.77000000,7.55000000,119.06350000,1666399714989,True,True
39772105,15.79000000,1.62000000,25.57980000,1666399716826,False,True
39772106,15.79000000,8.47000000,133.74130000,1666399717350,False,True
39772107,15.78000000,4.17000000,65.80260000,1666399724128,True,True
39772108,15.78000000,3.30000000,52.07400000,1666399724128,True,True
39772109,15.78000000,1.47000000,23.19660000,1666399724143,False,True
39772110,15.77000000,0.84000000,13.24680000,1666399741666,True,True
39772111,15.77000000,0.70000000,11.03900000,1666399741666,True,True
39772112,15.77000000,1.27000000,20.02790000,1666399741666,True,True
39772113,15.77000000,0.70000000,11.03900000,1666399741666,True,True
39772114,15.77000000,0.70000000,11.03900000,1666399741666,True,True
39772115,15.77000000,1.00000000,15.77000000,1666399741666,True,True
39772116,15.77000000,3.30000000,52.04100000,1666399741666,True,True
39772117,15.77000000,4.17000000,65.76090000,1666399741666,True,True
39772118,15.77000000,38.61000000,608.87970000,1666399747304,True,True
39772119,15.77000000,0.01000000,0.15770000,1666399747314,True,True
39772120,15.76000000,1.97000000,31.04720000,1666399750173,True,True
39772121,15.76000000,1.86000000,29.31360000,1666399750173,True,True
39772122,15.77000000,16.25000000,256.26250000,1666399779464,False,True
39772123,15.77000000,45.07000000,710.75390000,1666399779472,False,True
39772124,15.77000000,7.94000000,125.21380000,1666399779479,False,True
39772125,15.77000000,88.00000000,1387.76000000,1666399779480,False,True
39772126,15.77000000,7.35000000,115.90950000,1666399779480,False,True
39772127,15.77000000,65.45000000,1032.14650000,1666399779480,False,True
39772128,15.77000000,2.66000000,41.94820000,1666399779480,False,True
39772129,15.78000000,11.60000000,183.04800000,1666399800839,False,True
39772130,15.78000000,29.45000000,464.72100000,1666399816545,False,True
39772131,15.78000000,7.49000000,118.19220000,1666399816545,False,True
39772132,15.78000000,7.35000000,115.98300000,1666399816548,False,True
39772133,15.78000000,3.54000000,55.86120000,1666399816548,False,True
39772134,15.78000000,3.30000000,52.07400000,1666399816548,False,True
39772135,15.79000000,50.40000000,795.81600000,1666399830518,False,True
39772136,15.79000000,23.57000000,372.17030000,1666399830524,False,True
39772137,15.79000000,44.68000000,705.49720000,1666399830524,False,True
39772138,15.79000000,4.17000000,65.84430000,1666399830524,False,True
39772139,15.79000000,3.30000000,52.10700000,1666399830524,False,True
39772140,15.79000000,1.01000000,15.94790000,1666399830534,True,True
39772141,15.80000000,3.16000000,49.92800000,1666399831539,False,True
39772142,15.80000000,1.62000000,25.59600000,1666399831539,False,True
39772143,15.80000000,3.16000000,49.92800000,1666399831539,False,True
39772144,15.80000000,5.71000000,90.21800000,1666399864999,True,True
39772145,15.81000000,0.91000000,14.38710000,1666399960902,False,True
39772146,15.81000000,2.14000000,33.83340000,1666399960902,False,True
39772147,15.81000000,14.40000000,227.66400000,1666399961230,False,True
39772148,15.81000000,3.30000000,52.17300000,1666399961230,False,True
39772149,15.81000000,4.37000000,69.08970000,1666399961230,False,True
39772150,15.81000000,10.00000000,158.10000000,1666399970714,True,True
39772151,15.81000000,2.00000000,31.62000000,1666399996505,True,True
39772152,15.82000000,0.70000000,11.07400000,1666400002389,False,True
39772153,15.82000000,0.70000000,11.07400000,1666400002389,False,True
39772154,15.82000000,1.97000000,31.16540000,1666400002389,False,True
39772155,15.82000000,4.17000000,65.96940000,1666400002389,False,True
39772156,15.82000000,2.05000000,32.43100000,1666400002389,False,True
39772157,15.82000000,2.95000000,46.66900000,1666400006837,True,True
39772158,15.82000000,26.32000000,416.38240000,1666400006849,True,True
39772159,15.82000000,7.94000000,125.61080000,1666400049981,True,True
39772160,15.82000000,38.96000000,616.34720000,1666400049991,True,True
39772161,15.82000000,11.70000000,185.09400000,1666400049991,True,True
39772162,15.82000000,10.66000000,168.64120000,1666400049991,True,True
39772163,15.82000000,1.64000000,25.94480000,1666400049994,True,True
39772164,15.81000000,46.90000000,741.48900000,1666400050348,True,True
39772165,15.81000000,6.58000000,104.02980000,1666400050348,True,True
39772166,15.81000000,7.24000000,114.46440000,1666400050348,True,True
39772167,15.81000000,3.65000000,57.70650000,1666400050348,True,True
39772168,15.81000000,6.20000000,98.02200000,1666400050348,True,True
39772169,15.81000000,12.30000000,194.46300000,1666400050348,True,True
39772170,15.81000000,3.74000000,59.12940000,1666400050348,True,True
39772171,15.81000000,27.82000000,439.83420000,1666400055013,True,True
39772172,15.82000000,3.79000000,59.95780000,1666400071610,False,True
39772173,15.81000000,2.64000000,41.73840000,1666400079534,True,True
39772174,15.81000000,30.83000000,487.42230000,1666400079534,True,True
39772175,15.81000000,22.05000000,348.61050000,1666400079541,True,True
39772176,15.81000000,11.42000000,180.55020000,1666400079541,True,True
39772177,15.81000000,10.04000000,158.73240000,1666400080023,True,True
39772178,15.81000000,10.00000000,158.10000000,1666400081356,True,True
39772179,15.81000000,27.09000000,428.29290000,1666400116085,True,True
39772180,15.82000000,0.94000000,14.87080000,1666400119054,False,True
39772181,15.81000000,3.82000000,60.39420000,1666400159593,True,True
39772182,15.80000000,11.05000000,174.59000000,1666400287393,True,True
39772183,15.80000000,3.30000000,52.14000000,1666400287393,True,True
39772184,15.80000000,4.17000000,65.88600000,1666400287393,True,True
39772185,15.79000000,65.46000000,1033.61340000,1666400288486,True,True
39772186,15.79000000,11.05000000,174.47950000,1666400288486,True,True
39772187,15.79000000,12.69000000,200.37510000,1666400288486,True,True
39772188,15.79000000,6.00000000,94.74000000,1666400288486,True,True
39772189,15.79000000,0.91000000,14.36890000,1666400288486,True,True
39772190,15.78000000,3.66000000,57.75480000,1666400350212,True,True
39772191,15.78000000,4.17000000,65.80260000,1666400350212,True,True
39772192,15.78000000,3.30000000,52.07400000,1666400350212,True,True
39772193,15.79000000,93.80000000,1481.10200000,1666400375621,False,True
39772194,15.79000000,7.28000000,114.95120000,1666400375621,False,True
39772195,15.79000000,3.66000000,57.79140000,1666400375621,False,True
39772196,15.80000000,3.30000000,52.14000000,1666400401063,False,True
39772197,15.80000000,10.00000000,158.00000000,1666400401063,False,True
39772198,15.81000000,40.15000000,634.77150000,1666400401073,False,True
39772199,15.81000000,11.10000000,175.49100000,1666400401073,False,True
39772200,15.81000000,33.10000000,523.31100000,1666400401075,False,True
39772201,15.80000000,4.48000000,70.78400000,1666400401078,True,True
39772202,15.81000000,121.11000000,1914.74910000,1666400401079,False,True
39772203,15.81000000,0.91000000,14.38710000,1666400401079,False,True
39772204,15.81000000,4.17000000,65.92770000,1666400401079,False,True
39772205,15.81000000,1.62000000,25.61220000,1666400401079,False,True
39772206,15.81000000,3.16000000,49.95960000,1666400401079,False,True
39772207,15.81000000,20.00000000,316.20000000,1666400401079,False,True
39772208,15.81000000,9.91000000,156.67710000,1666400401079,False,True
39772209,15.81000000,11.08000000,175.17480000,1666400401079,False,True
39772210,15.81000000,72.92000000,1152.86520000,1666400401080,False,True
39772211,15.81000000,1.11000000,17.54910000,1666400401080,False,True
39772212,15.81000000,1.11000000,17.54910000,1666400401080,False,True
39772213,15.81000000,16.19000000,255.96390000,1666400401169,True,True
39772214,15.81000000,38.39000000,606.94590000,1666400401190,True,True
39772215,15.81000000,7.63000000,120.63030000,1666400401346,True,True
39772216,15.81000000,12.37000000,195.56970000,1666400401346,True,True
39772217,15.81000000,25.33000000,400.46730000,1666400401349,True,True
39772218,15.81000000,11.70000000,184.97700000,1666400401358,True,True
39772219,15.81000000,3.70000000,58.49700000,1666400401361,True,True
39772220,15.81000000,12.30000000,194.46300000,1666400401361,True,True
39772221,15.81000000,12.30000000,194.46300000,1666400401361,True,True
39772222,15.81000000,11.70000000,184.97700000,1666400401361,True,True
39772223,15.81000000,43.97000000,695.16570000,1666400401429,True,True
39772224,15.81000000,213.53000000,3375.90930000,1666400401434,True,True
39772225,15.81000000,52.21000000,825.44010000,1666400401457,True,True
39772226,15.81000000,42.25000000,667.97250000,1666400401488,True,True
39772227,15.81000000,8.56000000,135.33360000,1666400401576,True,True
39772228,15.81000000,30.46000000,481.57260000,1666400402308,False,True
39772229,15.81000000,20.39000000,322.36590000,1666400402348,True,True
39772230,15.81000000,20.00000000,316.20000000,1666400402350,True,True
39772231,15.81000000,3.40000000,53.75400000,1666400402361,True,True
39772232,15.82000000,2.20000000,34.80400000,1666400461190,False,True
39772233,15.82000000,2.53000000,40.02460000,1666400461190,False,True
39772234,15.82000000,0.77000000,12.18140000,1666400461304,False,True
39772235,15.82000000,4.17000000,65.96940000,1666400461304,False,True
39772236,15.82000000,0.81000000,12.81420000,1666400461304,False,True
39772237,15.82000000,0.28000000,4.42960000,1666400461309,False,True
39772238,15.82000000,1.09000000,17.24380000,1666400461309,False,True
39772239,15.82000000,1.09000000,17.24380000,1666400461309,False,True
39772240,15.82000000,50.00000000,791.00000000,1666400461309,False,True
39772241,15.82000000,30.46000000,481.87720000,1666400462269,True,True
39772242,15.82000000,8.56000000,135.41920000,1666400462269,True,True
39772243,15.82000000,62.17000000,983.52940000,1666400462269,True,True
39772244,15.82000000,12.30000000,194.58600000,1666400462269,True,True
39772245,15.82000000,12.30000000,194.58600000,1666400462269,True,True
39772246,15.82000000,11.70000000,185.09400000,1666400462269,True,True
39772247,15.82000000,12.08000000,191.10560000,1666400462269,True,True
39772248,15.82000000,3.61000000,57.11020000,1666400462269,True,True
39772249,15.82000000,2.20000000,34.80400000,1666400462269,True,True
39772250,15.82000000,28.65000000,453.24300000,1666400462300,True,True
39772251,15.82000000,6.42000000,101.56440000,1666400462316,True,True
39772252,15.82000000,5.58000000,88.27560000,1666400462316,True,True
39772253,15.81000000,0.97000000,15.33570000,1666400463358,True,True
39772254,15.82000000,10.29000000,162.78780000,1666400470046,False,True
39772255,15.82000000,13.54000000,214.20280000,1666400470073,False,True
39772256,15.82000000,14.33000000,226.70060000,1666400470083,False,True
39772257,15.83000000,3.48000000,55.08840000,1666400481324,False,True
39772258,15.83000000,3.30000000,52.23900000,1666400481324,False,True
39772259,15.83000000,7.54000000,119.35820000,1666400481324,False,True
39772260,15.83000000,6.26000000,99.09580000,1666400481337,False,True
39772261,15.83000000,2.89000000,45.74870000,1666400512517,False,True
39772262,15.83000000,60.29000000,954.39070000,1666400512517,False,True
39772263,15.83000000,14.79000000,234.12570000,1666400512742,True,True
39772264,15.83000000,8.94000000,141.52020000,1666400512742,True,True
39772265,15.83000000,28.65000000,453.52950000,1666400512752,True,True
39772266,15.83000000,2.26000000,35.77580000,1666400512803,True,True
39772267,15.82000000,49.58000000,784.35560000,1666400525087,True,True
39772268,15.82000000,1.67000000,26.41940000,1666400525087,True,True
39772269,15.82000000,98.60000000,1559.85200000,1666400525091,True,True
39772270,15.82000000,21.40000000,338.54800000,1666400525091,True,True
39772271,15.82000000,62.60000000,990.33200000,1666400525091,True,True
39772272,15.82000000,1.11000000,17.56020000,1666400525091,True,True
39772273,15.82000000,8.36000000,132.25520000,1666400525091,True,True
39772274,15.82000000,3.94000000,62.33080000,1666400525095,True,True
39772275,15.82000000,11.70000000,185.09400000,1666400525095,True,True
39772276,15.82000000,6.20000000,98.08400000,1666400525095,True,True
39772277,15.82000000,12.30000000,194.58600000,1666400525095,True,True
39772278,15.82000000,7.60000000,120.23200000,1666400525259,False,True
39772279,15.81000000,4.17000000,65.92770000,1666400539323,True,True
39772280,15.81000000,3.30000000,52.17300000,1666400539323,True,True
39772281,15.81000000,5.37000000,84.89970000,1666400539323,True,True
39772282,15.80000000,44.00000000,695.20000000,1666400573712,True,True
39772283,15.80000000,3.30000000,52.14000000,1666400573721,True,True
39772284,15.80000000,4.17000000,65.88600000,1666400573721,True,True
39772285,15.80000000,12.30000000,194.34000000,1666400573721,True,True
39772286,15.80000000,11.70000000,184.86000000,1666400573721,True,True
39772287,15.80000000,12.30000000,194.34000000,1666400573721,True,True
39772288,15.80000000,6.20000000,97.96000000,1666400573721,True,True
39772289,15.80000000,3.73000000,58.93400000,1666400573750,False,True
39772290,15.80000000,2.36000000,37.28800000,1666400573776,False,True
39772291,15.80000000,2.36000000,37.28800000,1666400573830,False,True
39772292,15.80000000,7.24000000,114.39200000,1666400609213,False,True
39772293,15.80000000,23.07000000,364.50600000,1666400609213,False,True
39772294,15.80000000,2.00000000,31.60000000,1666400612492,False,True
39772295,15.79000000,3.30000000,52.10700000,1666400630783,True,True
39772296,15.79000000,3.96000000,62.52840000,1666400630783,True,True
39772297,15.78000000,0.91000000,14.35980000,1666400666496,True,True
39772298,15.78000000,3.30000000,52.07400000,1666400666496,True,True
39772299,15.78000000,4.17000000,65.80260000,1666400666496,True,True
39772300,15.78000000,18.25000000,287.98500000,1666400666496,True,True
39772301,15.78000000,3.85000000,60.75300000,1666400680765,False,True
39772302,15.77000000,0.70000000,11.03900000,1666400688163,True,True
39772303,15.77000000,0.70000000,11.03900000,1666400688163,True,True
39772304,15.77000000,12.69000000,200.12130000,1666400688163,True,True
39772305,15.77000000,22.65000000,357.19050000,1666400688163,True,True
39772306,15.77000000,188.36000000,2970.43720000,1666400688163,True,True
39772307,15.77000000,3.39000000,53.46030000,1666400688163,True,True
39772308,15.77000000,3.30000000,52.04100000,1666400688163,True,True
39772309,15.77000000,11.63000000,183.40510000,1666400688163,True,True
39772310,15.77000000,0.07000000,1.10390000,1666400688174,True,True
39772311,15.77000000,5.72000000,90.20440000,1666400688174,True,True
39772312,15.77000000,6.58000000,103.76660000,1666400688176,True,True
39772313,15.77000000,2.17000000,34.22090000,1666400688176,True,True
39772314,15.77000000,2.00000000,31.54000000,1666400688179,True,True
39772315,15.77000000,1.45000000,22.86650000,1666400688179,True,True
39772316,15.77000000,23.83000000,375.79910000,1666400688179,True,True
39772317,15.77000000,23.82000000,375.64140000,1666400699336,False,True
39772318,15.77000000,26.61000000,419.63970000,1666400699336,False,True
39772319,15.77000000,2.44000000,38.47880000,1666400699336,False,True
39772320,15.77000000,16.86000000,265.88220000,1666400699336,False,True
39772321,15.77000000,44.07000000,694.98390000,1666400705819,False,True
39772322,15.77000000,1.90000000,29.96300000,1666400705819,False,True
39772323,15.77000000,37.78000000,595.79060000,1666400705824,False,True
39772324,15.78000000,3.41000000,53.80980000,1666400706588,False,True
39772325,15.78000000,2.90000000,45.76200000,1666400706588,False,True
39772326,15.78000000,3.30000000,52.07400000,1666400706588,False,True
39772327,15.78000000,4.17000000,65.80260000,1666400706588,False,True
39772328,15.78000000,7.83000000,123.55740000,1666400706588,False,True
39772329,15.79000000,21.16000000,334.11640000,1666400707906,False,True
39772330,15.79000000,2.50000000,39.47500000,1666400710045,False,True
39772331,15.78000000,53.41000000,842.80980000,1666400711740,True,True
39772332,15.78000000,9.63000000,151.96140000,1666400711766,True,True
39772333,15.78000000,9.63000000,151.96140000,1666400711766,True,True
39772334,15.78000000,11.20000000,176.73600000,1666400711766,True,True
39772335,15.78000000,9.63000000,151.96140000,1666400711768,True,True
39772336,15.78000000,57.56000000,908.29680000,1666400711782,True,True
39772337,15.78000000,5.06000000,79.84680000,1666400713204,False,True
39772338,15.78000000,20.76000000,327.59280000,1666400717100,True,True
39772339,15.79000000,2.02000000,31.89580000,1666400721928,False,True
39772340,15.78000000,9.70000000,153.06600000,1666400743993,True,True
39772341,15.78000000,49.04000000,773.85120000,1666400743993,True,True
39772342,15.78000000,6.20000000,97.83600000,1666400743993,True,True
39772343,15.78000000,7.52000000,118.66560000,1666400790818,True,True
39772344,15.78000000,2.34000000,36.92520000,1666400790818,True,True
39772345,15.78000000,7.45000000,117.56100000,1666400790998,True,True
39772346,15.78000000,7.83000000,123.55740000,1666400800898,True,True
39772347,15.78000000,23.82000000,375.87960000,1666400800898,True,True
39772348,15.78000000,15.26000000,240.80280000,1666400806046,False,True
39772349,15.78000000,0.56000000,8.83680000,1666400806046,False,True
39772350,15.78000000,15.82000000,249.63960000,1666400808039,False,True
39772351,15.78000000,15.82000000,249.63960000,1666400809034,False,True
39772352,15.77000000,0.87000000,13.71990000,1666400830155,True,True
39772353,15.78000000,31.64000000,499.27920000,1666400876466,False,True
39772354,15.78000000,100.01000000,1578.15780000,1666400876466,False,True
39772355,15.78000000,27.28000000,430.47840000,1666400876467,False,True
39772356,15.78000000,24.07000000,379.82460000,1666400876468,False,True
39772357,15.78000000,5.59000000,88.21020000,1666400876469,False,True
39772358,15.78000000,54.46000000,859.37880000,1666400876469,False,True
39772359,15.79000000,21.65000000,341.85350000,1666400882617,False,True
39772360,15.79000000,16.23000000,256.27170000,1666400885630,False,True
39772361,15.79000000,12.17000000,192.16430000,1666400888610,False,True
39772362,15.79000000,35.45000000,559.75550000,1666400889009,False,True
39772363,15.79000000,8.64000000,136.42560000,1666400889256,False,True
39772364,15.79000000,26.37000000,416.38230000,1666400889262,False,True
39772365,15.79000000,10.00000000,157.90000000,1666400891635,False,True
39772366,15.79000000,1.07000000,16.89530000,1666400892799,False,True
39772367,15.79000000,0.39000000,6.15810000,1666400892799,False,True
39772368,15.79000000,3.21000000,50.68590000,1666400892865,False,True
39772369,15.79000000,10.00000000,157.90000000,1666400894688,False,True
39772370,15.79000000,655.11000000,10344.18690000,1666400895066,False,True
39772371,15.79000000,88.36000000,1395.20440000,1666400897797,True,True
39772372,15.79000000,28.65000000,452.38350000,1666400897797,True,True
39772373,15.78000000,25.69000000,405.38820000,1666400906426,True,True
39772374,15.78000000,33.23000000,524.36940000,1666400906426,True,True
39772375,15.78000000,6.20000000,97.83600000,1666400906427,True,True
39772376,15.78000000,88.28000000,1393.05840000,1666400906427,True,True
39772377,15.78000000,2.92000000,46.07760000,1666400941098,False,True
39772378,15.77000000,22.95000000,361.92150000,1666400950169,True,True
39772379,15.77000000,3.30000000,52.04100000,1666400950169,True,True
39772380,15.77000000,5.82000000,91.78140000,1666400950169,True,True
39772381,15.77000000,2.92000000,46.04840000,1666400950169,True,True
