39565039,15.66000000,0.95000000,14.87700000,1665705603360,False,True
39565040,15.65000000,1.09000000,17.05850000,1665705604986,True,True
39565041,15.65000000,36.54000000,571.85100000,1665705604986,True,True
39565042,15.64000000,11.16000000,174.54240000,1665705604986,True,True
39565043,15.64000000,2.78000000,43.47920000,1665705604986,True,True
39565044,15.66000000,31.97000000,500.65020000,1665705619385,False,True
39565045,15.66000000,2.42000000,37.89720000,1665705630556,False,True
39565046,15.66000000,1.35000000,21.14100000,1665705635452,False,True
39565047,15.66000000,2.42000000,37.89720000,1665705636644,False,True
39565048,15.66000000,2.42000000,37.89720000,1665705637545,False,True
39565049,15.66000000,10.00000000,156.60000000,1665705637827,False,True
39565050,15.65000000,1.09000000,17.05850000,1665705662855,True,True
39565051,15.65000000,0.89000000,13.92850000,1665705662855,True,True
39565052,15.65000000,0.64000000,10.01600000,1665705662855,True,True
39565053,15.65000000,3.02000000,47.26300000,1665705662855,True,True
39565054,15.65000000,22.21000000,347.58650000,1665705662855,True,True
39565055,15.65000000,35.34000000,553.07100000,1665705662855,True,True
39565056,15.65000000,16.18000000,253.21700000,1665705662855,True,True
39565057,15.64000000,1.09000000,17.04760000,1665705663720,True,True
39565058,15.66000000,5.00000000,78.30000000,1665705694409,False,True
39565059,15.66000000,0.65000000,10.17900000,1665705701701,False,True
39565060,15.66000000,2.99000000,46.82340000,1665705776057,False,True
39565061,15.66000000,0.78000000,12.21480000,1665705779463,False,True
39565062,15.66000000,1.10000000,17.22600000,1665705793569,False,True
39565063,15.66000000,3.48000000,54.49680000,1665705800884,False,True
39565064,15.66000000,0.76000000,11.90160000,1665705819623,False,True
39565065,15.66000000,2.74000000,42.90840000,1665705847909,False,True
39565066,15.66000000,2.00000000,31.32000000,1665705850895,False,True
39565067,15.65000000,1.09000000,17.05850000,1665705884738,True,True
39565068,15.65000000,1.04000000,16.27600000,1665705884738,True,True
39565069,15.66000000,4.40000000,68.90400000,1665705903229,False,True
39565070,15.66000000,2.69000000,42.12540000,1665705903229,False,True
39565071,15.66000000,7.14000000,111.81240000,1665705903239,False,True
39565072,15.66000000,35.50000000,555.93000000,1665705903708,False,True
39565073,15.66000000,7.05000000,110.40300000,1665705903721,False,True
39565074,15.66000000,1.44000000,22.55040000,1665705903738,False,True
39565075,15.66000000,8.10000000,126.84600000,1665705903738,False,True
39565076,15.66000000,4.06000000,63.57960000,1665705903791,False,True
39565077,15.66000000,16.01000000,250.71660000,1665705903791,False,True
39565078,15.66000000,10.78000000,168.81480000,1665705903791,False,True
39565079,15.66000000,8.76000000,137.18160000,1665705903791,False,True
39565080,15.66000000,29.54000000,462.59640000,1665705903791,False,True
39565081,15.66000000,18.82000000,294.72120000,1665705903799,False,True
39565082,15.66000000,30.43000000,476.53380000,1665705903799,False,True
39565083,15.67000000,19.54000000,306.19180000,1665705911107,False,True
39565084,15.67000000,1.46000000,22.87820000,1665705911107,False,True
39565085,15.67000000,51.52000000,807.31840000,1665705911107,False,True
39565086,15.67000000,117.54000000,1841.85180000,1665705911107,False,True
39565087,15.67000000,4.97000000,77.87990000,1665705947850,False,True
39565088,15.67000000,1.46000000,22.87820000,1665705962328,False,True
39565089,15.67000000,0.96000000,15.04320000,1665705962328,False,True
39565090,15.67000000,46.71000000,731.94570000,1665705962428,False,True
39565091,15.67000000,7.94000000,124.41980000,1665705962596,True,True
39565092,15.68000000,3.30000000,51.74400000,1665705966682,False,True
39565093,15.68000000,3.19000000,50.01920000,1665705966682,False,True
39565094,15.68000000,13.86000000,217.32480000,1665705966682,False,True
39565095,15.68000000,0.25000000,3.92000000,1665705966683,False,True
39565096,15.68000000,12.50000000,196.00000000,1665705966683,False,True
39565097,15.68000000,1.46000000,22.89280000,1665705966683,False,True
39565098,15.68000000,16.54000000,259.34720000,1665705966780,False,True
39565099,15.68000000,11.80000000,185.02400000,1665705966788,False,True
39565100,15.68000000,39.50000000,619.36000000,1665705966866,False,True
39565101,15.68000000,5.35000000,83.88800000,1665705966892,False,True
39565102,15.69000000,11.16000000,175.10040000,1665705966977,False,True
39565103,15.69000000,4.87000000,76.41030000,1665705966977,False,True
39565104,15.69000000,12.74000000,199.89060000,1665705966977,False,True
39565105,15.69000000,0.69000000,10.82610000,1665705966977,False,True
39565106,15.69000000,2.13000000,33.41970000,1665705966977,False,True
39565107,15.69000000,93.31000000,1464.03390000,1665705966977,False,True
39565108,15.69000000,2.42000000,37.96980000,1665705969841,True,True
39565109,15.69000000,2.42000000,37.96980000,1665705970449,True,True
39565110,15.69000000,45.68000000,716.71920000,1665705971586,True,True
39565111,15.69000000,12.40000000,194.55600000,1665705971586,True,True
39565112,15.69000000,14.70000000,230.64300000,1665705971586,True,True
39565113,15.69000000,18.60000000,291.83400000,1665705971586,True,True
39565114,15.69000000,12.40000000,194.55600000,1665705982335,True,True
39565115,15.69000000,46.46000000,728.95740000,1665705982335,True,True
39565116,15.69000000,9.23000000,144.81870000,1665705982335,True,True
39565117,15.69000000,60.17000000,944.06730000,1665705982365,True,True
39565118,15.69000000,18.60000000,291.83400000,1665705982385,True,True
39565119,15.69000000,14.70000000,230.64300000,1665705982385,True,True
39565120,15.69000000,36.79000000,577.23510000,1665705982385,True,True
39565121,15.69000000,1.49000000,23.37810000,1665705983723,True,True
39565122,15.70000000,1.30000000,20.41000000,1665706035526,False,True
39565123,15.69000000,12.40000000,194.55600000,1665706052416,True,True
39565124,15.69000000,21.56000000,338.27640000,1665706052416,True,True
39565125,15.69000000,18.08000000,283.67520000,1665706052416,True,True
39565126,15.69000000,7.15000000,112.18350000,1665706052425,True,True
39565127,15.69000000,14.05000000,220.44450000,1665706052427,True,True
39565128,15.69000000,1.74000000,27.30060000,1665706052432,True,True
39565129,15.69000000,1.09000000,17.10210000,1665706052432,True,True
39565130,15.69000000,4.34000000,68.09460000,1665706052432,True,True
39565131,15.69000000,10.36000000,162.54840000,1665706052435,True,True
39565132,15.69000000,0.14000000,2.19660000,1665706052435,True,True
39565133,15.69000000,18.46000000,289.63740000,1665706052435,True,True
39565134,15.69000000,12.30000000,192.98700000,1665706052435,True,True
39565135,15.69000000,12.30000000,192.98700000,1665706052435,True,True
39565136,15.69000000,11.70000000,183.57300000,1665706052435,True,True
39565137,15.69000000,1.09000000,17.10210000,1665706052435,True,True
39565138,15.69000000,6.20000000,97.27800000,1665706052435,True,True
39565139,15.69000000,0.64000000,10.04160000,1665706052435,True,True
39565140,15.68000000,21.56000000,338.06080000,1665706060676,True,True
39565141,15.68000000,33.04000000,518.06720000,1665706060676,True,True
39565142,15.67000000,1.46000000,22.87820000,1665706093589,True,True
39565143,15.67000000,10.86000000,170.17620000,1665706093589,True,True
39565144,15.68000000,1.89000000,29.63520000,1665706112293,False,True
39565145,15.67000000,1.32000000,20.68440000,1665706150402,True,True
39565146,15.67000000,1.09000000,17.08030000,1665706150402,True,True
39565147,15.67000000,1.09000000,17.08030000,1665706150402,True,True
39565148,15.67000000,2.53000000,39.64510000,1665706150402,True,True
39565149,15.67000000,14.70000000,230.34900000,1665706150402,True,True
39565150,15.67000000,18.60000000,291.46200000,1665706150402,True,True
39565151,15.67000000,12.40000000,194.30800000,1665706150402,True,True
39565152,15.67000000,12.30000000,192.74100000,1665706150402,True,True
39565153,15.67000000,11.70000000,183.33900000,1665706150402,True,True
39565154,15.67000000,12.30000000,192.74100000,1665706150402,True,True
39565155,15.67000000,8.54000000,133.82180000,1665706150486,True,True
39565156,15.66000000,3.30000000,51.67800000,1665706153070,True,True
39565157,15.66000000,1.46000000,22.86360000,1665706153070,True,True
39565158,15.66000000,18.60000000,291.27600000,1665706153070,True,True
39565159,15.65000000,3.30000000,51.64500000,1665706155978,True,True
39565160,15.65000000,3.55000000,55.55750000,1665706156341,True,True
39565161,15.64000000,8.43000000,131.84520000,1665706156341,True,True
39565162,15.65000000,3.55000000,55.55750000,1665706156376,True,True
39565163,15.65000000,6.38000000,99.84700000,1665706195784,True,True
39565164,15.65000000,1.09000000,17.05850000,1665706202987,True,True
39565165,15.65000000,1.09000000,17.05850000,1665706202987,True,True
39565166,15.65000000,3.30000000,51.64500000,1665706202987,True,True
39565167,15.65000000,14.49000000,226.76850000,1665706202987,True,True
39565168,15.65000000,4.11000000,64.32150000,1665706203104,True,True
39565169,15.65000000,14.70000000,230.05500000,1665706203104,True,True
39565170,15.65000000,12.40000000,194.06000000,1665706203104,True,True
39565171,15.65000000,18.60000000,291.09000000,1665706203104,True,True
39565172,15.65000000,12.30000000,192.49500000,1665706203104,True,True
39565173,15.65000000,11.70000000,183.10500000,1665706203104,True,True
39565174,15.65000000,12.30000000,192.49500000,1665706203104,True,True
39565175,15.65000000,4.05000000,63.38250000,1665706203104,True,True
39565176,15.65000000,6.20000000,97.03000000,1665706203104,True,True
39565177,15.65000000,1.46000000,22.84900000,1665706207791,True,True
39565178,15.65000000,8.07000000,126.29550000,1665706207864,False,True
39565179,15.64000000,15.29000000,239.13560000,1665706212565,True,True
39565180,15.64000000,40.00000000,625.60000000,1665706212586,True,True
39565181,15.64000000,180.00000000,2815.20000000,1665706212590,True,True
39565182,15.64000000,20.00000000,312.80000000,1665706212593,True,True
39565183,15.64000000,9.97000000,155.93080000,1665706212595,True,True
39565184,15.64000000,100.00000000,1564.00000000,1665706212598,True,True
39565185,15.64000000,20.00000000,312.80000000,1665706212600,True,True
39565186,15.64000000,20.00000000,312.80000000,1665706212601,True,True
39565187,15.64000000,60.00000000,938.40000000,1665706212602,True,True
39565188,15.64000000,96.39000000,1507.53960000,1665706212605,True,True
39565189,15.64000000,6.70000000,104.78800000,1665706212606,True,True
39565190,15.64000000,20.00000000,312.80000000,1665706212606,True,True
39565191,15.64000000,38.09000000,595.72760000,1665706212606,True,True
39565192,15.64000000,0.69000000,10.79160000,1665706212606,True,True
39565193,15.64000000,6.00000000,93.84000000,1665706212606,True,True
39565194,15.64000000,0.84000000,13.13760000,1665706212606,True,True
39565195,15.64000000,2.46000000,38.47440000,1665706212607,True,True
39565196,15.64000000,1.46000000,22.83440000,1665706212607,True,True
39565197,15.64000000,2.36000000,36.91040000,1665706212607,True,True
39565198,15.64000000,12.34000000,192.99760000,1665706212610,True,True
39565199,15.63000000,0.91000000,14.22330000,1665706217857,True,True
39565200,15.63000000,0.91000000,14.22330000,1665706217857,True,True
39565201,15.63000000,2.55000000,39.85650000,1665706217857,True,True
39565202,15.63000000,1.11000000,17.34930000,1665706217857,True,True
39565203,15.63000000,1.11000000,17.34930000,1665706217857,True,True
39565204,15.63000000,0.06000000,0.93780000,1665706217857,True,True
39565205,15.63000000,18.60000000,290.71800000,1665706217910,True,True
39565206,15.63000000,12.40000000,193.81200000,1665706217910,True,True
39565207,15.63000000,12.30000000,192.24900000,1665706217910,True,True
39565208,15.63000000,6.20000000,96.90600000,1665706217910,True,True
39565209,15.63000000,12.30000000,192.24900000,1665706217910,True,True
39565210,15.63000000,11.70000000,182.87100000,1665706217910,True,True
39565211,15.63000000,0.38000000,5.93940000,1665706217910,True,True
39565212,15.63000000,35.11000000,548.76930000,1665706223898,False,True
39565213,15.63000000,34.88000000,545.17440000,1665706223909,False,True
39565214,15.63000000,6.82000000,106.59660000,1665706223910,False,True
39565215,15.63000000,7.15000000,111.75450000,1665706223911,False,True
39565216,15.63000000,38.36000000,599.56680000,1665706223926,False,True
39565217,15.63000000,5.39000000,84.24570000,1665706223932,False,True
39565218,15.63000000,27.01000000,422.16630000,1665706224008,False,True
39565219,15.63000000,27.01000000,422.16630000,1665706234612,True,True
39565220,15.63000000,68.32000000,1067.84160000,1665706234612,True,True
39565221,15.63000000,255.35000000,3991.12050000,1665706234612,True,True
39565222,15.63000000,1.09000000,17.03670000,1665706234612,True,True
39565223,15.63000000,1.09000000,17.03670000,1665706234612,True,True
39565224,15.63000000,7.88000000,123.16440000,1665706234612,True,True
39565225,15.63000000,44.44000000,694.59720000,1665706234612,True,True
39565226,15.63000000,81.00000000,1266.03000000,1665706234612,True,True
39565227,15.63000000,14.70000000,229.76100000,1665706234612,True,True
39565228,15.63000000,6.20000000,96.90600000,1665706234612,True,True
39565229,15.63000000,11.70000000,182.87100000,1665706234612,True,True
39565230,15.63000000,18.60000000,290.71800000,1665706234612,True,True
39565231,15.63000000,12.30000000,192.24900000,1665706234612,True,True
39565232,15.63000000,12.30000000,192.24900000,1665706234612,True,True
39565233,15.63000000,8.62000000,134.73060000,1665706234612,True,True
39565234,15.63000000,1.11000000,17.34930000,1665706234612,True,True
39565235,15.63000000,1.11000000,17.34930000,1665706234612,True,True
39565236,15.63000000,18.60000000,290.71800000,1665706234612,True,True
39565237,15.63000000,7.02000000,109.72260000,1665706234623,False,True
39565238,15.63000000,7.31000000,114.25530000,1665706235335,False,True
39565239,15.63000000,30.95000000,483.74850000,1665706235517,False,True
39565240,15.63000000,6.85000000,107.06550000,1665706235520,False,True
39565241,15.63000000,41.70000000,651.77100000,1665706253547,True,True
39565242,15.63000000,26.67000000,416.85210000,1665706253548,True,True
39565243,15.63000000,2.86000000,44.70180000,1665706253548,True,True
39565244,15.63000000,12.40000000,193.81200000,1665706253548,True,True
39565245,15.63000000,1.11000000,17.34930000,1665706253548,True,True
39565246,15.63000000,1.11000000,17.34930000,1665706253548,True,True
39565247,15.63000000,12.30000000,192.24900000,1665706253548,True,True
39565248,15.63000000,14.70000000,229.76100000,1665706253548,True,True
39565249,15.63000000,6.20000000,96.90600000,1665706253548,True,True
39565250,15.63000000,10.84000000,169.42920000,1665706253548,True,True
39565251,15.63000000,1.46000000,22.81980000,1665706253549,True,True
39565252,15.63000000,11.70000000,182.87100000,1665706253549,True,True
39565253,15.63000000,13.51000000,211.16130000,1665706253549,True,True
39565254,15.63000000,5.09000000,79.55670000,1665706253552,True,True
39565255,15.63000000,18.60000000,290.71800000,1665706253552,True,True
39565256,15.63000000,2.09000000,32.66670000,1665706253552,True,True
39565257,15.63000000,2.50000000,39.07500000,1665706253580,True,True
39565258,15.63000000,2.47000000,38.60610000,1665706253604,True,True
39565259,15.63000000,35.20000000,550.17600000,1665706257055,False,True
39565260,15.64000000,36.08000000,564.29120000,1665706267113,False,True
39565261,15.64000000,6.58000000,102.91120000,1665706267114,False,True
39565262,15.64000000,20.81000000,325.46840000,1665706267114,False,True
39565263,15.64000000,7.43000000,116.20520000,1665706267123,False,True
39565264,15.64000000,26.74000000,418.21360000,1665706267125,False,True
39565265,15.64000000,20.55000000,321.40200000,1665706267125,False,True
39565266,15.64000000,21.53000000,336.72920000,1665706267125,False,True
39565267,15.64000000,89.31000000,1396.80840000,1665706267125,False,True
39565268,15.65000000,2.55000000,39.90750000,1665706270714,False,True
39565269,15.65000000,3.74000000,58.53100000,1665706270714,False,True
39565270,15.64000000,18.60000000,290.90400000,1665706285761,True,True
39565271,15.64000000,18.60000000,290.90400000,1665706285761,True,True
39565272,15.64000000,14.70000000,229.90800000,1665706285761,True,True
39565273,15.64000000,12.40000000,193.93600000,1665706285761,True,True
39565274,15.64000000,12.30000000,192.37200000,1665706285761,True,True
39565275,15.64000000,46.90000000,733.51600000,1665706285761,True,True
39565276,15.64000000,12.30000000,192.37200000,1665706285761,True,True
39565277,15.64000000,6.20000000,96.96800000,1665706285761,True,True
39565278,15.64000000,14.70000000,229.90800000,1665706295285,True,True
39565279,15.64000000,5.98000000,93.52720000,1665706303217,True,True
39565280,15.64000000,43.87000000,686.12680000,1665706303217,True,True
39565281,15.64000000,32.20000000,503.60800000,1665706303839,False,True
39565282,15.63000000,1.46000000,22.81980000,1665706307513,True,True
39565283,15.63000000,12.30000000,192.24900000,1665706307513,True,True
39565284,15.63000000,34.30000000,536.10900000,1665706307513,True,True
39565285,15.63000000,16.82000000,262.89660000,1665706307517,True,True
39565286,15.63000000,18.69000000,292.12470000,1665706307517,True,True
39565287,15.63000000,22.92000000,358.23960000,1665706307523,True,True
39565288,15.63000000,64.57000000,1009.22910000,1665706307531,True,True
39565289,15.63000000,34.74000000,542.98620000,1665706321624,False,True
39565290,15.63000000,35.06000000,547.98780000,1665706324217,False,True
39565291,15.63000000,6.28000000,98.15640000,1665706324638,False,True
39565292,15.63000000,6.56000000,102.53280000,1665706324647,False,True
39565293,15.63000000,1.10000000,17.19300000,1665706325679,True,True
39565294,15.64000000,2.42000000,37.84880000,1665706336833,True,True
39565295,15.64000000,2.42000000,37.84880000,1665706336881,True,True
39565296,15.64000000,2.42000000,37.84880000,1665706343394,True,True
39565297,15.64000000,14.70000000,229.90800000,1665706347597,True,True
39565298,15.64000000,18.60000000,290.90400000,1665706347597,True,True
39565299,15.64000000,18.54000000,289.96560000,1665706347597,True,True
39565300,15.63000000,7.07000000,110.50410000,1665706363027,True,True
39565301,15.63000000,5.23000000,81.74490000,1665706363030,True,True
39565302,15.62000000,3.44000000,53.73280000,1665706377216,True,True
39565303,15.62000000,0.18000000,2.81160000,1665706377216,True,True
39565304,15.62000000,140.94000000,2201.48280000,1665706380384,True,True
39565305,15.62000000,14.31000000,223.52220000,1665706380384,True,True
39565306,15.62000000,0.69000000,10.77780000,1665706380384,True,True
39565307,15.62000000,24.06000000,375.81720000,1665706380384,True,True
39565308,15.62000000,13.20000000,206.18400000,1665706382151,True,True
39565309,15.62000000,5.24000000,81.84880000,1665706413501,True,True
39565310,15.63000000,6.98000000,109.09740000,1665706444047,False,True
39565311,15.63000000,5.23000000,81.74490000,1665706444069,False,True
39565312,15.63000000,1.18000000,18.44340000,1665706444080,False,True
39565313,15.63000000,18.60000000,290.71800000,1665706446154,True,True
39565314,15.63000000,14.70000000,229.76100000,1665706446154,True,True
39565315,15.63000000,18.60000000,290.71800000,1665706446154,True,True
39565316,15.63000000,61.15000000,955.77450000,1665706446154,True,True
39565317,15.63000000,8.52000000,133.16760000,1665706446154,True,True
39565318,15.63000000,3.88000000,60.64440000,1665706446176,True,True
39565319,15.63000000,12.30000000,192.24900000,1665706446176,True,True
39565320,15.63000000,12.30000000,192.24900000,1665706446176,True,True
39565321,15.63000000,3.94000000,61.58220000,1665706446176,True,True
39565322,15.63000000,2.26000000,35.32380000,1665706458682,True,True
39565323,15.63000000,3.95000000,61.73850000,1665706458682,True,True
39565324,15.64000000,1.49000000,23.30360000,1665706459645,False,True
39565325,15.64000000,10.00000000,156.40000000,1665706460275,False,True
39565326,15.64000000,10.00000000,156.40000000,1665706460372,False,True
39565327,15.64000000,1.49000000,23.30360000,1665706466509,False,True
39565328,15.63000000,39.86000000,623.01180000,1665706471991,True,True
39565329,15.63000000,18.60000000,290.71800000,1665706471991,True,True
39565330,15.63000000,8.31000000,129.88530000,1665706471991,True,True
39565331,15.64000000,0.70000000,10.94800000,1665706472612,False,True
39565332,15.63000000,6.99000000,109.25370000,1665706480177,True,True
39565333,15.63000000,3.30000000,51.57900000,1665706480197,True,True
39565334,15.63000000,14.70000000,229.76100000,1665706480197,True,True
39565335,15.63000000,12.30000000,192.24900000,1665706480197,True,True
39565336,15.63000000,18.60000000,290.71800000,1665706480197,True,True
39565337,15.63000000,2.42000000,37.82460000,1665706481611,False,True
39565338,15.63000000,10.00000000,156.30000000,1665706498577,False,True
39565339,15.63000000,2.81000000,43.92030000,1665706498675,False,True
39565340,15.63000000,7.19000000,112.37970000,1665706498806,False,True
39565341,15.63000000,4.19000000,65.48970000,1665706509633,True,True
39565342,15.64000000,5.49000000,85.86360000,1665706516014,False,True
39565343,15.64000000,10.55000000,165.00200000,1665706516262,False,True
39565344,15.64000000,6.93000000,108.38520000,1665706516303,False,True
39565345,15.64000000,10.00000000,156.40000000,1665706518380,False,True
39565346,15.64000000,18.60000000,290.90400000,1665706533466,True,True
39565347,15.64000000,14.70000000,229.90800000,1665706533466,True,True
39565348,15.64000000,16.94000000,264.94160000,1665706533466,True,True
39565349,15.64000000,18.24000000,285.27360000,1665706533466,True,True
39565350,15.64000000,18.60000000,290.90400000,1665706533466,True,True
39565351,15.64000000,49.67000000,776.83880000,1665706533466,True,True
39565352,15.64000000,12.40000000,193.93600000,1665706533466,True,True
39565353,15.64000000,2.69000000,42.07160000,1665706533466,True,True
39565354,15.64000000,12.30000000,192.37200000,1665706533466,True,True
39565355,15.64000000,12.30000000,192.37200000,1665706533466,True,True
39565356,15.63000000,1.09000000,17.03670000,1665706561668,True,True
39565357,15.63000000,1.09000000,17.03670000,1665706561668,True,True
39565358,15.63000000,7.69000000,120.19470000,1665706561668,True,True
39565359,15.63000000,10.55000000,164.89650000,1665706561668,True,True
39565360,15.63000000,21.53000000,336.51390000,1665706561668,True,True
39565361,15.63000000,0.53000000,8.28390000,1665706561668,True,True
39565362,15.63000000,1.00000000,15.63000000,1665706561793,True,True
39565363,15.64000000,1.84000000,28.77760000,1665706567217,False,True
39565364,15.63000000,5.20000000,81.27600000,1665706569106,True,True
39565365,15.63000000,12.40000000,193.81200000,1665706569106,True,True
39565366,15.63000000,18.60000000,290.71800000,1665706569106,True,True
39565367,15.63000000,41.42000000,647.39460000,1665706569106,True,True
39565368,15.63000000,1.46000000,22.81980000,1665706569106,True,True
39565369,15.63000000,45.22000000,706.78860000,1665706569106,True,True
39565370,15.63000000,2.42000000,37.82460000,1665706569277,False,True
39565371,15.63000000,2.42000000,37.82460000,1665706569344,False,True
39565372,15.63000000,9.97000000,155.83110000,1665706598885,False,True
39565373,15.63000000,14.29000000,223.35270000,1665706603875,False,True
39565374,15.62000000,2.50000000,39.05000000,1665706623667,True,True
39565375,15.62000000,0.76000000,11.87120000,1665706623667,True,True
39565376,15.62000000,0.91000000,14.21420000,1665706623667,True,True
39565377,15.62000000,0.91000000,14.21420000,1665706623667,True,True
39565378,15.62000000,3.30000000,51.54600000,1665706623667,True,True
39565379,15.62000000,18.60000000,290.53200000,1665706623667,True,True
39565380,15.62000000,12.40000000,193.68800000,1665706623667,True,True
39565381,15.62000000,1.46000000,22.80520000,1665706623667,True,True
39565382,15.62000000,14.70000000,229.61400000,1665706623667,True,True
39565383,15.62000000,12.30000000,192.12600000,1665706623667,True,True
39565384,15.62000000,1.76000000,27.49120000,1665706623667,True,True
39565385,15.62000000,16.84000000,263.04080000,1665706623678,True,True
39565386,15.62000000,12.30000000,192.12600000,1665706623678,True,True
39565387,15.62000000,6.20000000,96.84400000,1665706623678,True,True
39565388,15.62000000,4.74000000,74.03880000,1665706625065,False,True
39565389,15.61000000,1.34000000,20.91740000,1665706625089,True,True
39565390,15.61000000,5.07000000,79.14270000,1665706625089,True,True
39565391,15.62000000,7.49000000,116.99380000,1665706626238,False,True
39565392,15.62000000,2.54000000,39.67480000,1665706635301,False,True
39565393,15.62000000,7.56000000,118.08720000,1665706637555,False,True
39565394,15.62000000,18.60000000,290.53200000,1665706657802,True,True
39565395,15.62000000,14.70000000,229.61400000,1665706657802,True,True
39565396,15.62000000,12.30000000,192.12600000,1665706657802,True,True
39565397,15.62000000,12.30000000,192.12600000,1665706657802,True,True
39565398,15.62000000,6.20000000,96.84400000,1665706657802,True,True
39565399,15.62000000,12.40000000,193.68800000,1665706657802,True,True
39565400,15.62000000,44.29000000,691.80980000,1665706657802,True,True
39565401,15.63000000,7.17000000,112.06710000,1665706676155,False,True
39565402,15.63000000,3.38000000,52.82940000,1665706676155,False,True
39565403,15.63000000,19.68000000,307.59840000,1665706685671,True,True
39565404,15.63000000,26.83000000,419.35290000,1665706685671,True,True
39565405,15.63000000,39.39000000,615.66570000,1665706685680,True,True
39565406,15.63000000,3.23000000,50.48490000,1665706685680,True,True
39565407,15.63000000,9.07000000,141.76410000,1665706685683,True,True
39565408,15.63000000,14.70000000,229.76100000,1665706685683,True,True
39565409,15.63000000,12.40000000,193.81200000,1665706685683,True,True
39565410,15.63000000,18.60000000,290.71800000,1665706685683,True,True
39565411,15.63000000,18.60000000,290.71800000,1665706685683,True,True
39565412,15.63000000,1.09000000,17.03670000,1665706685683,True,True
39565413,15.63000000,12.30000000,192.24900000,1665706685683,True,True
39565414,15.63000000,6.20000000,96.90600000,1665706685683,True,True
39565415,15.63000000,2.09000000,32.66670000,1665706685683,True,True
39565416,15.63000000,2.09000000,32.66670000,1665706688692,False,True
39565417,15.63000000,13.20000000,206.31600000,1665706688692,False,True
39565418,15.62000000,18.60000000,290.53200000,1665706738890,True,True
39565419,15.62000000,12.40000000,193.68800000,1665706738890,True,True
39565420,15.62000000,1.46000000,22.80520000,1665706738890,True,True
39565421,15.62000000,1.00000000,15.62000000,1665706738890,True,True
39565422,15.62000000,1.67000000,26.08540000,1665706738890,True,True
39565423,15.62000000,6.90000000,107.77800000,1665706738945,True,True
39565424,15.62000000,2.73000000,42.64260000,1665706739050,True,True
39565425,15.62000000,1.89000000,29.52180000,1665706740097,False,True
39565426,15.62000000,6.88000000,107.46560000,1665706742395,False,True
39565427,15.62000000,2.73000000,42.64260000,1665706742407,False,True
39565428,15.62000000,12.84000000,200.56080000,1665706742413,False,True
39565429,15.62000000,36.37000000,568.09940000,1665706743001,False,True
39565430,15.62000000,35.59000000,555.91580000,1665706743004,False,True
39565431,15.62000000,6.14000000,95.90680000,1665706743005,False,True
39565432,15.62000000,6.05000000,94.50100000,1665706743016,False,True
39565433,15.62000000,8.76000000,136.83120000,1665706743023,False,True
39565434,15.62000000,78.10000000,1219.92200000,1665706743024,False,True
39565435,15.62000000,0.67000000,10.46540000,1665706763516,True,True
39565436,15.62000000,12.30000000,192.12600000,1665706789256,True,True
39565437,15.62000000,18.60000000,290.53200000,1665706789256,True,True
39565438,15.62000000,14.70000000,229.61400000,1665706789256,True,True
39565439,15.62000000,12.30000000,192.12600000,1665706789256,True,True
39565440,15.62000000,6.20000000,96.84400000,1665706789256,True,True
39565441,15.62000000,11.23000000,175.41260000,1665706789256,True,True
39565442,15.62000000,7.89000000,123.24180000,1665706789256,True,True
39565443,15.63000000,1.62000000,25.32060000,1665706807972,False,True
39565444,15.63000000,4.65000000,72.67950000,1665706808473,False,True
39565445,15.63000000,1.95000000,30.47850000,1665706808790,False,True
39565446,15.63000000,1.98000000,30.94740000,1665706808790,False,True
39565447,15.63000000,6.38000000,99.71940000,1665706808794,False,True
39565448,15.64000000,58.49000000,914.78360000,1665706825917,False,True
39565449,15.64000000,5.44000000,85.08160000,1665706825917,False,True
39565450,15.64000000,9.00000000,140.76000000,1665706831858,False,True
39565451,15.64000000,3.80000000,59.43200000,1665706867698,False,True
39565452,15.64000000,6.20000000,96.96800000,1665706867698,False,True
39565453,15.64000000,10.00000000,156.40000000,1665706867780,False,True
39565454,15.64000000,10.00000000,156.40000000,1665706868311,False,True
39565455,15.64000000,612.54000000,9580.12560000,1665706868727,False,True
39565456,15.64000000,1.46000000,22.83440000,1665706868727,False,True
39565457,15.65000000,3.30000000,51.64500000,1665706873644,False,True
39565458,15.65000000,9.98000000,156.18700000,1665706873644,False,True
39565459,15.65000000,10.00000000,156.50000000,1665706874335,False,True
39565460,15.65000000,2.59000000,40.53350000,1665706874513,False,True
39565461,15.65000000,7.41000000,115.96650000,1665706874600,False,True
39565462,15.65000000,5.28000000,82.63200000,1665706874615,False,True
39565463,15.65000000,1.46000000,22.84900000,1665706874615,False,True
39565464,15.65000000,15.81000000,247.42650000,1665706887227,True,True
39565465,15.66000000,5.90000000,92.39400000,1665706922208,False,True
39565466,15.66000000,5.73000000,89.73180000,1665706922223,False,True
39565467,15.66000000,15.00000000,234.90000000,1665706922266,False,True
39565468,15.66000000,17.48000000,273.73680000,1665706922284,False,True
39565469,15.66000000,170.63000000,2672.06580000,1665706922309,False,True
39565470,15.66000000,32.33000000,506.28780000,1665706922309,False,True
39565471,15.66000000,26.84000000,420.31440000,1665706922309,False,True
39565472,15.66000000,3.19000000,49.95540000,1665706922309,False,True
39565473,15.66000000,3.30000000,51.67800000,1665706922309,False,True
39565474,15.66000000,1.46000000,22.86360000,1665706922309,False,True
39565475,15.66000000,18.60000000,291.27600000,1665706929789,True,True
39565476,15.66000000,11.36000000,177.89760000,1665706929789,True,True
39565477,15.66000000,7.24000000,113.37840000,1665706929866,True,True
39565478,15.66000000,2.76000000,43.22160000,1665706929866,True,True
39565479,15.66000000,11.94000000,186.98040000,1665706929917,True,True
39565480,15.66000000,1.47000000,23.02020000,1665706929917,True,True
39565481,15.66000000,9.91000000,155.19060000,1665706929917,True,True
39565482,15.66000000,5.27000000,82.52820000,1665706943695,True,True
39565483,15.66000000,1.52000000,23.80320000,1665706943695,True,True
39565484,15.66000000,13.65000000,213.75900000,1665706943695,True,True
39565485,15.66000000,4.95000000,77.51700000,1665706943749,True,True
39565486,15.66000000,50.34000000,788.32440000,1665706971347,True,True
39565487,15.66000000,40.47000000,633.76020000,1665706971347,True,True
39565488,15.66000000,84.00000000,1315.44000000,1665706971348,True,True
39565489,15.66000000,28.08000000,439.73280000,1665706971349,True,True
39565490,15.66000000,0.95000000,14.87700000,1665706971349,True,True
39565491,15.66000000,3.60000000,56.37600000,1665707034553,False,True
39565492,15.66000000,11.27000000,176.48820000,1665707042887,False,True
39565493,15.66000000,78.12000000,1223.35920000,1665707042891,False,True
39565494,15.66000000,5.88000000,92.08080000,1665707042891,False,True
39565495,15.66000000,6.26000000,98.03160000,1665707042939,True,True
39565496,15.66000000,19.99000000,313.04340000,1665707052863,True,True
39565497,15.66000000,8.29000000,129.82140000,1665707054682,True,True
39565498,15.66000000,9.65000000,151.11900000,1665707090823,True,True
39565499,15.66000000,11.72000000,183.53520000,1665707090823,True,True
39565500,15.66000000,2.98000000,46.66680000,1665707092809,True,True
39565501,15.66000000,18.39000000,287.98740000,1665707092809,True,True
39565502,15.66000000,0.21000000,3.28860000,1665707093810,True,True
39565503,15.66000000,21.16000000,331.36560000,1665707093810,True,True
39565504,15.67000000,3.30000000,51.71100000,1665707108898,False,True
39565505,15.67000000,1.45000000,22.72150000,1665707108898,False,True
39565506,15.67000000,40.71000000,637.92570000,1665707108974,False,True
39565507,15.67000000,21.17000000,331.73390000,1665707108981,False,True
39565508,15.67000000,2.09000000,32.75030000,1665707109186,True,True
39565509,15.67000000,0.96000000,15.04320000,1665707109805,True,True
39565510,15.67000000,19.40000000,303.99800000,1665707113664,True,True
39565511,15.67000000,2.42000000,37.92140000,1665707140691,True,True
39565512,15.67000000,5.30000000,83.05100000,1665707187981,True,True
39565513,15.67000000,21.17000000,331.73390000,1665707187981,True,True
39565514,15.67000000,12.05000000,188.82350000,1665707187981,True,True
39565515,15.67000000,2.42000000,37.92140000,1665707201966,True,True
39565516,15.68000000,3.19000000,50.01920000,1665707236928,False,True
39565517,15.68000000,2.08000000,32.61440000,1665707236928,False,True
39565518,15.68000000,1.11000000,17.40480000,1665707237033,False,True
39565519,15.68000000,3.30000000,51.74400000,1665707237033,False,True
39565520,15.68000000,1.46000000,22.89280000,1665707237033,False,True
39565521,15.68000000,6.97000000,109.28960000,1665707237033,False,True
39565522,15.68000000,15.97000000,250.40960000,1665707256505,True,True
39565523,15.68000000,3.27000000,51.27360000,1665707256505,True,True
39565524,15.68000000,18.29000000,286.78720000,1665707256540,True,True
39565525,15.68000000,1.37000000,21.48160000,1665707256540,True,True
39565526,15.68000000,0.73000000,11.44640000,1665707257005,True,True
39565527,15.68000000,0.73000000,11.44640000,1665707257008,True,True
39565528,15.68000000,0.73000000,11.44640000,1665707257009,True,True
39565529,15.68000000,0.73000000,11.44640000,1665707257009,True,True
39565530,15.68000000,0.73000000,11.44640000,1665707257010,True,True
39565531,15.68000000,0.73000000,11.44640000,1665707257011,True,True
39565532,15.68000000,2.23000000,34.96640000,1665707257045,True,True
39565533,15.68000000,2.23000000,34.96640000,1665707257045,True,True
39565534,15.68000000,2.23000000,34.96640000,1665707257045,True,True
39565535,15.68000000,2.23000000,34.96640000,1665707257045,True,True
39565536,15.68000000,0.03000000,0.47040000,1665707257327,True,True
39565537,15.68000000,2.30000000,36.06400000,1665707257327,True,True
39565538,15.68000000,6.69000000,104.89920000,1665707257333,True,True
39565539,15.68000000,9.61000000,150.68480000,1665707257420,True,True
39565540,15.68000000,18.60000000,291.64800000,1665707257420,True,True
39565541,15.68000000,0.43000000,6.74240000,1665707257420,True,True
39565542,15.68000000,1.67000000,26.18560000,1665707257854,True,True
39565543,15.68000000,1.67000000,26.18560000,1665707257854,True,True
39565544,15.68000000,1.67000000,26.18560000,1665707257855,True,True
39565545,15.68000000,1.67000000,26.18560000,1665707257857,True,True
39565546,15.68000000,1.67000000,26.18560000,1665707257857,True,True
39565547,15.68000000,1.67000000,26.18560000,1665707257860,True,True
39565548,15.68000000,5.05000000,79.18400000,1665707258979,True,True
39565549,15.68000000,0.70000000,10.97600000,1665707258979,True,True
39565550,15.68000000,12.84000000,201.33120000,1665707283044,True,True
39565551,15.68000000,24.00000000,376.32000000,1665707298942,True,True
39565552,15.69000000,0.69000000,10.82610000,1665707310370,False,True
39565553,15.69000000,3.30000000,51.77700000,1665707310370,False,True
39565554,15.69000000,9.21000000,144.50490000,1665707310370,False,True
39565555,15.69000000,1.46000000,22.90740000,1665707310370,False,True
39565556,15.69000000,30.49000000,478.38810000,1665707310370,False,True
39565557,15.69000000,29.84000000,468.18960000,1665707310381,False,True
39565558,15.69000000,8.49000000,133.20810000,1665707310381,False,True
39565559,15.69000000,2.41000000,37.81290000,1665707324933,False,True
39565560,15.69000000,2.42000000,37.96980000,1665707352243,False,True
39565561,15.69000000,4.24000000,66.52560000,1665707403097,True,True
39565562,15.70000000,3.18000000,49.92600000,1665707408945,False,True
39565563,15.70000000,21.56000000,338.49200000,1665707408945,False,True
39565564,15.70000000,3.30000000,51.81000000,1665707408945,False,True
39565565,15.70000000,6.20000000,97.34000000,1665707408945,False,True
39565566,15.70000000,61.20000000,960.84000000,1665707408945,False,True
39565567,15.70000000,1.09000000,17.11300000,1665707408945,False,True
39565568,15.70000000,1.09000000,17.11300000,1665707408945,False,True
39565569,15.70000000,1.09000000,17.11300000,1665707408945,False,True
39565570,15.70000000,1.11000000,17.42700000,1665707408945,False,True
39565571,15.70000000,1.11000000,17.42700000,1665707408945,False,True
39565572,15.70000000,0.96000000,15.07200000,1665707408945,False,True
39565573,15.70000000,3.28000000,51.49600000,1665707411122,False,True
39565574,15.70000000,76.72000000,1204.50400000,1665707411122,False,True
39565575,15.70000000,7.70000000,120.89000000,1665707411305,False,True
39565576,15.70000000,1.11000000,17.42700000,1665707411340,False,True
39565577,15.70000000,1.11000000,17.42700000,1665707411340,False,True
39565578,15.70000000,14.70000000,230.79000000,1665707413837,True,True
39565579,15.70000000,15.50000000,243.35000000,1665707413837,True,True
39565580,15.70000000,18.60000000,292.02000000,1665707413837,True,True
39565581,15.70000000,50.00000000,785.00000000,1665707413837,True,True
39565582,15.70000000,18.60000000,292.02000000,1665707413837,True,True
39565583,15.70000000,0.73000000,11.46100000,1665707413837,True,True
39565584,15.70000000,9.44000000,148.20800000,1665707413837,True,True
39565585,15.70000000,1.09000000,17.11300000,1665707414603,True,True
39565586,15.71000000,1.10000000,17.28100000,1665707415024,False,True
39565587,15.70000000,33.98000000,533.48600000,1665707425230,True,True
39565588,15.70000000,14.35000000,225.29500000,1665707425230,True,True
39565589,15.70000000,7.14000000,112.09800000,1665707425240,True,True
39565590,15.70000000,38.83000000,609.63100000,1665707425252,True,True
39565591,15.70000000,15.50000000,243.35000000,1665707425252,True,True
39565592,15.70000000,0.65000000,10.20500000,1665707425252,True,True
39565593,15.70000000,16.57000000,260.14900000,1665707442362,False,True
39565594,15.69000000,29.29000000,459.56010000,1665707549185,True,True
39565595,15.69000000,21.51000000,337.49190000,1665707549185,True,True
39565596,15.69000000,1.09000000,17.10210000,1665707549185,True,True
39565597,15.69000000,1.09000000,17.10210000,1665707549185,True,True
39565598,15.69000000,21.56000000,338.27640000,1665707549185,True,True
39565599,15.69000000,18.60000000,291.83400000,1665707549185,True,True
39565600,15.69000000,14.70000000,230.64300000,1665707549185,True,True
39565601,15.69000000,10.88000000,170.70720000,1665707549185,True,True
39565602,15.69000000,6.90000000,108.26100000,1665707549240,True,True
39565603,15.69000000,7.24000000,113.59560000,1665707549250,True,True
39565604,15.69000000,41.94000000,658.03860000,1665707549290,True,True
39565605,15.69000000,61.22000000,960.54180000,1665707549290,True,True
39565606,15.69000000,0.65000000,10.19850000,1665707549329,False,True
39565607,15.69000000,15.79000000,247.74510000,1665707549360,False,True
39565608,15.69000000,4.28000000,67.15320000,1665707550005,False,True
39565609,15.69000000,61.28000000,961.48320000,1665707550466,True,True
39565610,15.69000000,31.85000000,499.72650000,1665707550466,True,True
39565611,15.69000000,7.59000000,119.08710000,1665707551261,True,True
39565612,15.69000000,5.67000000,88.96230000,1665707570325,True,True
39565613,15.70000000,14.63000000,229.69100000,1665707588343,False,True
39565614,15.70000000,7.14000000,112.09800000,1665707588345,False,True
39565615,15.70000000,38.55000000,605.23500000,1665707588354,False,True
39565616,15.70000000,1.66000000,26.06200000,1665707588354,False,True
39565617,15.70000000,10.61000000,166.57700000,1665707588354,False,True
39565618,15.70000000,14.47000000,227.17900000,1665707588354,False,True
39565619,15.70000000,7.21000000,113.19700000,1665707588367,False,True
39565620,15.70000000,10.75000000,168.77500000,1665707588414,False,True
39565621,15.70000000,2.06000000,32.34200000,1665707588414,False,True
39565622,15.70000000,2.04000000,32.02800000,1665707588586,False,True
39565623,15.70000000,7.49000000,117.59300000,1665707588669,True,True
39565624,15.70000000,5.51000000,86.50700000,1665707588669,True,True
39565625,15.70000000,7.24000000,113.66800000,1665707618785,True,True
39565626,15.70000000,7.14000000,112.09800000,1665707618788,True,True
39565627,15.70000000,2.11000000,33.12700000,1665707618789,True,True
39565628,15.70000000,20.00000000,314.00000000,1665707618825,True,True
39565629,15.70000000,20.00000000,314.00000000,1665707618827,True,True
39565630,15.70000000,40.34000000,633.33800000,1665707618828,True,True
39565631,15.70000000,20.00000000,314.00000000,1665707618831,True,True
39565632,15.70000000,2.73000000,42.86100000,1665707618838,True,True
39565633,15.70000000,14.70000000,230.79000000,1665707618838,True,True
39565634,15.70000000,18.60000000,292.02000000,1665707618838,True,True
39565635,15.70000000,15.50000000,243.35000000,1665707618838,True,True
39565636,15.70000000,8.47000000,132.97900000,1665707618838,True,True
39565637,15.70000000,120.00000000,1884.00000000,1665707618839,True,True
39565638,15.70000000,58.33000000,915.78100000,1665707618840,True,True
39565639,15.70000000,135.99000000,2135.04300000,1665707618840,True,True
39565640,15.70000000,53.68000000,842.77600000,1665707618840,True,True
39565641,15.70000000,20.00000000,314.00000000,1665707618841,True,True
39565642,15.70000000,20.00000000,314.00000000,1665707618843,True,True
39565643,15.70000000,20.00000000,314.00000000,1665707618846,True,True
39565644,15.70000000,40.00000000,628.00000000,1665707618847,True,True
39565645,15.70000000,26.45000000,415.26500000,1665707618849,True,True
39565646,15.70000000,1.01000000,15.85700000,1665707637287,False,True
39565647,15.70000000,3.18000000,49.92600000,1665707642212,False,True
39565648,15.71000000,3.30000000,51.84300000,1665707691579,False,True
39565649,15.71000000,20.09000000,315.61390000,1665707691579,False,True
39565650,15.71000000,1.45000000,22.77950000,1665707691613,False,True
39565651,15.71000000,2.01000000,31.57710000,1665707691613,False,True
39565652,15.71000000,1.09000000,17.12390000,1665707691613,False,True
39565653,15.71000000,1.09000000,17.12390000,1665707691613,False,True
39565654,15.71000000,1.50000000,23.56500000,1665707691613,False,True
39565655,15.71000000,2.41000000,37.86110000,1665707691639,False,True
39565656,15.71000000,2.29000000,35.97590000,1665707691760,False,True
39565657,15.71000000,1.46000000,22.93660000,1665707691760,False,True
39565658,15.71000000,13.21000000,207.52910000,1665707698085,True,True
39565659,15.72000000,1.28000000,20.12160000,1665707702250,False,True
39565660,15.72000000,11.70000000,183.92400000,1665707702250,False,True
39565661,15.72000000,12.30000000,193.35600000,1665707702250,False,True
39565662,15.72000000,12.30000000,193.35600000,1665707702250,False,True
39565663,15.72000000,3.30000000,51.87600000,1665707702250,False,True
39565664,15.72000000,1.46000000,22.95120000,1665707702250,False,True
39565665,15.72000000,1.09000000,17.13480000,1665707702250,False,True
39565666,15.72000000,4.07000000,63.98040000,1665707702250,False,True
39565667,15.72000000,40.08000000,630.05760000,1665707702305,False,True
39565668,15.72000000,4.80000000,75.45600000,1665707702319,False,True
39565669,15.72000000,0.63000000,9.90360000,1665707717682,False,True
39565670,15.72000000,1.09000000,17.13480000,1665707721043,False,True
39565671,15.72000000,168.91000000,2655.26520000,1665707721043,False,True
39565672,15.72000000,1.60000000,25.15200000,1665707751823,False,True
39565673,15.72000000,3.30000000,51.87600000,1665707751823,False,True
39565674,15.72000000,1.42000000,22.32240000,1665707751823,False,True
39565675,15.72000000,0.04000000,0.62880000,1665707751826,False,True
39565676,15.72000000,1.09000000,17.13480000,1665707751826,False,True
39565677,15.72000000,1.09000000,17.13480000,1665707751826,False,True
39565678,15.73000000,12.65000000,198.98450000,1665707753951,False,True
39565679,15.73000000,0.80000000,12.58400000,1665707753951,False,True
39565680,15.73000000,5.75000000,90.44750000,1665707753951,False,True
39565681,15.73000000,3.56000000,55.99880000,1665707753951,False,True
39565682,15.73000000,17.01000000,267.56730000,1665707753951,False,True
39565683,15.73000000,48.76000000,766.99480000,1665707753951,False,True
39565684,15.73000000,23.28000000,366.19440000,1665707753964,False,True
39565685,15.73000000,18.77000000,295.25210000,1665707753964,False,True
39565686,15.73000000,15.13000000,237.99490000,1665707753972,False,True
39565687,15.72000000,1.09000000,17.13480000,1665707818488,True,True
39565688,15.73000000,3.18000000,50.02140000,1665707820678,False,True
39565689,15.73000000,6.20000000,97.52600000,1665707820678,False,True
39565690,15.73000000,3.30000000,51.90900000,1665707820678,False,True
39565691,15.73000000,1.46000000,22.96580000,1665707820678,False,True
39565692,15.73000000,2.41000000,37.90930000,1665707820750,True,True
39565693,15.73000000,2.41000000,37.90930000,1665707820813,True,True
39565694,15.73000000,2.41000000,37.90930000,1665707823977,True,True
39565695,15.73000000,3.67000000,57.72910000,1665707824163,True,True
39565696,15.73000000,7.14000000,112.31220000,1665707824452,True,True
39565697,15.73000000,2.41000000,37.90930000,1665707829088,True,True
39565698,15.73000000,1.48000000,23.28040000,1665707830178,True,True
39565699,15.73000000,18.60000000,292.57800000,1665707831642,True,True
39565700,15.73000000,7.74000000,121.75020000,1665707831642,True,True
39565701,15.73000000,6.96000000,109.48080000,1665707831651,True,True
39565702,15.73000000,15.50000000,243.81500000,1665707831651,True,True
39565703,15.73000000,1.08000000,16.98840000,1665707831651,True,True
39565704,15.73000000,50.12000000,788.38760000,1665707832048,True,True
39565705,15.73000000,9.12000000,143.45760000,1665707832049,True,True
39565706,15.73000000,106.09000000,1668.79570000,1665707832049,True,True
39565707,15.73000000,44.42000000,698.72660000,1665707834477,False,True
39565708,15.73000000,5.70000000,89.66100000,1665707834477,False,True
39565709,15.73000000,59.69000000,938.92370000,1665707834477,False,True
39565710,15.73000000,59.72000000,939.39560000,1665707834477,False,True
39565711,15.73000000,35.39000000,556.68470000,1665707834477,False,True
39565712,15.73000000,1.11000000,17.46030000,1665707834477,False,True
39565713,15.73000000,1.11000000,17.46030000,1665707834477,False,True
39565714,15.73000000,6.20000000,97.52600000,1665707834477,False,True
39565715,15.73000000,1.09000000,17.14570000,1665707834477,False,True
39565716,15.73000000,12.30000000,193.47900000,1665707834477,False,True
39565717,15.73000000,12.40000000,195.05200000,1665707834477,False,True
39565718,15.73000000,12.30000000,193.47900000,1665707834477,False,True
39565719,15.73000000,11.70000000,184.04100000,1665707834477,False,True
39565720,15.73000000,10.64000000,167.36720000,1665707834477,False,True
39565721,15.73000000,1.09000000,17.14570000,1665707834477,False,True
39565722,15.73000000,81.00000000,1274.13000000,1665707834477,False,True
39565723,15.74000000,7.31000000,115.05940000,1665707834480,False,True
39565724,15.74000000,11.19000000,176.13060000,1665707834492,False,True
39565725,15.74000000,5.88000000,92.55120000,1665707834492,False,True
39565726,15.74000000,4.02000000,63.27480000,1665707834492,False,True
39565727,15.74000000,8.80000000,138.51200000,1665707834492,False,True
39565728,15.74000000,1.46000000,22.98040000,1665707834492,False,True
39565729,15.74000000,3.30000000,51.94200000,1665707834492,False,True
39565730,15.74000000,5.24000000,82.47760000,1665707834492,False,True
39565731,15.74000000,65.47000000,1030.49780000,1665707834500,False,True
39565732,15.74000000,39.89000000,627.86860000,1665707834500,False,True
39565733,15.74000000,97.18000000,1529.61320000,1665707834501,False,True
39565734,15.74000000,60.32000000,949.43680000,1665707834501,False,True
39565735,15.74000000,20.68000000,325.50320000,1665707834540,False,True
39565736,15.74000000,2.52000000,39.66480000,1665707834579,True,True
39565737,15.74000000,2.41000000,37.93340000,1665707834630,True,True
39565738,15.74000000,4.73000000,74.45020000,1665707834748,True,True
39565739,15.74000000,7.97000000,125.44780000,1665707834748,True,True
39565740,15.75000000,0.69000000,10.86750000,1665707836738,False,True
39565741,15.75000000,1.16000000,18.27000000,1665707836738,False,True
39565742,15.75000000,0.10000000,1.57500000,1665707836840,False,True
39565743,15.75000000,1.27000000,20.00250000,1665707836840,False,True
39565744,15.75000000,8.75000000,137.81250000,1665707836840,False,True
39565745,15.75000000,1.89000000,29.76750000,1665707837308,False,True
39565746,15.75000000,3.17000000,49.92750000,1665707839798,False,True
39565747,15.75000000,3.30000000,51.97500000,1665707839798,False,True
39565748,15.75000000,1.46000000,22.99500000,1665707839798,False,True
39565749,15.75000000,2.41000000,37.95750000,1665707839887,True,True
39565750,15.75000000,195.07000000,3072.35250000,1665707844566,True,True
39565751,15.75000000,15.50000000,244.12500000,1665707844566,True,True
39565752,15.75000000,18.60000000,292.95000000,1665707844566,True,True
39565753,15.75000000,14.70000000,231.52500000,1665707844566,True,True
39565754,15.75000000,42.24000000,665.28000000,1665707844566,True,True
39565755,15.75000000,47.19000000,743.24250000,1665707844566,True,True
39565756,15.75000000,60.32000000,950.04000000,1665707847059,False,True
39565757,15.75000000,197.48000000,3110.31000000,1665707847059,False,True
39565758,15.75000000,25.45000000,400.83750000,1665707847059,False,True
39565759,15.75000000,25.45000000,400.83750000,1665707847068,False,True
39565760,15.75000000,3.56000000,56.07000000,1665707847070,False,True
39565761,15.75000000,21.89000000,344.76750000,1665707847082,False,True
39565762,15.75000000,3.56000000,56.07000000,1665707847082,False,True
39565763,15.75000000,21.89000000,344.76750000,1665707847084,False,True
39565764,15.75000000,25.44000000,400.68000000,1665707847094,False,True
39565765,15.75000000,1.97000000,31.02750000,1665707852639,True,True
39565766,15.75000000,1.93000000,30.39750000,1665707852641,True,True
39565767,15.75000000,1.32000000,20.79000000,1665707852644,True,True
39565768,15.75000000,1.31000000,20.63250000,1665707852645,True,True
39565769,15.75000000,1.09000000,17.16750000,1665707864165,True,True
39565770,15.76000000,1.09000000,17.17840000,1665707864575,False,True
39565771,15.75000000,18.60000000,292.95000000,1665707918400,True,True
39565772,15.75000000,14.70000000,231.52500000,1665707918400,True,True
39565773,15.75000000,43.36000000,682.92000000,1665707918400,True,True
39565774,15.75000000,15.50000000,244.12500000,1665707918400,True,True
39565775,15.75000000,36.13000000,569.04750000,1665707918400,True,True
39565776,15.75000000,4.58000000,72.13500000,1665707918573,True,True
39565777,15.76000000,1.91000000,30.10160000,1665707923256,False,True
39565778,15.76000000,7.95000000,125.29200000,1665707923256,False,True
39565779,15.76000000,1.26000000,19.85760000,1665707923256,False,True
39565780,15.75000000,19.00000000,299.25000000,1665707946479,True,True
39565781,15.75000000,31.00000000,488.25000000,1665707946479,True,True
39565782,15.75000000,12.69000000,199.86750000,1665707959059,True,True
39565783,15.75000000,10.00000000,157.50000000,1665707964063,True,True
39565784,15.75000000,14.98000000,235.93500000,1665707964178,True,True
39565785,15.75000000,10.00000000,157.50000000,1665707964580,True,True
39565786,15.75000000,5.79000000,91.19250000,1665707964680,True,True
39565787,15.75000000,3.38000000,53.23500000,1665707964778,True,True
39565788,15.75000000,14.98000000,235.93500000,1665707964965,True,True
39565789,15.75000000,34.24000000,539.28000000,1665707965460,True,True
39565790,15.75000000,52.70000000,830.02500000,1665707965460,True,True
39565791,15.75000000,21.51000000,338.78250000,1665707965460,True,True
39565792,15.75000000,51.42000000,809.86500000,1665707965460,True,True
39565793,15.75000000,14.70000000,231.52500000,1665707965460,True,True
39565794,15.75000000,18.60000000,292.95000000,1665707965460,True,True
39565795,15.75000000,0.50000000,7.87500000,1665707965460,True,True
39565796,15.74000000,5.21000000,82.00540000,1665707969796,True,True
39565797,15.74000000,35.34000000,556.25160000,1665707969803,True,True
39565798,15.74000000,59.69000000,939.52060000,1665707969803,True,True
39565799,15.74000000,102.82000000,1618.38680000,1665707969803,True,True
39565800,15.74000000,21.53000000,338.88220000,1665707969826,True,True
39565801,15.74000000,81.00000000,1274.94000000,1665707969826,True,True
39565802,15.74000000,7.56000000,118.99440000,1665707981122,False,True
39565803,15.74000000,59.76000000,940.62240000,1665707987676,True,True
39565804,15.74000000,24.24000000,381.53760000,1665707987676,True,True
39565805,15.74000000,12.70000000,199.89800000,1665707987950,True,True
39565806,15.74000000,3.13000000,49.26620000,1665707987963,True,True
39565807,15.74000000,62.77000000,987.99980000,1665707987963,True,True
39565808,15.74000000,18.60000000,292.76400000,1665707987963,True,True
39565809,15.74000000,14.70000000,231.37800000,1665707987963,True,True
39565810,15.73000000,25.13000000,395.29490000,1665708031227,True,True
39565811,15.73000000,23.58000000,370.91340000,1665708031246,True,True
39565812,15.73000000,11.71000000,184.19830000,1665708031256,True,True
39565813,15.73000000,14.28000000,224.62440000,1665708031256,True,True
39565814,15.73000000,28.39000000,446.57470000,1665708031256,True,True
39565815,15.73000000,16.48000000,259.23040000,1665708031256,True,True
39565816,15.73000000,56.01000000,881.03730000,1665708031256,True,True
39565817,15.73000000,43.10000000,677.96300000,1665708035703,True,True
39565818,15.73000000,55.83000000,878.20590000,1665708035703,True,True
39565819,15.73000000,15.50000000,243.81500000,1665708035703,True,True
39565820,15.73000000,14.70000000,231.23100000,1665708035703,True,True
39565821,15.73000000,18.60000000,292.57800000,1665708035703,True,True
39565822,15.73000000,1.46000000,22.96580000,1665708035703,True,True
39565823,15.72000000,59.78000000,939.74160000,1665708036747,True,True
39565824,15.72000000,2.12000000,33.32640000,1665708036747,True,True
39565825,15.72000000,3.30000000,51.87600000,1665708036747,True,True
39565826,15.72000000,6.00000000,94.32000000,1665708036747,True,True
39565827,15.72000000,18.60000000,292.39200000,1665708036747,True,True
39565828,15.72000000,4.89000000,76.87080000,1665708036747,True,True
39565829,15.72000000,25.62000000,402.74640000,1665708036756,True,True
39565830,15.72000000,11.11000000,174.64920000,1665708043029,True,True
39565831,15.72000000,18.60000000,292.39200000,1665708115398,True,True
39565832,15.72000000,14.70000000,231.08400000,1665708115398,True,True
39565833,15.72000000,47.98000000,754.24560000,1665708115398,True,True
39565834,15.72000000,18.60000000,292.39200000,1665708124728,True,True
39565835,15.72000000,47.58000000,747.95760000,1665708124728,True,True
39565836,15.72000000,43.07000000,677.06040000,1665708132842,False,True
39565837,15.72000000,60.32000000,948.23040000,1665708132842,False,True
39565838,15.72000000,28.57000000,449.12040000,1665708132842,False,True
39565839,15.71000000,3.30000000,51.84300000,1665708155327,True,True
39565840,15.71000000,1.46000000,22.93660000,1665708155327,True,True
39565841,15.71000000,18.60000000,292.20600000,1665708155327,True,True
39565842,15.71000000,14.70000000,230.93700000,1665708155327,True,True
39565843,15.71000000,15.50000000,243.50500000,1665708155327,True,True
39565844,15.71000000,60.32000000,947.62720000,1665708155327,True,True
39565845,15.71000000,2.10000000,32.99100000,1665708184045,False,True
39565846,15.70000000,0.90000000,14.13000000,1665708195801,True,True
39565847,15.70000000,5.47000000,85.87900000,1665708196133,True,True
39565848,15.70000000,6.00000000,94.20000000,1665708196133,True,True
39565849,15.70000000,13.61000000,213.67700000,1665708196133,True,True
39565850,15.70000000,4.99000000,78.34300000,1665708202738,True,True
39565851,15.70000000,5.01000000,78.65700000,1665708202738,True,True
39565852,15.70000000,10.00000000,157.00000000,1665708202967,True,True
39565853,15.70000000,3.59000000,56.36300000,1665708202997,True,True
39565854,15.70000000,14.70000000,230.79000000,1665708202997,True,True
39565855,15.70000000,7.74000000,121.51800000,1665708202997,True,True
39565856,15.70000000,13.80000000,216.66000000,1665708203012,True,True
39565857,15.70000000,10.00000000,157.00000000,1665708205661,True,True
39565858,15.70000000,3.37000000,52.90900000,1665708207675,True,True
39565859,15.70000000,34.22000000,537.25400000,1665708207694,True,True
39565860,15.70000000,43.04000000,675.72800000,1665708253386,False,True
39565861,15.70000000,3.90000000,61.23000000,1665708259905,True,True
39565862,15.70000000,0.98000000,15.38600000,1665708259978,True,True
39565863,15.70000000,5.21000000,81.79700000,1665708260067,True,True
39565864,15.70000000,5.11000000,80.22700000,1665708260129,True,True
39565865,15.70000000,5.02000000,78.81400000,1665708260332,True,True
39565866,15.70000000,4.81000000,75.51700000,1665708260380,True,True
39565867,15.70000000,4.48000000,70.33600000,1665708260474,True,True
39565868,15.70000000,4.48000000,70.33600000,1665708260538,True,True
39565869,15.70000000,4.18000000,65.62600000,1665708260608,True,True
39565870,15.70000000,3.58000000,56.20600000,1665708260665,True,True
39565871,15.70000000,1.67000000,26.21900000,1665708260737,True,True
39565872,15.70000000,1.91000000,29.98700000,1665708260737,True,True
39565873,15.70000000,3.09000000,48.51300000,1665708260931,True,True
39565874,15.70000000,3.09000000,48.51300000,1665708262154,True,True
39565875,15.70000000,2.88000000,45.21600000,1665708262333,True,True
39565876,15.70000000,2.67000000,41.91900000,1665708262385,True,True
39565877,15.70000000,1.06000000,16.64200000,1665708262443,True,True
39565878,15.70000000,1.23000000,19.31100000,1665708262443,True,True
39565879,15.70000000,2.29000000,35.95300000,1665708262491,True,True
39565880,15.70000000,2.13000000,33.44100000,1665708262544,True,True
39565881,15.70000000,9.85000000,154.64500000,1665708273190,True,True
39565882,15.70000000,11.06000000,173.64200000,1665708273190,True,True
39565883,15.70000000,7.31000000,114.76700000,1665708273202,True,True
39565884,15.70000000,7.31000000,114.76700000,1665708273204,True,True
39565885,15.71000000,0.72000000,11.31120000,1665708282875,False,True
39565886,15.70000000,4.22000000,66.25400000,1665708291013,True,True
39565887,15.70000000,3.32000000,52.12400000,1665708292070,True,True
39565888,15.70000000,1.81000000,28.41700000,1665708292070,True,True
39565889,15.70000000,3.43000000,53.85100000,1665708293109,True,True
39565890,15.70000000,0.96000000,15.07200000,1665708293302,True,True
39565891,15.71000000,159.28000000,2502.28880000,1665708302521,False,True
39565892,15.71000000,60.32000000,947.62720000,1665708302639,False,True
39565893,15.71000000,3.22000000,50.58620000,1665708302639,False,True
39565894,15.71000000,2.41000000,37.86110000,1665708302702,True,True
39565895,15.72000000,3.19000000,50.14680000,1665708307528,False,True
39565896,15.72000000,3.18000000,49.98960000,1665708309244,False,True
39565897,15.71000000,2.00000000,31.42000000,1665708353835,True,True
39565898,15.71000000,2.41000000,37.86110000,1665708442808,True,True
39565899,15.71000000,0.70000000,10.99700000,1665708520078,True,True
39565900,15.72000000,0.63000000,9.90360000,1665708596044,False,True
39565901,15.71000000,13.49000000,211.92790000,1665708624068,True,True
39565902,15.71000000,14.70000000,230.93700000,1665708624068,True,True
39565903,15.71000000,15.50000000,243.50500000,1665708624068,True,True
39565904,15.71000000,1.07000000,16.80970000,1665708624068,True,True
39565905,15.71000000,28.87000000,453.54770000,1665708624068,True,True
39565906,15.71000000,1.00000000,15.71000000,1665708625115,True,True
39565907,15.71000000,58.54000000,919.66340000,1665708625115,True,True
39565908,15.71000000,6.21000000,97.55910000,1665708626119,True,True
39565909,15.70000000,3.42000000,53.69400000,1665708626331,True,True
39565910,15.71000000,5.83000000,91.58930000,1665708628341,True,True
39565911,15.71000000,15.71000000,246.80410000,1665708628365,True,True
39565912,15.71000000,6.24000000,98.03040000,1665708726564,False,True
39565913,15.71000000,4.28000000,67.23880000,1665708737783,False,True
39565914,15.72000000,13.22000000,207.81840000,1665708738929,False,True
39565915,15.72000000,4.48000000,70.42560000,1665708738942,False,True
39565916,15.72000000,0.95000000,14.93400000,1665708753573,False,True
39565917,15.72000000,1.46000000,22.95120000,1665708753573,False,True
39565918,15.72000000,21.13000000,332.16360000,1665708753573,False,True
39565919,15.72000000,7.92000000,124.50240000,1665708778904,True,True
39565920,15.72000000,1.48000000,23.26560000,1665708797767,True,True
39565921,15.72000000,14.02000000,220.39440000,1665708803868,True,True
39565922,15.72000000,18.60000000,292.39200000,1665708803868,True,True
39565923,15.72000000,14.70000000,231.08400000,1665708803868,True,True
39565924,15.72000000,25.42000000,399.60240000,1665708803868,True,True
39565925,15.71000000,60.33000000,947.78430000,1665708861916,False,True
39565926,15.71000000,16.95000000,266.28450000,1665708861936,True,True
39565927,15.71000000,2.25000000,35.34750000,1665708862026,False,True
39565928,15.71000000,26.24000000,412.23040000,1665708862394,True,True
39565929,15.72000000,6.36000000,99.97920000,1665708866769,False,True
39565930,15.72000000,4.51000000,70.89720000,1665708867007,False,True
39565931,15.71000000,23.54000000,369.81340000,1665708913073,True,True
39565932,15.71000000,11.77000000,184.90670000,1665708921658,True,True
39565933,15.71000000,11.77000000,184.90670000,1665708922441,True,True
39565934,15.71000000,6.83000000,107.29930000,1665708923721,True,True
39565935,15.71000000,14.70000000,230.93700000,1665708923721,True,True
39565936,15.71000000,23.94000000,376.09740000,1665708923721,True,True
39565937,15.71000000,47.65000000,748.58150000,1665708923721,True,True
39565938,15.71000000,110.60000000,1737.52600000,1665708923721,True,True
39565939,15.70000000,18.08000000,283.85600000,1665708923721,True,True
39565940,15.70000000,59.73000000,937.76100000,1665708923721,True,True
39565941,15.70000000,25.61000000,402.07700000,1665708923721,True,True
39565942,15.70000000,11.19000000,175.68300000,1665708923721,True,True
39565943,15.70000000,212.09000000,3329.81300000,1665708923721,True,True
39565944,15.70000000,93.70000000,1471.09000000,1665708923721,True,True
39565945,15.70000000,81.00000000,1271.70000000,1665708923721,True,True
39565946,15.70000000,23.94000000,375.85800000,1665708923721,True,True
39565947,15.70000000,92.04000000,1445.02800000,1665708923721,True,True
39565948,15.70000000,1.46000000,22.92200000,1665708923721,True,True
39565949,15.70000000,133.77000000,2100.18900000,1665708923721,True,True
39565950,15.70000000,12.43000000,195.15100000,1665708923721,True,True
39565951,15.70000000,50.59000000,794.26300000,1665708923721,True,True
39565952,15.70000000,318.14000000,4994.79800000,1665708923730,False,True
39565953,15.71000000,7.31000000,114.84010000,1665708923731,False,True
39565954,15.70000000,12.30000000,193.11000000,1665708947772,True,True
39565955,15.70000000,11.70000000,183.69000000,1665708947772,True,True
39565956,15.70000000,13.40000000,210.38000000,1665708947772,True,True
39565957,15.70000000,5.20000000,81.64000000,1665708947773,True,True
39565958,15.70000000,1.00000000,15.70000000,1665708958728,False,True
39565959,15.70000000,34.99000000,549.34300000,1665708962310,False,True
39565960,15.70000000,7.31000000,114.76700000,1665708962320,False,True
39565961,15.70000000,6.33000000,99.38100000,1665708965182,False,True
39565962,15.71000000,1.51000000,23.72210000,1665709043651,False,True
39565963,15.71000000,41.20000000,647.25200000,1665709104928,False,True
39565964,15.71000000,20.12000000,316.08520000,1665709104928,False,True
39565965,15.71000000,60.88000000,956.42480000,1665709104938,False,True
39565966,15.71000000,31.48000000,494.55080000,1665709104938,False,True
39565967,15.71000000,25.43000000,399.50530000,1665709105564,False,True
39565968,15.71000000,37.13000000,583.31230000,1665709105564,False,True
39565969,15.71000000,32.73000000,514.18830000,1665709106110,False,True
39565970,15.71000000,1.59000000,24.97890000,1665709111707,False,True
39565971,15.71000000,12.72000000,199.83120000,1665709169781,True,True
39565972,15.71000000,2.78000000,43.67380000,1665709172841,True,True
39565973,15.71000000,18.60000000,292.20600000,1665709172841,True,True
39565974,15.71000000,14.70000000,230.93700000,1665709172841,True,True
39565975,15.71000000,18.60000000,292.20600000,1665709172841,True,True
39565976,15.72000000,16.38000000,257.49360000,1665709216074,False,True
39565977,15.72000000,5.15000000,80.95800000,1665709216078,False,True
39565978,15.72000000,3.30000000,51.87600000,1665709216078,False,True
39565979,15.72000000,1.46000000,22.95120000,1665709226042,False,True
39565980,15.73000000,0.96000000,15.10080000,1665709259895,False,True
39565981,15.72000000,9.63000000,151.38360000,1665709274188,True,True
39565982,15.72000000,5.87000000,92.27640000,1665709274384,True,True
39565983,15.72000000,3.76000000,59.10720000,1665709274384,True,True
39565984,15.72000000,14.84000000,233.28480000,1665709277148,True,True
39565985,15.72000000,8.99000000,141.32280000,1665709277148,True,True
39565986,15.72000000,2.41000000,37.88520000,1665709277725,True,True
39565987,15.72000000,3.30000000,51.87600000,1665709279586,True,True
39565988,15.72000000,11.52000000,181.09440000,1665709279586,True,True
39565989,15.72000000,5.66000000,88.97520000,1665709286436,True,True
39565990,15.72000000,1.42000000,22.32240000,1665709286677,True,True
39565991,15.72000000,1.89000000,29.71080000,1665709286677,True,True
39565992,15.72000000,3.30000000,51.87600000,1665709286735,True,True
39565993,15.72000000,5.35000000,84.10200000,1665709289208,True,True
39565994,15.72000000,1.00000000,15.72000000,1665709317703,True,True
39565995,15.72000000,2.41000000,37.88520000,1665709328635,True,True
39565996,15.73000000,2.00000000,31.46000000,1665709329983,False,True
39565997,15.72000000,1.48000000,23.26560000,1665709344444,True,True
39565998,15.72000000,2.41000000,37.88520000,1665709364610,True,True
39565999,15.73000000,0.74000000,11.64020000,1665709365860,False,True
39566000,15.72000000,25.46000000,400.23120000,1665709395109,True,True
39566001,15.72000000,21.53000000,338.45160000,1665709395109,True,True
39566002,15.72000000,14.70000000,231.08400000,1665709477849,True,True
39566003,15.72000000,16.30000000,256.23600000,1665709477849,True,True
39566004,15.73000000,5.00000000,78.65000000,1665709478375,False,True
39566005,15.73000000,3.18000000,50.02140000,1665709490327,False,True
39566006,15.73000000,3.30000000,51.90900000,1665709490327,False,True
39566007,15.73000000,3.63000000,57.09990000,1665709490327,False,True
39566008,15.73000000,1.46000000,22.96580000,1665709490327,False,True
39566009,15.73000000,50.32000000,791.53360000,1665709490327,False,True
39566010,15.73000000,7.71000000,121.27830000,1665709490994,False,True
39566011,15.73000000,4.08000000,64.17840000,1665709490994,False,True
39566012,15.73000000,10.00000000,157.30000000,1665709491215,True,True
39566013,15.73000000,1.48000000,23.28040000,1665709502889,True,True
39566014,15.74000000,1.27000000,19.98980000,1665709508469,False,True
39566015,15.74000000,0.90000000,14.16600000,1665709569626,False,True
39566016,15.74000000,1.27000000,19.98980000,1665709595854,False,True
39566017,15.74000000,1.28000000,20.14720000,1665709720068,False,True
39566018,15.74000000,1.09000000,17.15660000,1665709724460,False,True
39566019,15.73000000,6.94000000,109.16620000,1665709741420,True,True
39566020,15.73000000,7.14000000,112.31220000,1665709741425,True,True
39566021,15.73000000,0.62000000,9.75260000,1665709741442,True,True
39566022,15.73000000,5.92000000,93.12160000,1665709741442,True,True
39566023,15.73000000,6.69000000,105.23370000,1665709741442,True,True
39566024,15.73000000,2.89000000,45.45970000,1665709741442,True,True
39566025,15.73000000,3.65000000,57.41450000,1665709741442,True,True
39566026,15.73000000,14.95000000,235.16350000,1665709741459,True,True
39566027,15.73000000,18.60000000,292.57800000,1665709741459,True,True
39566028,15.73000000,16.98000000,267.09540000,1665709741459,True,True
39566029,15.73000000,215.00000000,3381.95000000,1665709741465,True,True
39566030,15.72000000,0.64000000,10.06080000,1665709743229,True,True
39566031,15.72000000,1.46000000,22.95120000,1665709743229,True,True
39566032,15.72000000,6.36000000,99.97920000,1665709806150,False,True
39566033,15.71000000,7.23000000,113.58330000,1665709815731,True,True
39566034,15.71000000,6.21000000,97.55910000,1665709815731,True,True
39566035,15.72000000,1.00000000,15.72000000,1665709842824,False,True
39566036,15.72000000,2.21000000,34.74120000,1665709848419,False,True
39566037,15.72000000,6.38000000,100.29360000,1665709848614,False,True
39566038,15.72000000,0.64000000,10.06080000,1665709848614,False,True
39566039,15.72000000,6.94000000,109.09680000,1665709848626,False,True
39566040,15.72000000,3.59000000,56.43480000,1665709848754,False,True
39566041,15.72000000,39.62000000,622.82640000,1665709848754,False,True
39566042,15.72000000,17.06000000,268.18320000,1665709854469,False,True
39566043,15.72000000,13.44000000,211.27680000,1665709854469,False,True
39566044,15.72000000,2.41000000,37.88520000,1665709937331,True,True
39566045,15.72000000,2.41000000,37.88520000,1665709938674,True,True
39566046,15.73000000,1.00000000,15.73000000,1665709953136,False,True
39566047,15.73000000,3.81000000,59.93130000,1665709953350,False,True
39566048,15.73000000,1.48000000,23.28040000,1665709962744,True,True
39566049,15.73000000,1.90000000,29.88700000,1665709962744,True,True
39566050,15.73000000,1.67000000,26.26910000,1665709962745,True,True
39566051,15.73000000,1.49000000,23.43770000,1665709962747,True,True
39566052,15.73000000,18.60000000,292.57800000,1665710015889,True,True
39566053,15.73000000,14.70000000,231.23100000,1665710015889,True,True
39566054,15.73000000,1.82000000,28.62860000,1665710015889,True,True
39566055,15.73000000,13.68000000,215.18640000,1665710015893,True,True
39566056,15.73000000,18.60000000,292.57800000,1665710015893,True,True
39566057,15.73000000,27.72000000,436.03560000,1665710015893,True,True
39566058,15.72000000,80.00000000,1257.60000000,1665710069112,True,True
39566059,15.72000000,48.15000000,756.91800000,1665710069125,True,True
39566060,15.72000000,7.31000000,114.91320000,1665710069127,True,True
39566061,15.72000000,7.19000000,113.02680000,1665710069127,True,True
39566062,15.71000000,3.30000000,51.84300000,1665710095977,True,True
39566063,15.71000000,0.70000000,10.99700000,1665710095977,True,True
39566064,15.71000000,1.46000000,22.93660000,1665710095977,True,True
39566065,15.71000000,6.29000000,98.81590000,1665710095977,True,True
39566066,15.71000000,9.21000000,144.68910000,1665710102336,True,True
39566067,15.71000000,18.60000000,292.20600000,1665710102336,True,True
39566068,15.71000000,14.70000000,230.93700000,1665710102336,True,True
39566069,15.71000000,18.60000000,292.20600000,1665710102336,True,True
39566070,15.71000000,60.32000000,947.62720000,1665710102336,True,True
39566071,15.71000000,15.33000000,240.83430000,1665710102336,True,True
39566072,15.71000000,7.05000000,110.75550000,1665710105633,False,True
39566073,15.71000000,2.41000000,37.86110000,1665710106003,False,True
39566074,15.71000000,35.34000000,555.19140000,1665710106038,False,True
39566075,15.71000000,7.07000000,111.06970000,1665710106039,False,True
39566076,15.71000000,8.45000000,132.74950000,1665710106042,False,True
39566077,15.72000000,87.46000000,1374.87120000,1665710106080,False,True
39566078,15.72000000,5.11000000,80.32920000,1665710106080,False,True
39566079,15.72000000,15.52000000,243.97440000,1665710106080,False,True
39566080,15.72000000,2.41000000,37.88520000,1665710106662,True,True
39566081,15.72000000,10.00000000,157.20000000,1665710106760,True,True
39566082,15.72000000,6.64000000,104.38080000,1665710106998,True,True
39566083,15.72000000,10.00000000,157.20000000,1665710107118,True,True
39566084,15.72000000,1.48000000,23.26560000,1665710114724,True,True
39566085,15.73000000,1.46000000,22.96580000,1665710122635,False,True
39566086,15.73000000,118.96000000,1871.24080000,1665710172304,True,True
39566087,15.74000000,3.30000000,51.94200000,1665710272648,False,True
39566088,15.74000000,3.17000000,49.89580000,1665710272648,False,True
39566089,15.74000000,1.46000000,22.98040000,1665710272648,False,True
39566090,15.75000000,3.17000000,49.92750000,1665710274162,False,True
39566091,15.75000000,2.12000000,33.39000000,1665710274162,False,True
39566092,15.75000000,2.93000000,46.14750000,1665710274162,False,True
39566093,15.75000000,17.00000000,267.75000000,1665710274217,False,True
39566094,15.75000000,3.09000000,48.66750000,1665710274217,False,True
39566095,15.75000000,1.65000000,25.98750000,1665710277919,True,True
39566096,15.75000000,1.51000000,23.78250000,1665710277920,True,True
39566097,15.75000000,1.74000000,27.40500000,1665710277921,True,True
39566098,15.75000000,1.63000000,25.67250000,1665710277924,True,True
39566099,15.75000000,7.14000000,112.45500000,1665710290543,True,True
39566100,15.75000000,27.95000000,440.21250000,1665710290553,True,True
39566101,15.75000000,13.72000000,216.09000000,1665710290553,True,True
39566102,15.75000000,25.20000000,396.90000000,1665710290658,True,True
39566103,15.75000000,18.60000000,292.95000000,1665710290658,True,True
39566104,15.75000000,14.70000000,231.52500000,1665710290658,True,True
39566105,15.75000000,15.50000000,244.12500000,1665710290658,True,True
39566106,15.75000000,5.85000000,92.13750000,1665710290658,True,True
39566107,15.75000000,7.05000000,111.03750000,1665710290659,True,True
39566108,15.76000000,21.53000000,339.31280000,1665710314036,False,True
39566109,15.76000000,21.52000000,339.15520000,1665710314036,False,True
39566110,15.76000000,3.30000000,52.00800000,1665710314036,False,True
39566111,15.76000000,187.07000000,2948.22320000,1665710314036,False,True
39566112,15.76000000,1.46000000,23.00960000,1665710314036,False,True
39566113,15.77000000,0.70000000,11.03900000,1665710314036,False,True
39566114,15.77000000,0.71000000,11.19670000,1665710314036,False,True
39566115,15.77000000,39.91000000,629.38070000,1665710314036,False,True
39566116,15.77000000,28.07000000,442.66390000,1665710314036,False,True
39566117,15.77000000,50.11000000,790.23470000,1665710314036,False,True
39566118,15.77000000,24.86000000,392.04220000,1665710314036,False,True
39566119,15.77000000,35.63000000,561.88510000,1665710314036,False,True
39566120,15.77000000,9.74000000,153.59980000,1665710314036,False,True
39566121,15.77000000,3.17000000,49.99090000,1665710314036,False,True
39566122,15.77000000,2.11000000,33.27470000,1665710314036,False,True
39566123,15.77000000,13.70000000,216.04900000,1665710314036,False,True
39566124,15.76000000,13.35000000,210.39600000,1665710314125,True,True
39566125,15.76000000,155.78000000,2455.09280000,1665710314204,True,True
39566126,15.77000000,2.05000000,32.32850000,1665710328074,False,True
39566127,15.77000000,5.09000000,80.26930000,1665710328344,True,True
39566128,15.77000000,4.91000000,77.43070000,1665710328344,True,True
39566129,15.77000000,5.01000000,79.00770000,1665710328701,True,True
39566130,15.77000000,0.65000000,10.25050000,1665710337779,True,True
39566131,15.78000000,1.46000000,23.03880000,1665710351064,False,True
39566132,15.78000000,1.94000000,30.61320000,1665710351064,False,True
39566133,15.78000000,11.70000000,184.62600000,1665710351064,False,True
39566134,15.78000000,12.30000000,194.09400000,1665710351064,False,True
39566135,15.78000000,12.30000000,194.09400000,1665710351064,False,True
39566136,15.78000000,6.20000000,97.83600000,1665710351064,False,True
39566137,15.78000000,1.09000000,17.20020000,1665710351064,False,True
39566138,15.78000000,1.09000000,17.20020000,1665710351064,False,True
39566139,15.78000000,18.90000000,298.24200000,1665710351064,False,True
39566140,15.77000000,1.08000000,17.03160000,1665710354189,True,True
39566141,15.78000000,1.09000000,17.20020000,1665710354621,False,True
39566142,15.77000000,7.14000000,112.59780000,1665710373693,True,True
39566143,15.77000000,0.61000000,9.61970000,1665710373702,True,True
39566144,15.77000000,15.50000000,244.43500000,1665710373702,True,True
39566145,15.77000000,14.70000000,231.81900000,1665710373702,True,True
39566146,15.77000000,18.60000000,293.32200000,1665710373702,True,True
39566147,15.77000000,0.58000000,9.14660000,1665710373702,True,True
39566148,15.77000000,2.86000000,45.10220000,1665710373710,True,True
39566149,15.77000000,15.16000000,239.07320000,1665710373715,True,True
39566150,15.77000000,0.95000000,14.98150000,1665710373715,True,True
39566151,15.77000000,12.68000000,199.96360000,1665710386657,True,True
39566152,15.78000000,4.90000000,77.32200000,1665710395095,False,True
39566153,15.78000000,95.10000000,1500.67800000,1665710395095,False,True
39566154,15.78000000,1.09000000,17.20020000,1665710398234,False,True
39566155,15.78000000,1.35000000,21.30300000,1665710398234,False,True
39566156,15.78000000,4.70000000,74.16600000,1665710398234,False,True
39566157,15.78000000,0.81000000,12.78180000,1665710398244,False,True
39566158,15.78000000,1.27000000,20.04060000,1665710398277,True,True
39566159,15.78000000,3.34000000,52.70520000,1665710398506,True,True
39566160,15.78000000,3.34000000,52.70520000,1665710398562,True,True
39566161,15.78000000,3.34000000,52.70520000,1665710398605,True,True
39566162,15.78000000,3.34000000,52.70520000,1665710398701,True,True
39566163,15.78000000,6.70000000,105.72600000,1665710398726,True,True
39566164,15.78000000,3.34000000,52.70520000,1665710398734,True,True
39566165,15.78000000,2.57000000,40.55460000,1665710398765,True,True
39566166,15.78000000,0.77000000,12.15060000,1665710398765,True,True
39566167,15.78000000,10.00000000,157.80000000,1665710398783,True,True
39566168,15.78000000,14.58000000,230.07240000,1665710398788,True,True
39566169,15.78000000,3.34000000,52.70520000,1665710398857,True,True
39566170,15.78000000,10.00000000,157.80000000,1665710398887,True,True
39566171,15.78000000,22.84000000,360.41520000,1665710399187,True,True
39566172,15.78000000,9.69000000,152.90820000,1665710399187,True,True
39566173,15.78000000,10.00000000,157.80000000,1665710399376,True,True
39566174,15.79000000,5.73000000,90.47670000,1665710420652,False,True
39566175,15.79000000,1.21000000,19.10590000,1665710420652,False,True
39566176,15.79000000,0.07000000,1.10530000,1665710420664,False,True
39566177,15.79000000,1.79000000,28.26410000,1665710420664,False,True
39566178,15.79000000,3.16000000,49.89640000,1665710420664,False,True
39566179,15.79000000,0.48000000,7.57920000,1665710420664,False,True
39566180,15.79000000,2.82000000,44.52780000,1665710420668,False,True
39566181,15.79000000,1.46000000,23.05340000,1665710420668,False,True
39566182,15.80000000,1.19000000,18.80200000,1665710421862,False,True
39566183,15.80000000,1.63000000,25.75400000,1665710421862,False,True
39566184,15.80000000,50.25000000,793.95000000,1665710421862,False,True
39566185,15.80000000,1.37000000,21.64600000,1665710421862,False,True
39566186,15.80000000,0.72000000,11.37600000,1665710421862,False,True
39566187,15.80000000,2.11000000,33.33800000,1665710421862,False,True
39566188,15.80000000,3.16000000,49.92800000,1665710421862,False,True
39566189,15.80000000,5.00000000,79.00000000,1665710421862,False,True
39566190,15.80000000,14.35000000,226.73000000,1665710421981,True,True
39566191,15.80000000,2.41000000,38.07800000,1665710422234,True,True
39566192,15.80000000,1.48000000,23.38400000,1665710422343,True,True
39566193,15.80000000,4.74000000,74.89200000,1665710428672,True,True
39566194,15.80000000,10.35000000,163.53000000,1665710430205,True,True
39566195,15.80000000,1.48000000,23.38400000,1665710437662,True,True
39566196,15.81000000,1.70000000,26.87700000,1665710439919,False,True
39566197,15.81000000,4.50000000,71.14500000,1665710439919,False,True
39566198,15.80000000,1.62000000,25.59600000,1665710448021,True,True
39566199,15.80000000,1.69000000,26.70200000,1665710448023,True,True
39566200,15.80000000,1.30000000,20.54000000,1665710448025,True,True
39566201,15.80000000,1.71000000,27.01800000,1665710448026,True,True
39566202,15.80000000,1.08000000,17.06400000,1665710458722,True,True
39566203,15.80000000,1.45000000,22.91000000,1665710459029,True,True
39566204,15.80000000,1.80000000,28.44000000,1665710459029,True,True
39566205,15.80000000,1.36000000,21.48800000,1665710459031,True,True
39566206,15.80000000,1.71000000,27.01800000,1665710459031,True,True
39566207,15.80000000,1.08000000,17.06400000,1665710459804,True,True
39566208,15.80000000,1.08000000,17.06400000,1665710460368,True,True
39566209,15.80000000,2.51000000,39.65800000,1665710462644,True,True
39566210,15.80000000,12.99000000,205.24200000,1665710462645,True,True
39566211,15.80000000,14.70000000,232.26000000,1665710462645,True,True
39566212,15.80000000,18.60000000,293.88000000,1665710462645,True,True
39566213,15.80000000,9.64000000,152.31200000,1665710462645,True,True
39566214,15.79000000,1.11000000,17.52690000,1665710474069,True,True
39566215,15.80000000,25.37000000,400.84600000,1665710497676,False,True
39566216,15.80000000,1.46000000,23.06800000,1665710497676,False,True
39566217,15.80000000,2.22000000,35.07600000,1665710497697,False,True
39566218,15.80000000,1.46000000,23.06800000,1665710497710,False,True
39566219,15.80000000,11.90000000,188.02000000,1665710497820,False,True
39566220,15.80000000,9.79000000,154.68200000,1665710497837,False,True
39566221,15.80000000,15.58000000,246.16400000,1665710497850,False,True
39566222,15.80000000,4.97000000,78.52600000,1665710497858,False,True
39566223,15.80000000,4.82000000,76.15600000,1665710497865,False,True
39566224,15.80000000,5.77000000,91.16600000,1665710498480,False,True
39566225,15.80000000,19.60000000,309.68000000,1665710498489,False,True
39566226,15.80000000,5.77000000,91.16600000,1665710498489,False,True
39566227,15.80000000,19.60000000,309.68000000,1665710498505,False,True
39566228,15.80000000,0.02000000,0.31600000,1665710504895,False,True
39566229,15.80000000,1.00000000,15.80000000,1665710504895,False,True
39566230,15.81000000,0.69000000,10.90890000,1665710525115,False,True
39566231,15.81000000,1.27000000,20.07870000,1665710525115,False,True
39566232,15.81000000,3.54000000,55.96740000,1665710525115,False,True
39566233,15.81000000,1.01000000,15.96810000,1665710525115,False,True
39566234,15.81000000,1.55000000,24.50550000,1665710525115,False,True
39566235,15.81000000,16.73000000,264.50130000,1665710525115,False,True
39566236,15.81000000,25.32000000,400.30920000,1665710525123,False,True
39566237,15.81000000,3.30000000,52.17300000,1665710525123,False,True
39566238,15.81000000,1.46000000,23.08260000,1665710525123,False,True
39566239,15.81000000,60.33000000,953.81730000,1665710525123,False,True
39566240,15.82000000,0.96000000,15.18720000,1665710532143,False,True
39566241,15.82000000,0.83000000,13.13060000,1665710532143,False,True
39566242,15.82000000,1.00000000,15.82000000,1665710532143,False,True
39566243,15.82000000,1.63000000,25.78660000,1665710532143,False,True
39566244,15.82000000,0.65000000,10.28300000,1665710532143,False,True
39566245,15.82000000,0.71000000,11.23220000,1665710532143,False,True
39566246,15.82000000,0.86000000,13.60520000,1665710532143,False,True
39566247,15.82000000,7.63000000,120.70660000,1665710532143,False,True
39566248,15.82000000,0.67000000,10.59940000,1665710532143,False,True
39566249,15.82000000,3.30000000,52.20600000,1665710532143,False,True
39566250,15.82000000,1.46000000,23.09720000,1665710532143,False,True
39566251,15.82000000,7.79000000,123.23780000,1665710532475,True,True
39566252,15.82000000,2.40000000,37.96800000,1665710532654,True,True
39566253,15.82000000,1.08000000,17.08560000,1665710534234,True,True
39566254,15.83000000,0.78000000,12.34740000,1665710534655,False,True
39566255,15.83000000,0.31000000,4.90730000,1665710534655,False,True
39566256,15.82000000,1.42000000,22.46440000,1665710538172,True,True
39566257,15.83000000,3.19000000,50.49770000,1665710541080,False,True
39566258,15.83000000,1.28000000,20.26240000,1665710541080,False,True
39566259,15.83000000,3.63000000,57.46290000,1665710541080,False,True
39566260,15.83000000,4.60000000,72.81800000,1665710541080,False,True
39566261,15.83000000,1.92000000,30.39360000,1665710541080,False,True
39566262,15.83000000,2.49000000,39.41670000,1665710541080,False,True
39566263,15.83000000,17.24000000,272.90920000,1665710541080,False,True
39566264,15.83000000,1.26000000,19.94580000,1665710541080,False,True
39566265,15.83000000,12.74000000,201.67420000,1665710541080,False,True
39566266,15.83000000,14.82000000,234.60060000,1665710541080,False,True
39566267,15.82000000,20.00000000,316.40000000,1665710546991,True,True
39566268,15.82000000,14.70000000,232.55400000,1665710554022,True,True
39566269,15.82000000,18.60000000,294.25200000,1665710554022,True,True
39566270,15.82000000,8.98000000,142.06360000,1665710554022,True,True
39566271,15.82000000,6.52000000,103.14640000,1665710554023,True,True
39566272,15.82000000,6.33000000,100.14060000,1665710554023,True,True
39566273,15.81000000,10.00000000,158.10000000,1665710554060,True,True
39566274,15.81000000,11.21000000,177.23010000,1665710554165,True,True
39566275,15.81000000,50.29000000,795.08490000,1665710554187,True,True
39566276,15.81000000,18.73000000,296.12130000,1665710554187,True,True
39566277,15.81000000,8.57000000,135.49170000,1665710554203,True,True
39566278,15.81000000,11.07000000,175.01670000,1665710554203,True,True
39566279,15.81000000,17.97000000,284.10570000,1665710561796,False,True
39566280,15.81000000,8.68000000,137.23080000,1665710563601,False,True
39566281,15.81000000,5.35000000,84.58350000,1665710565116,False,True
39566282,15.81000000,35.02000000,553.66620000,1665710565124,False,True
39566283,15.81000000,5.79000000,91.53990000,1665710565141,False,True
39566284,15.81000000,19.55000000,309.08550000,1665710565146,False,True
39566285,15.81000000,25.34000000,400.62540000,1665710565146,False,True
39566286,15.81000000,25.34000000,400.62540000,1665710565146,False,True
39566287,15.81000000,25.34000000,400.62540000,1665710565146,False,True
39566288,15.81000000,25.34000000,400.62540000,1665710565146,False,True
39566289,15.82000000,11.44000000,180.98080000,1665710566828,True,True
39566290,15.82000000,2.40000000,37.96800000,1665710569847,True,True
39566291,15.82000000,2.40000000,37.96800000,1665710570534,True,True
39566292,15.82000000,10.00000000,158.20000000,1665710570695,True,True
39566293,15.82000000,8.60000000,136.05200000,1665710570808,True,True
39566294,15.82000000,1.40000000,22.14800000,1665710570808,True,True
39566295,15.82000000,10.00000000,158.20000000,1665710571089,True,True
39566296,15.82000000,3.30000000,52.20600000,1665710571286,True,True
39566297,15.82000000,6.70000000,105.99400000,1665710571286,True,True
39566298,15.82000000,43.62000000,690.06840000,1665710571295,True,True
39566299,15.81000000,10.00000000,158.10000000,1665710571369,True,True
39566300,15.81000000,1.37000000,21.65970000,1665710575336,True,True
39566301,15.82000000,50.32000000,796.06240000,1665710576614,False,True
39566302,15.83000000,4.13000000,65.37790000,1665710585834,False,True
39566303,15.83000000,26.67000000,422.18610000,1665710590664,False,True
39566304,15.83000000,20.08000000,317.86640000,1665710594311,False,True
39566305,15.83000000,3.16000000,50.02280000,1665710594311,False,True
39566306,15.83000000,3.16000000,50.02280000,1665710594311,False,True
39566307,15.83000000,2.11000000,33.40130000,1665710594311,False,True
39566308,15.83000000,1.46000000,23.11180000,1665710594311,False,True
39566309,15.83000000,0.46000000,7.28180000,1665710594311,False,True
39566310,15.83000000,1.67000000,26.43610000,1665710594315,False,True
39566311,15.83000000,1.17000000,18.52110000,1665710594316,False,True
39566312,15.84000000,2.81000000,44.51040000,1665710595874,False,True
39566313,15.84000000,0.10000000,1.58400000,1665710595929,False,True
39566314,15.84000000,0.75000000,11.88000000,1665710595929,False,True
39566315,15.84000000,1.81000000,28.67040000,1665710595929,False,True
39566316,15.84000000,6.96000000,110.24640000,1665710595929,False,True
39566317,15.84000000,5.51000000,87.27840000,1665710595929,False,True
39566318,15.84000000,7.53000000,119.27520000,1665710595929,False,True
39566319,15.84000000,0.14000000,2.21760000,1665710595929,False,True
39566320,15.84000000,3.39000000,53.69760000,1665710595938,False,True
39566321,15.84000000,2.88000000,45.61920000,1665710595938,False,True
39566322,15.85000000,5.71000000,90.50350000,1665710595968,False,True
39566323,15.85000000,1.00000000,15.85000000,1665710595968,False,True
39566324,15.85000000,1.34000000,21.23900000,1665710595968,False,True
39566325,15.85000000,0.68000000,10.77800000,1665710595968,False,True
39566326,15.85000000,3.19000000,50.56150000,1665710595968,False,True
39566327,15.85000000,17.15000000,271.82750000,1665710595968,False,True
39566328,15.85000000,3.00000000,47.55000000,1665710595968,False,True
39566329,15.85000000,8.60000000,136.31000000,1665710596112,False,True
39566330,15.85000000,3.80000000,60.23000000,1665710596164,False,True
39566331,15.85000000,12.96000000,205.41600000,1665710597033,True,True
39566332,15.85000000,16.68000000,264.37800000,1665710597356,True,True
39566333,15.85000000,20.99000000,332.69150000,1665710597423,True,True
39566334,15.85000000,7.49000000,118.71650000,1665710597423,True,True
39566335,15.85000000,4.28000000,67.83800000,1665710597423,True,True
39566336,15.84000000,15.84000000,250.90560000,1665710597423,True,True
39566337,15.86000000,1.12000000,17.76320000,1665710597495,False,True
39566338,15.86000000,0.69000000,10.94340000,1665710597495,False,True
39566339,15.86000000,1.51000000,23.94860000,1665710597495,False,True
39566340,15.86000000,0.17000000,2.69620000,1665710597495,False,True
39566341,15.85000000,5.63000000,89.23550000,1665710597918,True,True
39566342,15.86000000,3.16000000,50.11760000,1665710600201,False,True
39566343,15.85000000,1.56000000,24.72600000,1665710603250,True,True
39566344,15.85000000,1.28000000,20.28800000,1665710603250,True,True
39566345,15.85000000,1.65000000,26.15250000,1665710603253,True,True
39566346,15.85000000,1.81000000,28.68850000,1665710603918,True,True
39566347,15.86000000,10.46000000,165.89560000,1665710612678,False,True
39566348,15.86000000,0.71000000,11.26060000,1665710612678,False,True
39566349,15.86000000,0.96000000,15.22560000,1665710612678,False,True
39566350,15.86000000,1.54000000,24.42440000,1665710612678,False,True
39566351,15.86000000,3.25000000,51.54500000,1665710612678,False,True
39566352,15.86000000,1.46000000,23.15560000,1665710612678,False,True
39566353,15.86000000,3.30000000,52.33800000,1665710612678,False,True
39566354,15.86000000,25.31000000,401.41660000,1665710612678,False,True
39566355,15.86000000,6.20000000,98.33200000,1665710612678,False,True
39566356,15.86000000,0.77000000,12.21220000,1665710612684,False,True
39566357,15.86000000,18.34000000,290.87240000,1665710612687,False,True
39566358,15.86000000,25.31000000,401.41660000,1665710612687,False,True
39566359,15.86000000,2.74000000,43.45640000,1665710612687,False,True
39566360,15.86000000,5.07000000,80.41020000,1665710612691,False,True
39566361,15.86000000,4.27000000,67.72220000,1665710612693,False,True
39566362,15.86000000,13.23000000,209.82780000,1665710612696,False,True
39566363,15.86000000,23.64000000,374.93040000,1665710612696,False,True
39566364,15.86000000,0.68000000,10.78480000,1665710617878,True,True
39566365,15.87000000,1.12000000,17.77440000,1665710619090,False,True
39566366,15.87000000,0.70000000,11.10900000,1665710619090,False,True
39566367,15.87000000,0.69000000,10.95030000,1665710619090,False,True
39566368,15.87000000,2.52000000,39.99240000,1665710619090,False,True
39566369,15.87000000,1.78000000,28.24860000,1665710619090,False,True
39566370,15.87000000,0.76000000,12.06120000,1665710619090,False,True
39566371,15.87000000,2.46000000,39.04020000,1665710619090,False,True
39566372,15.87000000,12.17000000,193.13790000,1665710619090,False,True
39566373,15.87000000,1.28000000,20.31360000,1665710619090,False,True
39566374,15.87000000,35.95000000,570.52650000,1665710619090,False,True
39566375,15.87000000,19.74000000,313.27380000,1665710619090,False,True
39566376,15.87000000,3.00000000,47.61000000,1665710619090,False,True
39566377,15.87000000,1.84000000,29.20080000,1665710619090,False,True
39566378,15.87000000,3.15000000,49.99050000,1665710619090,False,True
39566379,15.87000000,3.15000000,49.99050000,1665710619090,False,True
39566380,15.87000000,3.30000000,52.37100000,1665710619090,False,True
39566381,15.87000000,0.25000000,3.96750000,1665710619090,False,True
39566382,15.87000000,1.21000000,19.20270000,1665710619091,False,True
39566383,15.88000000,1.12000000,17.78560000,1665710619095,False,True
39566384,15.88000000,1.27000000,20.16760000,1665710619095,False,True
39566385,15.88000000,1.35000000,21.43800000,1665710619095,False,True
39566386,15.88000000,2.80000000,44.46400000,1665710619095,False,True
39566387,15.88000000,0.95000000,15.08600000,1665710619095,False,True
39566388,15.88000000,0.98000000,15.56240000,1665710619095,False,True
39566389,15.88000000,3.52000000,55.89760000,1665710619095,False,True
39566390,15.88000000,17.47000000,277.42360000,1665710619095,False,True
39566391,15.88000000,14.14000000,224.54320000,1665710619095,False,True
39566392,15.88000000,46.79000000,743.02520000,1665710619095,False,True
39566393,15.88000000,9.22000000,146.41360000,1665710619095,False,True
39566394,15.88000000,50.72000000,805.43360000,1665710619095,False,True
39566395,15.88000000,9.04000000,143.55520000,1665710619095,False,True
39566396,15.88000000,2.10000000,33.34800000,1665710619095,False,True
39566397,15.88000000,7.40000000,117.51200000,1665710619095,False,True
39566398,15.88000000,3.33000000,52.88040000,1665710619095,False,True
39566399,15.88000000,9.82000000,155.94160000,1665710619095,False,True
39566400,15.88000000,0.73000000,11.59240000,1665710619107,True,True
39566401,15.88000000,20.70000000,328.71600000,1665710619109,True,True
39566402,15.88000000,29.02000000,460.83760000,1665710619168,True,True
39566403,15.89000000,1.12000000,17.79680000,1665710619254,False,True
39566404,15.89000000,3.52000000,55.93280000,1665710619254,False,True
39566405,15.89000000,9.36000000,148.73040000,1665710619254,False,True
39566406,15.89000000,2.47000000,39.24830000,1665710619254,False,True
39566407,15.89000000,1.21000000,19.22690000,1665710619254,False,True
39566408,15.89000000,1.15000000,18.27350000,1665710619254,False,True
39566409,15.89000000,53.80000000,854.88200000,1665710619254,False,True
39566410,15.89000000,11.07000000,175.90230000,1665710619254,False,True
39566411,15.89000000,10.05000000,159.69450000,1665710619254,False,True
39566412,15.89000000,69.03000000,1096.88670000,1665710619254,False,True
39566413,15.89000000,15.87000000,252.17430000,1665710619410,True,True
39566414,15.90000000,1.11000000,17.64900000,1665710620236,False,True
39566415,15.90000000,0.75000000,11.92500000,1665710620236,False,True
39566416,15.90000000,0.87000000,13.83300000,1665710620236,False,True
39566417,15.90000000,1.63000000,25.91700000,1665710620236,False,True
39566418,15.90000000,8.74000000,138.96600000,1665710620236,False,True
39566419,15.90000000,8.76000000,139.28400000,1665710620236,False,True
39566420,15.90000000,5.01000000,79.65900000,1665710620406,False,True
39566421,15.90000000,0.92000000,14.62800000,1665710620406,False,True
39566422,15.90000000,6.79000000,107.96100000,1665710620406,False,True
39566423,15.90000000,3.31000000,52.62900000,1665710620406,False,True
39566424,15.90000000,20.18000000,320.86200000,1665710620406,False,True
39566425,15.90000000,3.85000000,61.21500000,1665710620406,False,True
39566426,15.90000000,16.39000000,260.60100000,1665710620406,False,True
39566427,15.90000000,1.00000000,15.90000000,1665710620406,False,True
39566428,15.90000000,1.19000000,18.92100000,1665710620406,False,True
39566429,15.90000000,92.24000000,1466.61600000,1665710620406,False,True
39566430,15.90000000,83.04000000,1320.33600000,1665710620406,False,True
39566431,15.90000000,9.25000000,147.07500000,1665710620406,False,True
39566432,15.90000000,20.75000000,329.92500000,1665710620417,False,True
39566433,15.90000000,1.59000000,25.28100000,1665710620583,True,True
39566434,15.90000000,19.16000000,304.64400000,1665710621930,True,True
39566435,15.90000000,14.70000000,233.73000000,1665710621930,True,True
39566436,15.90000000,6.86000000,109.07400000,1665710622086,True,True
39566437,15.90000000,35.83000000,569.69700000,1665710622086,True,True
39566438,15.90000000,7.06000000,112.25400000,1665710622117,True,True
39566439,15.90000000,7.07000000,112.41300000,1665710622127,True,True
39566440,15.90000000,61.56000000,978.80400000,1665710622254,True,True
39566441,15.90000000,18.60000000,295.74000000,1665710622254,True,True
39566442,15.90000000,14.70000000,233.73000000,1665710622254,True,True
39566443,15.89000000,46.48000000,738.56720000,1665710622261,True,True
39566444,15.89000000,10.49000000,166.68610000,1665710622261,True,True
39566445,15.89000000,57.08000000,907.00120000,1665710622265,True,True
39566446,15.89000000,28.22000000,448.41580000,1665710622265,True,True
39566447,15.89000000,35.89000000,570.29210000,1665710622265,True,True
39566448,15.89000000,24.43000000,388.19270000,1665710622266,True,True
39566449,15.89000000,26.79000000,425.69310000,1665710622266,True,True
39566450,15.90000000,0.64000000,10.17600000,1665710622579,False,True
39566451,15.89000000,9.05000000,143.80450000,1665710623238,True,True
39566452,15.89000000,7.20000000,114.40800000,1665710623238,True,True
39566453,15.89000000,12.66000000,201.16740000,1665710623238,True,True
39566454,15.89000000,31.08000000,493.86120000,1665710623238,True,True
39566455,15.89000000,30.43000000,483.53270000,1665710623241,True,True
39566456,15.89000000,18.67000000,296.66630000,1665710623241,True,True
39566457,15.89000000,11.07000000,175.90230000,1665710623241,True,True
39566458,15.89000000,3.77000000,59.90530000,1665710623241,True,True
39566459,15.88000000,4.11000000,65.26680000,1665710623264,True,True
39566460,15.88000000,3.31000000,52.56280000,1665710623266,True,True
39566461,15.88000000,3.18000000,50.49840000,1665710623267,True,True
39566462,15.88000000,3.37000000,53.51560000,1665710623269,True,True
39566463,15.88000000,20.75000000,329.51000000,1665710623318,True,True
39566464,15.88000000,1.08000000,17.15040000,1665710623899,True,True
39566465,15.89000000,1.08000000,17.16120000,1665710624312,False,True
39566466,15.88000000,1.46000000,23.18480000,1665710624593,True,True
39566467,15.88000000,3.09000000,49.06920000,1665710624593,True,True
39566468,15.88000000,9.03000000,143.39640000,1665710624593,True,True
39566469,15.88000000,13.58000000,215.65040000,1665710624594,True,True
39566470,15.87000000,12.69000000,201.39030000,1665710625270,True,True
39566471,15.87000000,12.73000000,202.02510000,1665710625272,True,True
39566472,15.87000000,12.21000000,193.77270000,1665710625273,True,True
39566473,15.87000000,14.72000000,233.60640000,1665710625274,True,True
39566474,15.88000000,7.49000000,118.94120000,1665710625332,False,True
39566475,15.88000000,52.31000000,830.68280000,1665710625332,False,True
39566476,15.88000000,57.97000000,920.56360000,1665710625336,False,True
39566477,15.88000000,43.07000000,683.95160000,1665710625336,False,True
39566478,15.88000000,72.30000000,1148.12400000,1665710625336,False,True
