47269624,17.80000000,14.18000000,252.40400000,1680393608825,True,True
47269625,17.81000000,2.31000000,41.14110000,1680393613141,False,True
47269626,17.81000000,14.22000000,253.25820000,1680393616397,True,True
47269627,17.81000000,1.33000000,23.68730000,1680393624526,True,True
47269628,17.81000000,0.66000000,11.75460000,1680393624534,True,True
47269629,17.81000000,0.88000000,15.67280000,1680393624542,True,True
47269630,17.81000000,22.23000000,395.91630000,1680393641003,True,True
47269631,17.81000000,2.30000000,40.96300000,1680393641003,True,True
47269632,17.81000000,1.71000000,30.45510000,1680393641003,True,True
47269633,17.81000000,3.97000000,70.70570000,1680393641003,True,True
47269634,17.82000000,20.00000000,356.40000000,1680393665135,False,True
47269635,17.82000000,3.00000000,53.46000000,1680393665135,False,True
47269636,17.82000000,3.30000000,58.80600000,1680393665135,False,True
47269637,17.82000000,0.78000000,13.89960000,1680393665135,False,True
47269638,17.82000000,3.76000000,67.00320000,1680393665170,True,True
47269639,17.82000000,5.70000000,101.57400000,1680393665315,True,True
47269640,17.83000000,10.00000000,178.30000000,1680393689259,False,True
47269641,17.83000000,20.00000000,356.60000000,1680393689259,False,True
47269642,17.83000000,3.00000000,53.49000000,1680393689259,False,True
47269643,17.83000000,1.85000000,32.98550000,1680393689259,False,True
47269644,17.83000000,46.44000000,828.02520000,1680393689259,False,True
47269645,17.83000000,3.30000000,58.83900000,1680393689259,False,True
47269646,17.83000000,2.51000000,44.75330000,1680393689273,True,True
47269647,17.83000000,7.71000000,137.46930000,1680393689389,True,True
47269648,17.83000000,1.81000000,32.27230000,1680393689540,True,True
47269649,17.83000000,1.81000000,32.27230000,1680393689590,True,True
47269650,17.83000000,1.81000000,32.27230000,1680393689637,True,True
47269651,17.83000000,1.81000000,32.27230000,1680393689787,True,True
47269652,17.83000000,1.81000000,32.27230000,1680393689825,True,True
47269653,17.83000000,1.81000000,32.27230000,1680393689874,True,True
47269654,17.83000000,1.81000000,32.27230000,1680393689899,True,True
47269655,17.83000000,1.81000000,32.27230000,1680393689923,True,True
47269656,17.83000000,1.78000000,31.73740000,1680393689948,True,True
47269657,17.83000000,2.90000000,51.70700000,1680393699678,True,True
47269658,17.83000000,1.54000000,27.45820000,1680393699703,True,True
47269659,17.82000000,0.66000000,11.76120000,1680393756278,False,True
47269660,17.82000000,1.65000000,29.40300000,1680393756283,False,True
47269661,17.82000000,1.41000000,25.12620000,1680393756287,False,True
47269662,17.82000000,1.41000000,25.12620000,1680393756287,False,True
47269663,17.83000000,2.31000000,41.18730000,1680393772785,False,True
47269664,17.83000000,0.67000000,11.94610000,1680393772785,False,True
47269665,17.83000000,2.31000000,41.18730000,1680393772833,True,True
47269666,17.83000000,0.96000000,17.11680000,1680393772833,True,True
47269667,17.83000000,10.18000000,181.50940000,1680393772946,True,True
47269668,17.83000000,1.71000000,30.48930000,1680393780242,True,True
47269669,17.83000000,1.71000000,30.48930000,1680393780242,True,True
47269670,17.83000000,2.31000000,41.18730000,1680393780242,True,True
47269671,17.83000000,1.15000000,20.50450000,1680393796565,False,True
47269672,17.82000000,1.00000000,17.82000000,1680393804333,True,True
47269673,17.83000000,0.66000000,11.76780000,1680393820664,False,True
47269674,17.83000000,1.41000000,25.14030000,1680393820664,False,True
47269675,17.83000000,3.30000000,58.83900000,1680393820664,False,True
47269676,17.83000000,4.90000000,87.36700000,1680393820664,False,True
47269677,17.83000000,2.22000000,39.58260000,1680393820683,True,True
47269678,17.83000000,0.09000000,1.60470000,1680393820707,True,True
47269679,17.83000000,1.71000000,30.48930000,1680393820707,True,True
47269680,17.83000000,1.71000000,30.48930000,1680393820707,True,True
47269681,17.83000000,2.22000000,39.58260000,1680393820707,True,True
47269682,17.83000000,0.01000000,0.17830000,1680393820737,True,True
47269683,17.83000000,1.41000000,25.14030000,1680393820737,True,True
47269684,17.82000000,0.81000000,14.43420000,1680393839205,True,True
47269685,17.83000000,2.31000000,41.18730000,1680393843830,False,True
47269686,17.83000000,1.49000000,26.56670000,1680393843830,False,True
47269687,17.83000000,2.45000000,43.68350000,1680393843835,False,True
47269688,17.83000000,2.31000000,41.18730000,1680393843847,False,True
47269689,17.83000000,14.95000000,266.55850000,1680393843931,True,True
47269690,17.83000000,4.76000000,84.87080000,1680393850501,True,True
47269691,17.84000000,2.31000000,41.21040000,1680393851034,False,True
47269692,17.84000000,24.08000000,429.58720000,1680393851034,False,True
47269693,17.84000000,3.00000000,53.52000000,1680393851034,False,True
47269694,17.84000000,15.71000000,280.26640000,1680393851034,False,True
47269695,17.84000000,4.29000000,76.53360000,1680393851057,False,True
47269696,17.84000000,4.85000000,86.52400000,1680393851057,False,True
47269697,17.84000000,3.30000000,58.87200000,1680393851057,False,True
47269698,17.84000000,1.58000000,28.18720000,1680393851110,True,True
47269699,17.84000000,0.43000000,7.67120000,1680393851246,True,True
47269700,17.84000000,0.30000000,5.35200000,1680393851263,True,True
47269701,17.84000000,3.34000000,59.58560000,1680393851263,True,True
47269702,17.84000000,0.82000000,14.62880000,1680393851263,True,True
47269703,17.84000000,0.66000000,11.77440000,1680393851267,True,True
47269704,17.84000000,0.10000000,1.78400000,1680393851292,True,True
47269705,17.84000000,1.23000000,21.94320000,1680393851292,True,True
47269706,17.84000000,0.18000000,3.21120000,1680393851358,True,True
47269707,17.84000000,2.94000000,52.44960000,1680393851358,True,True
47269708,17.84000000,0.41000000,7.31440000,1680393851360,True,True
47269709,17.84000000,2.31000000,41.21040000,1680393881635,False,True
47269710,17.84000000,11.81000000,210.69040000,1680393881720,True,True
47269711,17.84000000,25.29000000,451.17360000,1680393881802,True,True
47269712,17.84000000,1.00000000,17.84000000,1680393908128,True,True
47269713,17.85000000,1.96000000,34.98600000,1680393929633,False,True
47269714,17.85000000,0.57000000,10.17450000,1680393936137,False,True
47269715,17.84000000,3.09000000,55.12560000,1680393936811,True,True
47269716,17.84000000,14.01000000,249.93840000,1680393936811,True,True
47269717,17.84000000,16.52000000,294.71680000,1680393936811,True,True
47269718,17.84000000,11.51000000,205.33840000,1680393936816,True,True
47269719,17.84000000,16.50000000,294.36000000,1680393936816,True,True
47269720,17.84000000,11.21000000,199.98640000,1680393936816,True,True
47269721,17.84000000,4.47000000,79.74480000,1680393936821,True,True
47269722,17.85000000,4.72000000,84.25200000,1680393936855,False,True
47269723,17.85000000,9.28000000,165.64800000,1680393936855,False,True
47269724,17.84000000,2.22000000,39.60480000,1680393972169,True,True
47269725,17.84000000,14.01000000,249.93840000,1680393972169,True,True
47269726,17.84000000,3.31000000,59.05040000,1680393972169,True,True
47269727,17.84000000,3.74000000,66.72160000,1680393972211,False,True
47269728,17.83000000,1.41000000,25.14030000,1680393972710,True,True
47269729,17.82000000,0.50000000,8.91000000,1680393972746,True,True
47269730,17.82000000,0.91000000,16.21620000,1680393972746,True,True
47269731,17.82000000,1.13000000,20.13660000,1680393986586,True,True
47269732,17.82000000,0.90000000,16.03800000,1680393989679,True,True
47269733,17.82000000,41.19000000,734.00580000,1680393989684,True,True
47269734,17.82000000,14.02000000,249.83640000,1680393989684,True,True
47269735,17.82000000,39.45000000,702.99900000,1680393989684,True,True
47269736,17.83000000,0.57000000,10.16310000,1680393996028,False,True
47269737,17.83000000,0.57000000,10.16310000,1680394006459,False,True
47269738,17.83000000,38.04000000,678.25320000,1680394006873,False,True
47269739,17.83000000,2.31000000,41.18730000,1680394006873,False,True
47269740,17.83000000,27.88000000,497.10040000,1680394006873,False,True
47269741,17.82000000,8.89000000,158.41980000,1680394025764,True,True
47269742,17.82000000,13.99000000,249.30180000,1680394025764,True,True
47269743,17.82000000,0.04000000,0.71280000,1680394025767,True,True
47269744,17.82000000,2.31000000,41.16420000,1680394063190,False,True
47269745,17.82000000,0.49000000,8.73180000,1680394063190,False,True
47269746,17.82000000,0.77000000,13.72140000,1680394077703,False,True
47269747,17.82000000,1.92000000,34.21440000,1680394077703,False,True
47269748,17.82000000,0.14000000,2.49480000,1680394077707,False,True
47269749,17.83000000,1.14000000,20.32620000,1680394092766,False,True
47269750,17.84000000,2.31000000,41.21040000,1680394180903,False,True
47269751,17.84000000,3.30000000,58.87200000,1680394180903,False,True
47269752,17.84000000,1.26000000,22.47840000,1680394180903,False,True
47269753,17.84000000,0.14000000,2.49760000,1680394180906,False,True
47269754,17.84000000,2.31000000,41.21040000,1680394252073,True,True
47269755,17.84000000,12.61000000,224.96240000,1680394252073,True,True
47269756,17.84000000,3.35000000,59.76400000,1680394252073,True,True
47269757,17.84000000,7.67000000,136.83280000,1680394252073,True,True
47269758,17.84000000,17.56000000,313.27040000,1680394252087,True,True
47269759,17.84000000,25.23000000,450.10320000,1680394252087,True,True
47269760,17.84000000,1.83000000,32.64720000,1680394255638,False,True
47269761,17.84000000,36.08000000,643.66720000,1680394271890,False,True
47269762,17.84000000,0.68000000,12.13120000,1680394271890,False,True
47269763,17.85000000,1.78000000,31.77300000,1680394293081,False,True
47269764,17.85000000,8.94000000,159.57900000,1680394293083,False,True
47269765,17.85000000,1.41000000,25.16850000,1680394293083,False,True
47269766,17.85000000,3.00000000,53.55000000,1680394293083,False,True
47269767,17.85000000,0.72000000,12.85200000,1680394293083,False,True
47269768,17.85000000,0.71000000,12.67350000,1680394293083,False,True
47269769,17.85000000,42.77000000,763.44450000,1680394293083,False,True
47269770,17.85000000,2.52000000,44.98200000,1680394293083,False,True
47269771,17.85000000,0.78000000,13.92300000,1680394293084,False,True
47269772,17.85000000,1.00000000,17.85000000,1680394293084,False,True
47269773,17.86000000,0.67000000,11.96620000,1680394293085,False,True
47269774,17.86000000,20.00000000,357.20000000,1680394293085,False,True
47269775,17.86000000,1.84000000,32.86240000,1680394293085,False,True
47269776,17.86000000,3.31000000,59.11660000,1680394293085,False,True
47269777,17.86000000,3.00000000,53.58000000,1680394293085,False,True
47269778,17.86000000,1.06000000,18.93160000,1680394293085,False,True
47269779,17.86000000,2.87000000,51.25820000,1680394293085,False,True
47269780,17.86000000,1.26000000,22.50360000,1680394293085,False,True
47269781,17.86000000,0.84000000,15.00240000,1680394293085,False,True
47269782,17.86000000,3.00000000,53.58000000,1680394293085,False,True
47269783,17.86000000,6.69000000,119.48340000,1680394293085,False,True
47269784,17.86000000,19.09000000,340.94740000,1680394293085,False,True
47269785,17.85000000,15.49000000,276.49650000,1680394295567,True,True
47269786,17.85000000,11.85000000,211.52250000,1680394333213,True,True
47269787,17.85000000,3.10000000,55.33500000,1680394348653,True,True
47269788,17.85000000,0.69000000,12.31650000,1680394348653,True,True
47269789,17.85000000,6.29000000,112.27650000,1680394348654,True,True
47269790,17.85000000,5.62000000,100.31700000,1680394348659,True,True
47269791,17.85000000,1.40000000,24.99000000,1680394348659,True,True
47269792,17.85000000,14.00000000,249.90000000,1680394348659,True,True
47269793,17.85000000,37.95000000,677.40750000,1680394359309,False,True
47269794,17.85000000,53.22000000,949.97700000,1680394359309,False,True
47269795,17.85000000,37.87000000,675.97950000,1680394359309,False,True
47269796,17.85000000,3.75000000,66.93750000,1680394359309,False,True
47269797,17.85000000,55.62000000,992.81700000,1680394359317,False,True
47269798,17.85000000,2.31000000,41.23350000,1680394428320,True,True
47269799,17.85000000,3.31000000,59.08350000,1680394428320,True,True
47269800,17.85000000,12.60000000,224.91000000,1680394428320,True,True
47269801,17.85000000,25.21000000,449.99850000,1680394428320,True,True
47269802,17.85000000,1.46000000,26.06100000,1680394428320,True,True
47269803,17.84000000,2.31000000,41.21040000,1680394463334,True,True
47269804,17.84000000,24.89000000,444.03760000,1680394463334,True,True
47269805,17.84000000,1.08000000,19.26720000,1680394463334,True,True
47269806,17.84000000,7.75000000,138.26000000,1680394463339,True,True
47269807,17.84000000,3.78000000,67.43520000,1680394463339,True,True
47269808,17.84000000,3.27000000,58.33680000,1680394463339,True,True
47269809,17.84000000,14.01000000,249.93840000,1680394463339,True,True
47269810,17.84000000,1.10000000,19.62400000,1680394464271,False,True
47269811,17.84000000,36.82000000,656.86880000,1680394489084,False,True
47269812,17.84000000,43.18000000,770.33120000,1680394489084,False,True
47269813,17.84000000,33.84000000,603.70560000,1680394511176,False,True
47269814,17.84000000,2.23000000,39.78320000,1680394511463,False,True
47269815,17.84000000,0.08000000,1.42720000,1680394511466,False,True
47269816,17.84000000,0.58000000,10.34720000,1680394525924,True,True
47269817,17.85000000,2.31000000,41.23350000,1680394615130,False,True
47269818,17.85000000,2.31000000,41.23350000,1680394637412,True,True
47269819,17.85000000,7.11000000,126.91350000,1680394637412,True,True
47269820,17.85000000,0.88000000,15.70800000,1680394637413,True,True
47269821,17.85000000,0.66000000,11.78100000,1680394637421,True,True
47269822,17.85000000,5.35000000,95.49750000,1680394637423,True,True
47269823,17.85000000,11.20000000,199.92000000,1680394637423,True,True
47269824,17.85000000,2.31000000,41.23350000,1680394637423,True,True
47269825,17.85000000,4.75000000,84.78750000,1680394660361,False,True
47269826,17.84000000,8.41000000,150.03440000,1680394685603,True,True
47269827,17.84000000,6.00000000,107.04000000,1680394686477,True,True
47269828,17.84000000,0.66000000,11.77440000,1680394693054,True,True
47269829,17.84000000,10.55000000,188.21200000,1680394693061,True,True
47269830,17.84000000,22.42000000,399.97280000,1680394693061,True,True
47269831,17.84000000,63.95000000,1140.86800000,1680394693186,False,True
47269832,17.84000000,37.87000000,675.60080000,1680394693186,False,True
47269833,17.84000000,24.79000000,442.25360000,1680394693186,False,True
47269834,17.83000000,2.31000000,41.18730000,1680394743192,True,True
47269835,17.83000000,2.00000000,35.66000000,1680394743192,True,True
47269836,17.83000000,3.30000000,58.83900000,1680394743192,True,True
47269837,17.82000000,2.31000000,41.16420000,1680394743192,True,True
47269838,17.82000000,6.25000000,111.37500000,1680394743192,True,True
47269839,17.83000000,1.67000000,29.77610000,1680394743205,False,True
47269840,17.83000000,4.29000000,76.49070000,1680394743236,False,True
47269841,17.82000000,1.00000000,17.82000000,1680394747513,True,True
47269842,17.83000000,0.99000000,17.65170000,1680394759528,False,True
47269843,17.82000000,19.00000000,338.58000000,1680394785899,True,True
47269844,17.82000000,3.00000000,53.46000000,1680394785899,True,True
47269845,17.82000000,11.22000000,199.94040000,1680394785899,True,True
47269846,17.82000000,3.30000000,58.80600000,1680394785899,True,True
47269847,17.82000000,5.61000000,99.97020000,1680394785899,True,True
47269848,17.82000000,22.45000000,400.05900000,1680394785899,True,True
47269849,17.81000000,0.67000000,11.93270000,1680394785907,True,True
47269850,17.81000000,20.00000000,356.20000000,1680394785907,True,True
47269851,17.81000000,3.00000000,53.43000000,1680394785907,True,True
47269852,17.81000000,6.91000000,123.06710000,1680394785907,True,True
47269853,17.81000000,3.00000000,53.43000000,1680394785907,True,True
47269854,17.82000000,2.51000000,44.72820000,1680394785911,False,True
47269855,17.81000000,11.26000000,200.54060000,1680394785914,True,True
47269856,17.81000000,2.21000000,39.36010000,1680394792083,False,True
47269857,17.81000000,0.01000000,0.17810000,1680394792083,False,True
47269858,17.80000000,3.00000000,53.40000000,1680394818601,True,True
47269859,17.80000000,20.00000000,356.00000000,1680394818601,True,True
47269860,17.80000000,1.41000000,25.09800000,1680394818601,True,True
47269861,17.80000000,1.84000000,32.75200000,1680394818601,True,True
47269862,17.80000000,22.68000000,403.70400000,1680394818601,True,True
47269863,17.80000000,6.00000000,106.80000000,1680394862680,True,True
47269864,17.80000000,3.30000000,58.74000000,1680394862680,True,True
47269865,17.80000000,4.29000000,76.36200000,1680394862711,False,True
47269866,17.80000000,35.32000000,628.69600000,1680394940811,False,True
47269867,17.80000000,20.85000000,371.13000000,1680394940811,False,True
47269868,17.79000000,2.32000000,41.27280000,1680394976368,True,True
47269869,17.79000000,3.00000000,53.37000000,1680394976368,True,True
47269870,17.79000000,20.00000000,355.80000000,1680394976368,True,True
47269871,17.79000000,0.72000000,12.80880000,1680394976368,True,True
47269872,17.79000000,0.67000000,11.91930000,1680394976368,True,True
47269873,17.79000000,3.30000000,58.70700000,1680394976368,True,True
47269874,17.79000000,10.79000000,191.95410000,1680394976368,True,True
47269875,17.79000000,19.72000000,350.81880000,1680394976368,True,True
47269876,17.79000000,2.55000000,45.36450000,1680394976378,False,True
47269877,17.79000000,4.29000000,76.31910000,1680394976390,False,True
47269878,17.79000000,6.70000000,119.19300000,1680395049748,False,True
47269879,17.79000000,0.73000000,12.98670000,1680395049749,False,True
47269880,17.79000000,0.15000000,2.66850000,1680395049749,False,True
47269881,17.79000000,1.33000000,23.66070000,1680395049752,False,True
47269882,17.79000000,0.74000000,13.16460000,1680395049754,False,True
47269883,17.79000000,2.01000000,35.75790000,1680395094962,False,True
47269884,17.79000000,0.21000000,3.73590000,1680395094963,False,True
47269885,17.80000000,0.55000000,9.79000000,1680395104612,False,True
47269886,17.80000000,1.66000000,29.54800000,1680395116332,False,True
47269887,17.80000000,5.27000000,93.80600000,1680395116332,False,True
47269888,17.80000000,39.51000000,703.27800000,1680395116332,False,True
47269889,17.80000000,19.99000000,355.82200000,1680395116332,False,True
47269890,17.81000000,1.04000000,18.52240000,1680395126354,False,True
47269891,17.80000000,1.83000000,32.57400000,1680395242051,True,True
47269892,17.80000000,0.59000000,10.50200000,1680395242051,True,True
47269893,17.80000000,0.66000000,11.74800000,1680395242056,True,True
47269894,17.80000000,0.14000000,2.49200000,1680395242056,True,True
47269895,17.79000000,3.30000000,58.70700000,1680395251247,True,True
47269896,17.79000000,2.21000000,39.31590000,1680395251281,False,True
47269897,17.79000000,2.08000000,37.00320000,1680395251281,False,True
47269898,17.79000000,1.71000000,30.42090000,1680395261379,False,True
47269899,17.79000000,1.71000000,30.42090000,1680395261379,False,True
47269900,17.79000000,2.22000000,39.49380000,1680395261379,False,True
47269901,17.79000000,50.53000000,898.92870000,1680395261379,False,True
47269902,17.80000000,0.61000000,10.85800000,1680395313318,False,True
47269903,17.79000000,0.43000000,7.64970000,1680395325356,True,True
47269904,17.79000000,1.00000000,17.79000000,1680395326647,True,True
47269905,17.79000000,0.79000000,14.05410000,1680395342958,True,True
47269906,17.79000000,1.43000000,25.43970000,1680395342958,True,True
47269907,17.78000000,2.33000000,41.42740000,1680395472448,True,True
47269908,17.78000000,1.48000000,26.31440000,1680395472448,True,True
47269909,17.78000000,1.52000000,27.02560000,1680395472451,True,True
47269910,17.78000000,102.64000000,1824.93920000,1680395472451,True,True
47269911,17.78000000,11.25000000,200.02500000,1680395472451,True,True
47269912,17.78000000,11.25000000,200.02500000,1680395472451,True,True
47269913,17.78000000,11.25000000,200.02500000,1680395472451,True,True
47269914,17.78000000,3.30000000,58.67400000,1680395472451,True,True
47269915,17.78000000,2.22000000,39.47160000,1680395472462,False,True
47269916,17.77000000,3.00000000,53.31000000,1680395501258,True,True
47269917,17.77000000,0.67000000,11.90590000,1680395501258,True,True
47269918,17.77000000,2.60000000,46.20200000,1680395501258,True,True
47269919,17.77000000,0.67000000,11.90590000,1680395501260,True,True
47269920,17.78000000,27.86000000,495.35080000,1680395573312,False,True
47269921,17.78000000,10.00000000,177.80000000,1680395573312,False,True
47269922,17.78000000,2.37000000,42.13860000,1680395573312,False,True
47269923,17.78000000,11.69000000,207.84820000,1680395573375,False,True
47269924,17.78000000,12.05000000,214.24900000,1680395573375,False,True
47269925,17.78000000,1.15000000,20.44700000,1680395597204,False,True
47269926,17.77000000,16.73000000,297.29210000,1680395610109,True,True
47269927,17.77000000,3.70000000,65.74900000,1680395610109,True,True
47269928,17.77000000,1.85000000,32.87450000,1680395610109,True,True
47269929,17.77000000,4.85000000,86.18450000,1680395610109,True,True
47269930,17.77000000,0.71000000,12.61670000,1680395610109,True,True
47269931,17.77000000,3.30000000,58.64100000,1680395610109,True,True
47269932,17.77000000,1.26000000,22.39020000,1680395610109,True,True
47269933,17.77000000,0.14000000,2.48780000,1680395610109,True,True
47269934,17.77000000,3.02000000,53.66540000,1680395610120,False,True
47269935,17.76000000,2.32000000,41.20320000,1680395649266,True,True
47269936,17.76000000,3.00000000,53.28000000,1680395649266,True,True
47269937,17.76000000,5.64000000,100.16640000,1680395649266,True,True
47269938,17.76000000,0.68000000,12.07680000,1680395649266,True,True
47269939,17.76000000,11.09000000,196.95840000,1680395649266,True,True
47269940,17.76000000,1.00000000,17.76000000,1680395649272,True,True
47269941,17.76000000,6.78000000,120.41280000,1680395651174,True,True
47269942,17.76000000,1.13000000,20.06880000,1680395651176,True,True
47269943,17.76000000,3.31000000,58.78560000,1680395651176,True,True
47269944,17.76000000,3.30000000,58.60800000,1680395651176,True,True
47269945,17.76000000,12.96000000,230.16960000,1680395651176,True,True
47269946,17.76000000,30.26000000,537.41760000,1680395651176,True,True
47269947,17.75000000,1.00000000,17.75000000,1680395651185,True,True
47269948,17.75000000,0.41000000,7.27750000,1680395651185,True,True
47269949,17.75000000,1.59000000,28.22250000,1680395651185,True,True
47269950,17.76000000,2.22000000,39.42720000,1680395658991,False,True
47269951,17.76000000,2.83000000,50.26080000,1680395658991,False,True
47269952,17.75000000,2.00000000,35.50000000,1680395668915,True,True
47269953,17.75000000,2.00000000,35.50000000,1680395668915,True,True
47269954,17.75000000,2.00000000,35.50000000,1680395668916,True,True
47269955,17.75000000,1.71000000,30.35250000,1680395672301,True,True
47269956,17.75000000,2.00000000,35.50000000,1680395672302,True,True
47269957,17.75000000,8.70000000,154.42500000,1680395672304,True,True
47269958,17.75000000,3.00000000,53.25000000,1680395672304,True,True
47269959,17.75000000,1.36000000,24.14000000,1680395672304,True,True
47269960,17.75000000,0.77000000,13.66750000,1680395672304,True,True
47269961,17.75000000,16.88000000,299.62000000,1680395672304,True,True
47269962,17.75000000,2.00000000,35.50000000,1680395672305,True,True
47269963,17.75000000,2.00000000,35.50000000,1680395672308,True,True
47269964,17.75000000,2.00000000,35.50000000,1680395672308,True,True
47269965,17.75000000,2.00000000,35.50000000,1680395672309,True,True
47269966,17.75000000,1.00000000,17.75000000,1680395672309,True,True
47269967,17.75000000,1.00000000,17.75000000,1680395672310,True,True
47269968,17.75000000,2.00000000,35.50000000,1680395672645,True,True
47269969,17.75000000,3.00000000,53.25000000,1680395672645,True,True
47269970,17.75000000,2.00000000,35.50000000,1680395672650,True,True
47269971,17.75000000,3.00000000,53.25000000,1680395681449,True,True
47269972,17.75000000,19.34000000,343.28500000,1680395681454,True,True
47269973,17.75000000,36.25000000,643.43750000,1680395681457,True,True
47269974,17.75000000,12.70000000,225.42500000,1680395681459,True,True
47269975,17.75000000,0.36000000,6.39000000,1680395681459,True,True
47269976,17.75000000,2.81000000,49.87750000,1680395681459,True,True
47269977,17.75000000,0.57000000,10.11750000,1680395681459,True,True
47269978,17.75000000,2.00000000,35.50000000,1680395681459,True,True
47269979,17.75000000,3.30000000,58.57500000,1680395681459,True,True
47269980,17.75000000,1.43000000,25.38250000,1680395682374,False,True
47269981,17.75000000,7.84000000,139.16000000,1680395695220,False,True
47269982,17.75000000,10.00000000,177.50000000,1680395695220,False,True
47269983,17.75000000,2.10000000,37.27500000,1680395695220,False,True
47269984,17.75000000,2.00000000,35.50000000,1680395712723,True,True
47269985,17.75000000,0.22000000,3.90500000,1680395712781,True,True
47269986,17.75000000,0.67000000,11.89250000,1680395712781,True,True
47269987,17.75000000,2.00000000,35.50000000,1680395712781,True,True
47269988,17.74000000,2.32000000,41.15680000,1680395716550,True,True
47269989,17.74000000,0.57000000,10.11180000,1680395716550,True,True
47269990,17.74000000,5.86000000,103.95640000,1680395734810,True,True
47269991,17.74000000,4.29000000,76.10460000,1680395755331,True,True
47269992,17.74000000,9.28000000,164.62720000,1680395758525,True,True
47269993,17.74000000,0.72000000,12.77280000,1680395758525,True,True
47269994,17.74000000,2.12000000,37.60880000,1680395758525,True,True
47269995,17.74000000,0.88000000,15.61120000,1680395758915,True,True
47269996,17.74000000,1.85000000,32.81900000,1680395758915,True,True
47269997,17.74000000,0.27000000,4.78980000,1680395758915,True,True
47269998,17.74000000,2.97000000,52.68780000,1680395760275,True,True
47269999,17.74000000,0.57000000,10.11180000,1680395760275,True,True
47270000,17.74000000,1.06000000,18.80440000,1680395760275,True,True
47270001,17.74000000,1.46000000,25.90040000,1680395760275,True,True
47270002,17.74000000,1.71000000,30.33540000,1680395760726,True,True
47270003,17.74000000,1.71000000,30.33540000,1680395760726,True,True
47270004,17.74000000,1.12000000,19.86880000,1680395760726,True,True
47270005,17.74000000,0.59000000,10.46660000,1680395760726,True,True
47270006,17.74000000,2.71000000,48.07540000,1680395760730,True,True
47270007,17.74000000,7.40000000,131.27600000,1680395760730,True,True
47270008,17.74000000,3.87000000,68.65380000,1680395760746,True,True
47270009,17.74000000,5.96000000,105.73040000,1680395760941,False,True
47270010,17.74000000,1.12000000,19.86880000,1680395761540,False,True
47270011,17.73000000,2.22000000,39.36060000,1680395767638,True,True
47270012,17.73000000,3.52000000,62.40960000,1680395767638,True,True
47270013,17.73000000,3.75000000,66.48750000,1680395767638,True,True
47270014,17.73000000,1.17000000,20.74410000,1680395767638,True,True
47270015,17.73000000,20.00000000,354.60000000,1680395767638,True,True
47270016,17.73000000,1.16000000,20.56680000,1680395767638,True,True
47270017,17.73000000,1.48000000,26.24040000,1680395767638,True,True
47270018,17.73000000,0.16000000,2.83680000,1680395767638,True,True
47270019,17.74000000,0.97000000,17.20780000,1680395769887,False,True
47270020,17.73000000,1.31000000,23.22630000,1680395773273,True,True
47270021,17.72000000,1.00000000,17.72000000,1680395773275,True,True
47270022,17.72000000,19.00000000,336.68000000,1680395789321,True,True
47270023,17.72000000,0.67000000,11.87240000,1680395789321,True,True
47270024,17.72000000,3.00000000,53.16000000,1680395789321,True,True
47270025,17.72000000,0.72000000,12.75840000,1680395789321,True,True
47270026,17.72000000,1.00000000,17.72000000,1680395789321,True,True
47270027,17.72000000,0.68000000,12.04960000,1680395789321,True,True
47270028,17.72000000,3.30000000,58.47600000,1680395789321,True,True
47270029,17.71000000,20.00000000,354.20000000,1680395829838,True,True
47270030,17.71000000,0.72000000,12.75120000,1680395829838,True,True
47270031,17.71000000,3.00000000,53.13000000,1680395829838,True,True
47270032,17.71000000,1.85000000,32.76350000,1680395829838,True,True
47270033,17.71000000,0.34000000,6.02140000,1680395829838,True,True
47270034,17.71000000,27.43000000,485.78530000,1680395829838,True,True
47270035,17.71000000,2.02000000,35.77420000,1680395829838,True,True
47270036,17.71000000,3.30000000,58.44300000,1680395829838,True,True
47270037,17.71000000,9.20000000,162.93200000,1680395829838,True,True
47270038,17.71000000,21.65000000,383.42150000,1680395829846,True,True
47270039,17.71000000,3.00000000,53.13000000,1680395829849,True,True
47270040,17.71000000,18.81000000,333.12510000,1680395829849,True,True
47270041,17.71000000,2.00000000,35.42000000,1680395829849,True,True
47270042,17.71000000,1.71000000,30.28410000,1680395829859,True,True
47270043,17.71000000,46.67000000,826.52570000,1680395829867,True,True
47270044,17.70000000,20.00000000,354.00000000,1680395829867,True,True
47270045,17.70000000,1.41000000,24.95700000,1680395829867,True,True
47270046,17.70000000,4.11000000,72.74700000,1680395829867,True,True
47270047,17.70000000,1.54000000,27.25800000,1680395829867,True,True
47270048,17.70000000,2.67000000,47.25900000,1680395829867,True,True
47270049,17.70000000,0.33000000,5.84100000,1680395864302,True,True
47270050,17.70000000,0.67000000,11.85900000,1680395864302,True,True
47270051,17.70000000,1.00000000,17.70000000,1680395864302,True,True
47270052,17.71000000,2.22000000,39.31620000,1680395876972,False,True
47270053,17.71000000,10.00000000,177.10000000,1680395876972,False,True
47270054,17.71000000,21.42000000,379.34820000,1680395877062,True,True
47270055,17.71000000,0.67000000,11.86570000,1680395903538,True,True
47270056,17.71000000,1.74000000,30.81540000,1680395903538,True,True
47270057,17.70000000,0.15000000,2.65500000,1680395928302,True,True
47270058,17.70000000,0.85000000,15.04500000,1680395928302,True,True
47270059,17.71000000,16.48000000,291.86080000,1680395946186,False,True
47270060,17.71000000,6.78000000,120.07380000,1680395946188,False,True
47270061,17.71000000,0.58000000,10.27180000,1680395946190,False,True
47270062,17.71000000,14.12000000,250.06520000,1680395946190,False,True
47270063,17.72000000,2.22000000,39.33840000,1680395950950,False,True
47270064,17.72000000,4.29000000,76.01880000,1680395950996,True,True
47270065,17.72000000,2.47000000,43.76840000,1680395975761,True,True
47270066,17.72000000,3.60000000,63.79200000,1680395975765,True,True
47270067,17.72000000,14.74000000,261.19280000,1680396007709,True,True
47270068,17.72000000,0.89000000,15.77080000,1680396008666,True,True
47270069,17.73000000,2.22000000,39.36060000,1680396024470,False,True
47270070,17.74000000,0.78000000,13.83720000,1680396025504,False,True
47270071,17.73000000,5.40000000,95.74200000,1680396064985,True,True
47270072,17.73000000,5.65000000,100.17450000,1680396064988,True,True
47270073,17.73000000,1.13000000,20.03490000,1680396064988,True,True
47270074,17.73000000,1.09000000,19.32570000,1680396064989,True,True
47270075,17.73000000,1.34000000,23.75820000,1680396064994,True,True
47270076,17.73000000,0.08000000,1.41840000,1680396064996,True,True
47270077,17.72000000,0.44000000,7.79680000,1680396087554,True,True
47270078,17.72000000,1.11000000,19.66920000,1680396087558,True,True
47270079,17.72000000,9.75000000,172.77000000,1680396088552,True,True
47270080,17.71000000,2.22000000,39.31620000,1680396104127,False,True
47270081,17.71000000,2.07000000,36.65970000,1680396104127,False,True
47270082,17.71000000,0.73000000,12.92830000,1680396110008,False,True
47270083,17.71000000,0.98000000,17.35580000,1680396111894,False,True
47270084,17.71000000,1.71000000,30.28410000,1680396111894,False,True
47270085,17.71000000,11.80000000,208.97800000,1680396111894,False,True
47270086,17.71000000,30.00000000,531.30000000,1680396142044,True,True
47270087,17.71000000,1.00000000,17.71000000,1680396143773,True,True
47270088,17.71000000,2.00000000,35.42000000,1680396143773,True,True
47270089,17.72000000,1.69000000,29.94680000,1680396143882,False,True
47270090,17.71000000,2.00000000,35.42000000,1680396144382,True,True
47270091,17.71000000,1.00000000,17.71000000,1680396144383,True,True
47270092,17.71000000,1.00000000,17.71000000,1680396144413,True,True
47270093,17.71000000,2.00000000,35.42000000,1680396144419,True,True
47270094,17.71000000,5.65000000,100.06150000,1680396148063,True,True
47270095,17.71000000,117.77000000,2085.70670000,1680396148072,True,True
47270096,17.71000000,3.00000000,53.13000000,1680396148073,True,True
47270097,17.71000000,2.00000000,35.42000000,1680396148074,True,True
47270098,17.71000000,5.16000000,91.38360000,1680396148079,True,True
47270099,17.71000000,1.00000000,17.71000000,1680396148087,True,True
47270100,17.71000000,1.00000000,17.71000000,1680396148089,True,True
47270101,17.71000000,2.00000000,35.42000000,1680396148093,True,True
47270102,17.71000000,5.00000000,88.55000000,1680396148094,True,True
47270103,17.71000000,4.00000000,70.84000000,1680396148097,True,True
47270104,17.71000000,1.00000000,17.71000000,1680396148115,True,True
47270105,17.71000000,129.23000000,2288.66330000,1680396148120,True,True
47270106,17.71000000,2.00000000,35.42000000,1680396148124,True,True
47270107,17.71000000,8.00000000,141.68000000,1680396148124,True,True
47270108,17.71000000,7.00000000,123.97000000,1680396148126,True,True
47270109,17.71000000,2.00000000,35.42000000,1680396148128,True,True
47270110,17.71000000,135.64000000,2402.18440000,1680396148149,True,True
47270111,17.71000000,2.00000000,35.42000000,1680396148152,True,True
47270112,17.71000000,3.00000000,53.13000000,1680396148152,True,True
47270113,17.71000000,2.00000000,35.42000000,1680396148159,True,True
47270114,17.71000000,5.00000000,88.55000000,1680396148159,True,True
47270115,17.71000000,3.00000000,53.13000000,1680396148189,True,True
47270116,17.71000000,23.00000000,407.33000000,1680396148199,True,True
47270117,17.71000000,3.00000000,53.13000000,1680396148200,True,True
47270118,17.71000000,4.00000000,70.84000000,1680396148216,True,True
47270119,17.71000000,139.05000000,2462.57550000,1680396148293,True,True
47270120,17.71000000,41.00000000,726.11000000,1680396148297,True,True
47270121,17.71000000,53.88000000,954.21480000,1680396148341,True,True
47270122,17.71000000,42.00000000,743.82000000,1680396148392,True,True
47270123,17.71000000,142.49000000,2523.49790000,1680396148392,True,True
47270124,17.71000000,52.81000000,935.26510000,1680396148445,True,True
47270125,17.71000000,140.08000000,2480.81680000,1680396148477,True,True
47270126,17.71000000,136.67000000,2420.42570000,1680396148513,True,True
47270127,17.71000000,1.08000000,19.12680000,1680396148561,True,True
47270128,17.71000000,30.00000000,531.30000000,1680396149131,True,True
47270129,17.72000000,0.53000000,9.39160000,1680396157915,False,True
47270130,17.72000000,0.04000000,0.70880000,1680396157915,False,True
47270131,17.71000000,4.29000000,75.97590000,1680396165802,True,True
47270132,17.72000000,7.81000000,138.39320000,1680396191630,False,True
47270133,17.72000000,3.47000000,61.48840000,1680396191630,False,True
47270134,17.72000000,37.33000000,661.48760000,1680396191630,False,True
47270135,17.72000000,28.22000000,500.05840000,1680396191630,False,True
47270136,17.72000000,2.42000000,42.88240000,1680396191630,False,True
47270137,17.72000000,11.69000000,207.14680000,1680396191630,False,True
47270138,17.72000000,23.87000000,422.97640000,1680396191630,False,True
47270139,17.72000000,46.97000000,832.30840000,1680396191630,False,True
47270140,17.72000000,43.43000000,769.57960000,1680396191630,False,True
47270141,17.72000000,3.82000000,67.69040000,1680396191634,False,True
47270142,17.72000000,10.29000000,182.33880000,1680396191634,False,True
47270143,17.72000000,1.08000000,19.13760000,1680396191634,False,True
47270144,17.72000000,28.77000000,509.80440000,1680396191635,False,True
47270145,17.72000000,6.78000000,120.14160000,1680396191635,False,True
47270146,17.72000000,5.44000000,96.39680000,1680396191635,False,True
47270147,17.72000000,1.71000000,30.30120000,1680396191635,False,True
47270148,17.72000000,1.71000000,30.30120000,1680396191635,False,True
47270149,17.72000000,1.48000000,26.22560000,1680396282992,True,True
47270150,17.72000000,3.82000000,67.69040000,1680396287650,True,True
47270151,17.72000000,7.83000000,138.74760000,1680396287655,True,True
47270152,17.72000000,1.03000000,18.25160000,1680396287655,True,True
47270153,17.72000000,1.20000000,21.26400000,1680396287655,True,True
47270154,17.72000000,10.67000000,189.07240000,1680396289368,False,True
47270155,17.72000000,1.55000000,27.46600000,1680396320281,False,True
47270156,17.72000000,4.08000000,72.29760000,1680396320281,False,True
47270157,17.72000000,7.69000000,136.26680000,1680396320281,False,True
47270158,17.72000000,11.29000000,200.05880000,1680396320281,False,True
47270159,17.72000000,2.82000000,49.97040000,1680396320284,False,True
47270160,17.72000000,10.26000000,181.80720000,1680396320284,False,True
47270161,17.72000000,2.69000000,47.66680000,1680396320285,False,True
47270162,17.72000000,8.50000000,150.62000000,1680396320285,False,True
47270163,17.72000000,6.77000000,119.96440000,1680396320286,False,True
47270164,17.72000000,24.00000000,425.28000000,1680396320286,False,True
47270165,17.72000000,12.72000000,225.39840000,1680396320286,False,True
47270166,17.72000000,4.29000000,76.01880000,1680396320448,True,True
47270167,17.72000000,1.52000000,26.93440000,1680396322727,True,True
47270168,17.72000000,1.11000000,19.66920000,1680396338007,True,True
47270169,17.72000000,1.11000000,19.66920000,1680396338015,True,True
47270170,17.72000000,2.23000000,39.51560000,1680396338059,True,True
47270171,17.71000000,0.66000000,11.68860000,1680396357645,True,True
47270172,17.71000000,0.89000000,15.76190000,1680396357650,True,True
47270173,17.71000000,0.66000000,11.68860000,1680396357654,True,True
47270174,17.71000000,5.58000000,98.82180000,1680396357656,True,True
47270175,17.71000000,4.05000000,71.72550000,1680396357658,True,True
47270176,17.71000000,116.11000000,2056.30810000,1680396359247,True,True
47270177,17.71000000,10.42000000,184.53820000,1680396359251,True,True
47270178,17.71000000,11.47000000,203.13370000,1680396359254,True,True
47270179,17.71000000,28.77000000,509.51670000,1680396359259,True,True
47270180,17.71000000,3.52000000,62.33920000,1680396359310,True,True
47270181,17.71000000,53.91000000,954.74610000,1680396359318,True,True
47270182,17.71000000,41.68000000,738.15280000,1680396359382,True,True
47270183,17.71000000,1.42000000,25.14820000,1680396359390,True,True
47270184,17.70000000,0.58000000,10.26600000,1680396359390,True,True
47270185,17.70000000,1.00000000,17.70000000,1680396359398,True,True
47270186,17.71000000,2.23000000,39.49330000,1680396407259,False,True
47270187,17.71000000,38.10000000,674.75100000,1680396420212,True,True
47270188,17.71000000,52.10000000,922.69100000,1680396420212,True,True
47270189,17.71000000,1.82000000,32.23220000,1680396420321,True,True
47270190,17.71000000,2.47000000,43.74370000,1680396420321,True,True
47270191,17.71000000,36.18000000,640.74780000,1680396420373,True,True
47270192,17.71000000,2.23000000,39.49330000,1680396420389,True,True
47270193,17.71000000,32.07000000,567.95970000,1680396420404,True,True
47270194,17.71000000,0.62000000,10.98020000,1680396447161,False,True
47270195,17.70000000,25.82000000,457.01400000,1680396455831,True,True
47270196,17.70000000,1.52000000,26.90400000,1680396455831,True,True
47270197,17.70000000,2.95000000,52.21500000,1680396455831,True,True
47270198,17.70000000,1.32000000,23.36400000,1680396455831,True,True
47270199,17.70000000,6.00000000,106.20000000,1680396455831,True,True
47270200,17.70000000,23.40000000,414.18000000,1680396455831,True,True
47270201,17.70000000,16.60000000,293.82000000,1680396455874,True,True
47270202,17.70000000,3.30000000,58.41000000,1680396455874,True,True
47270203,17.70000000,1.42000000,25.13400000,1680396455956,True,True
47270204,17.70000000,2.23000000,39.47100000,1680396455966,False,True
47270205,17.70000000,14.12000000,249.92400000,1680396466382,False,True
47270206,17.70000000,24.05000000,425.68500000,1680396466382,False,True
47270207,17.70000000,44.94000000,795.43800000,1680396466382,False,True
47270208,17.70000000,28.25000000,500.02500000,1680396466382,False,True
47270209,17.70000000,4.29000000,75.93300000,1680396466441,True,True
47270210,17.70000000,33.87000000,599.49900000,1680396466985,True,True
47270211,17.70000000,4.58000000,81.06600000,1680396466985,True,True
47270212,17.70000000,33.60000000,594.72000000,1680396467086,True,True
47270213,17.70000000,4.25000000,75.22500000,1680396467086,True,True
47270214,17.69000000,4.29000000,75.89010000,1680396467156,True,True
47270215,17.70000000,1.15000000,20.35500000,1680396497051,False,True
47270216,17.69000000,15.71000000,277.90990000,1680396498156,True,True
47270217,17.69000000,3.00000000,53.07000000,1680396498156,True,True
47270218,17.69000000,0.71000000,12.55990000,1680396498156,True,True
47270219,17.69000000,4.85000000,85.79650000,1680396498156,True,True
47270220,17.69000000,3.25000000,57.49250000,1680396498156,True,True
47270221,17.69000000,3.32000000,58.73080000,1680396498156,True,True
47270222,17.69000000,1.00000000,17.69000000,1680396498156,True,True
47270223,17.69000000,3.30000000,58.37700000,1680396498156,True,True
47270224,17.68000000,29.19000000,516.07920000,1680396500142,True,True
47270225,17.68000000,1.00000000,17.68000000,1680396516555,True,True
47270226,17.68000000,2.00000000,35.36000000,1680396516555,True,True
47270227,17.68000000,16.35000000,289.06800000,1680396516560,True,True
47270228,17.68000000,1.46000000,25.81280000,1680396516562,True,True
47270229,17.68000000,0.72000000,12.72960000,1680396516562,True,True
47270230,17.68000000,3.00000000,53.04000000,1680396516562,True,True
47270231,17.68000000,1.86000000,32.88480000,1680396516562,True,True
47270232,17.68000000,1.36000000,24.04480000,1680396516562,True,True
47270233,17.68000000,0.39000000,6.89520000,1680396516562,True,True
47270234,17.68000000,2.42000000,42.78560000,1680396516562,True,True
47270235,17.68000000,0.73000000,12.90640000,1680396516562,True,True
47270236,17.68000000,0.68000000,12.02240000,1680396516562,True,True
47270237,17.68000000,3.30000000,58.34400000,1680396516562,True,True
47270238,17.68000000,0.70000000,12.37600000,1680396516572,False,True
47270239,17.67000000,2.12000000,37.46040000,1680396516607,True,True
47270240,17.67000000,2.41000000,42.58470000,1680396516607,True,True
47270241,17.68000000,2.47000000,43.66960000,1680396518160,False,True
47270242,17.68000000,0.89000000,15.73520000,1680396518164,False,True
47270243,17.68000000,3.11000000,54.98480000,1680396518165,False,True
47270244,17.68000000,14.14000000,249.99520000,1680396518165,False,True
47270245,17.68000000,10.30000000,182.10400000,1680396518165,False,True
47270246,17.68000000,23.86000000,421.84480000,1680396518165,False,True
47270247,17.68000000,1.42000000,25.10560000,1680396520216,True,True
47270248,17.68000000,3.17000000,56.04560000,1680396520216,True,True
47270249,17.68000000,0.44000000,7.77920000,1680396523239,True,True
47270250,17.68000000,2.93000000,51.80240000,1680396525161,True,True
47270251,17.68000000,5.66000000,100.06880000,1680396525161,True,True
47270252,17.68000000,2.28000000,40.31040000,1680396525166,True,True
47270253,17.67000000,1.00000000,17.67000000,1680396564182,True,True
47270254,17.67000000,16.59000000,293.14530000,1680396564187,True,True
47270255,17.67000000,0.67000000,11.83890000,1680396564187,True,True
47270256,17.67000000,3.00000000,53.01000000,1680396564187,True,True
47270257,17.67000000,1.07000000,18.90690000,1680396564187,True,True
47270258,17.67000000,3.34000000,59.01780000,1680396564187,True,True
47270259,17.67000000,3.40000000,60.07800000,1680396564187,True,True
47270260,17.67000000,1.27000000,22.44090000,1680396564187,True,True
47270261,17.67000000,1.00000000,17.67000000,1680396564187,True,True
47270262,17.67000000,6.00000000,106.02000000,1680396564187,True,True
47270263,17.67000000,3.30000000,58.31100000,1680396564187,True,True
47270264,17.67000000,3.33000000,58.84110000,1680396564187,True,True
47270265,17.67000000,2.63000000,46.47210000,1680396564226,False,True
47270266,17.66000000,2.00000000,35.32000000,1680396564262,True,True
47270267,17.67000000,0.56000000,9.89520000,1680396565526,False,True
47270268,17.66000000,1.71000000,30.19860000,1680396574095,True,True
47270269,17.66000000,6.16000000,108.78560000,1680396574100,True,True
47270270,17.66000000,2.00000000,35.32000000,1680396574123,True,True
47270271,17.66000000,2.00000000,35.32000000,1680396574289,True,True
47270272,17.66000000,2.00000000,35.32000000,1680396574314,True,True
47270273,17.67000000,13.05000000,230.59350000,1680396574333,False,True
47270274,17.66000000,3.00000000,52.98000000,1680396574351,True,True
47270275,17.66000000,1.13000000,19.95580000,1680396576598,True,True
47270276,17.66000000,2.87000000,50.68420000,1680396576598,True,True
47270277,17.66000000,0.13000000,2.29580000,1680396576641,True,True
47270278,17.66000000,0.61000000,10.77260000,1680396576641,True,True
47270279,17.66000000,1.14000000,20.13240000,1680396576641,True,True
47270280,17.66000000,0.12000000,2.11920000,1680396576641,True,True
47270281,17.66000000,0.25000000,4.41500000,1680396576660,True,True
47270282,17.66000000,3.30000000,58.27800000,1680396576660,True,True
47270283,17.66000000,3.45000000,60.92700000,1680396576660,True,True
47270284,17.66000000,1.00000000,17.66000000,1680396576759,True,True
47270285,17.66000000,6.35000000,112.14100000,1680396577566,True,True
47270286,17.66000000,2.92000000,51.56720000,1680396582627,True,True
47270287,17.66000000,1.46000000,25.78360000,1680396582840,True,True
47270288,17.66000000,7.93000000,140.04380000,1680396584750,True,True
47270289,17.66000000,21.68000000,382.86880000,1680396595128,True,True
47270290,17.66000000,5.21000000,92.00860000,1680396595132,True,True
47270291,17.66000000,5.06000000,89.35960000,1680396595132,True,True
47270292,17.66000000,1.00000000,17.66000000,1680396595447,True,True
47270293,17.66000000,2.00000000,35.32000000,1680396595494,True,True
47270294,17.66000000,2.00000000,35.32000000,1680396595504,True,True
47270295,17.66000000,1.00000000,17.66000000,1680396595518,True,True
47270296,17.66000000,2.00000000,35.32000000,1680396595526,True,True
47270297,17.66000000,2.00000000,35.32000000,1680396595533,True,True
47270298,17.66000000,2.00000000,35.32000000,1680396595535,True,True
47270299,17.66000000,1.00000000,17.66000000,1680396595566,True,True
47270300,17.66000000,2.00000000,35.32000000,1680396595572,True,True
47270301,17.66000000,3.00000000,52.98000000,1680396595574,True,True
47270302,17.66000000,26.94000000,475.76040000,1680396595772,True,True
47270303,17.65000000,7.63000000,134.66950000,1680396597097,True,True
47270304,17.66000000,2.23000000,39.38180000,1680396620235,False,True
47270305,17.66000000,42.26000000,746.31160000,1680396620235,False,True
47270306,17.66000000,36.58000000,646.00280000,1680396620235,False,True
47270307,17.66000000,14.16000000,250.06560000,1680396620235,False,True
47270308,17.66000000,1.02000000,18.01320000,1680396620235,False,True
47270309,17.66000000,27.30000000,482.11800000,1680396620236,False,True
47270310,17.66000000,68.95000000,1217.65700000,1680396620236,False,True
47270311,17.66000000,2.49000000,43.97340000,1680396620239,False,True
47270312,17.66000000,41.50000000,732.89000000,1680396620239,False,True
47270313,17.66000000,1.25000000,22.07500000,1680396620239,False,True
47270314,17.66000000,37.09000000,655.00940000,1680396620239,False,True
47270315,17.66000000,0.14000000,2.47240000,1680396620239,False,True
47270316,17.66000000,0.44000000,7.77040000,1680396620255,False,True
47270317,17.66000000,1.43000000,25.25380000,1680396624626,True,True
47270318,17.66000000,4.29000000,75.76140000,1680396624626,True,True
47270319,17.66000000,2.00000000,35.32000000,1680396637568,True,True
47270320,17.66000000,2.00000000,35.32000000,1680396641978,True,True
47270321,17.66000000,0.67000000,11.83220000,1680396643503,True,True
47270322,17.66000000,1.33000000,23.48780000,1680396643503,True,True
47270323,17.66000000,5.66000000,99.95560000,1680396643896,True,True
47270324,17.66000000,0.44000000,7.77040000,1680396643899,True,True
47270325,17.66000000,2.00000000,35.32000000,1680396643902,True,True
47270326,17.66000000,1.00000000,17.66000000,1680396643903,True,True
47270327,17.66000000,1.00000000,17.66000000,1680396643908,True,True
47270328,17.66000000,2.00000000,35.32000000,1680396643908,True,True
47270329,17.66000000,1.00000000,17.66000000,1680396643909,True,True
47270330,17.66000000,2.00000000,35.32000000,1680396643909,True,True
47270331,17.66000000,1.71000000,30.19860000,1680396643939,True,True
47270332,17.66000000,2.00000000,35.32000000,1680396643939,True,True
47270333,17.66000000,1.71000000,30.19860000,1680396643940,True,True
47270334,17.66000000,1.71000000,30.19860000,1680396643940,True,True
47270335,17.66000000,1.00000000,17.66000000,1680396643940,True,True
47270336,17.66000000,2.00000000,35.32000000,1680396643941,True,True
47270337,17.66000000,2.00000000,35.32000000,1680396643942,True,True
47270338,17.66000000,1.00000000,17.66000000,1680396643943,True,True
47270339,17.66000000,1.00000000,17.66000000,1680396643943,True,True
47270340,17.66000000,2.00000000,35.32000000,1680396643945,True,True
47270341,17.66000000,21.41000000,378.10060000,1680396643957,True,True
47270342,17.66000000,136.64000000,2413.06240000,1680396643988,True,True
47270343,17.66000000,4.00000000,70.64000000,1680396643995,True,True
47270344,17.66000000,1.00000000,17.66000000,1680396643995,True,True
47270345,17.66000000,2.00000000,35.32000000,1680396643995,True,True
47270346,17.66000000,2.00000000,35.32000000,1680396643996,True,True
47270347,17.66000000,2.00000000,35.32000000,1680396643996,True,True
47270348,17.66000000,2.00000000,35.32000000,1680396643996,True,True
47270349,17.66000000,30.71000000,542.33860000,1680396644018,True,True
47270350,17.66000000,153.39000000,2708.86740000,1680396644151,True,True
47270351,17.66000000,2.00000000,35.32000000,1680396644154,True,True
47270352,17.66000000,2.00000000,35.32000000,1680396644157,True,True
47270353,17.66000000,2.00000000,35.32000000,1680396644159,True,True
47270354,17.66000000,7.00000000,123.62000000,1680396644159,True,True
47270355,17.66000000,0.73000000,12.89180000,1680396645422,True,True
47270356,17.67000000,2.23000000,39.40410000,1680396721572,False,True
47270357,17.67000000,2.91000000,51.41970000,1680396721572,False,True
47270358,17.67000000,0.61000000,10.77870000,1680396742146,False,True
47270359,17.66000000,96.25000000,1699.77500000,1680396773071,True,True
47270360,17.66000000,96.25000000,1699.77500000,1680396773071,True,True
47270361,17.66000000,72.53000000,1280.87980000,1680396773075,True,True
47270362,17.66000000,5.66000000,99.95560000,1680396773076,True,True
47270363,17.66000000,32.69000000,577.30540000,1680396773182,True,True
47270364,17.66000000,167.38000000,2955.93080000,1680396773219,True,True
47270365,17.66000000,49.07000000,866.57620000,1680396773309,True,True
47270366,17.66000000,2.00000000,35.32000000,1680396773318,True,True
47270367,17.66000000,142.57000000,2517.78620000,1680396773407,True,True
47270368,17.66000000,0.57000000,10.06620000,1680396773407,True,True
47270369,17.65000000,1.35000000,23.82750000,1680396773407,True,True
47270370,17.65000000,2.00000000,35.30000000,1680396773520,True,True
47270371,17.65000000,9.02000000,159.20300000,1680396789307,True,True
47270372,17.65000000,1.41000000,24.88650000,1680396789307,True,True
47270373,17.65000000,0.83000000,14.64950000,1680396789307,True,True
47270374,17.66000000,2.10000000,37.08600000,1680396812760,False,True
47270375,17.66000000,0.38000000,6.71080000,1680396812760,False,True
47270376,17.66000000,13.78000000,243.35480000,1680396812765,False,True
47270377,17.66000000,50.09000000,884.58940000,1680396812765,False,True
47270378,17.66000000,3.54000000,62.51640000,1680396812765,False,True
47270379,17.66000000,2.70000000,47.68200000,1680396812765,False,True
47270380,17.66000000,22.08000000,389.93280000,1680396812765,False,True
47270381,17.66000000,2.00000000,35.32000000,1680396817639,True,True
47270382,17.67000000,1.41000000,24.91470000,1680396860445,False,True
47270383,17.67000000,14.15000000,250.03050000,1680396874382,False,True
47270384,17.67000000,8.65000000,152.84550000,1680396890082,False,True
47270385,17.67000000,11.85000000,209.38950000,1680396890082,False,True
47270386,17.68000000,2.23000000,39.42640000,1680396890086,False,True
47270387,17.68000000,20.36000000,359.96480000,1680396890086,False,True
47270388,17.67000000,0.89000000,15.72630000,1680396899175,True,True
47270389,17.67000000,0.44000000,7.77480000,1680396900099,True,True
47270390,17.67000000,0.44000000,7.77480000,1680396900167,True,True
47270391,17.67000000,0.46000000,8.12820000,1680396900202,True,True
47270392,17.67000000,1.34000000,23.67780000,1680396900202,True,True
47270393,17.67000000,0.08000000,1.41360000,1680396900255,True,True
47270394,17.67000000,1.49000000,26.32830000,1680396900255,True,True
47270395,17.67000000,0.66000000,11.66220000,1680396900328,True,True
47270396,17.67000000,1.42000000,25.09140000,1680396900328,True,True
47270397,17.67000000,0.62000000,10.95540000,1680396911212,False,True
47270398,17.67000000,2.23000000,39.40410000,1680396995761,False,True
47270399,17.67000000,11.83000000,209.03610000,1680396995761,False,True
47270400,17.67000000,133.82000000,2364.59940000,1680396995779,True,True
47270401,17.67000000,1.43000000,25.26810000,1680396995809,True,True
47270402,17.67000000,2.25000000,39.75750000,1680396995809,True,True
47270403,17.67000000,6.78000000,119.80260000,1680397006517,True,True
47270404,17.67000000,6.47000000,114.32490000,1680397006549,True,True
47270405,17.67000000,2.02000000,35.69340000,1680397053595,False,True
47270406,17.67000000,0.21000000,3.71070000,1680397053595,False,True
47270407,17.67000000,1.71000000,30.21570000,1680397053595,False,True
47270408,17.67000000,1.71000000,30.21570000,1680397053595,False,True
47270409,17.67000000,2.04000000,36.04680000,1680397074782,True,True
47270410,17.67000000,14.52000000,256.56840000,1680397091131,True,True
47270411,17.68000000,0.67000000,11.84560000,1680397124236,False,True
47270412,17.67000000,2.21000000,39.05070000,1680397124395,True,True
47270413,17.67000000,1.02000000,18.02340000,1680397124395,True,True
47270414,17.67000000,1.62000000,28.62540000,1680397124488,True,True
47270415,17.67000000,14.24000000,251.62080000,1680397134577,True,True
47270416,17.67000000,2.02000000,35.69340000,1680397134622,True,True
47270417,17.67000000,3.63000000,64.14210000,1680397134643,True,True
47270418,17.67000000,2.00000000,35.34000000,1680397135013,True,True
47270419,17.67000000,98.13000000,1733.95710000,1680397135024,True,True
47270420,17.67000000,2.00000000,35.34000000,1680397135028,True,True
47270421,17.67000000,132.36000000,2338.80120000,1680397135240,True,True
47270422,17.67000000,2.00000000,35.34000000,1680397135252,True,True
47270423,17.67000000,2.00000000,35.34000000,1680397135253,True,True
47270424,17.67000000,133.59000000,2360.53530000,1680397135332,True,True
47270425,17.67000000,2.00000000,35.34000000,1680397135344,True,True
47270426,17.67000000,2.00000000,35.34000000,1680397135349,True,True
47270427,17.67000000,128.06000000,2262.82020000,1680397135534,True,True
47270428,17.67000000,3.00000000,53.01000000,1680397135538,True,True
47270429,17.67000000,3.00000000,53.01000000,1680397135539,True,True
47270430,17.67000000,154.60000000,2731.78200000,1680397135741,True,True
47270431,17.67000000,4.00000000,70.68000000,1680397135747,True,True
47270432,17.67000000,23.21000000,410.12070000,1680397135788,True,True
47270433,17.67000000,138.10000000,2440.22700000,1680397135794,True,True
47270434,17.67000000,32.80000000,579.57600000,1680397135858,True,True
47270435,17.67000000,4.29000000,75.80430000,1680397136160,True,True
47270436,17.67000000,0.81000000,14.31270000,1680397141201,True,True
47270437,17.67000000,0.81000000,14.31270000,1680397141231,True,True
47270438,17.67000000,5.00000000,88.35000000,1680397141935,True,True
47270439,17.67000000,4.29000000,75.80430000,1680397169859,True,True
47270440,17.67000000,5.72000000,101.07240000,1680397176185,True,True
47270441,17.67000000,4.29000000,75.80430000,1680397192097,True,True
47270442,17.67000000,4.29000000,75.80430000,1680397192490,True,True
47270443,17.67000000,2.00000000,35.34000000,1680397193788,True,True
47270444,17.67000000,2.00000000,35.34000000,1680397193963,True,True
47270445,17.67000000,2.00000000,35.34000000,1680397195577,True,True
47270446,17.67000000,3.00000000,53.01000000,1680397196892,True,True
47270447,17.67000000,4.00000000,70.68000000,1680397197883,True,True
47270448,17.67000000,113.31000000,2002.18770000,1680397198190,True,True
47270449,17.67000000,1.71000000,30.21570000,1680397198191,True,True
47270450,17.67000000,1.71000000,30.21570000,1680397198191,True,True
47270451,17.67000000,1.71000000,30.21570000,1680397198192,True,True
47270452,17.67000000,39.08000000,690.54360000,1680397198193,True,True
47270453,17.67000000,14.06000000,248.44020000,1680397198194,True,True
47270454,17.67000000,71.97000000,1271.70990000,1680397198197,True,True
47270455,17.67000000,9.85000000,174.04950000,1680397198199,True,True
47270456,17.67000000,1.00000000,17.67000000,1680397198199,True,True
47270457,17.67000000,2.00000000,35.34000000,1680397198202,True,True
47270458,17.67000000,12.47000000,220.34490000,1680397198203,True,True
47270459,17.67000000,218.49000000,3860.71830000,1680397198204,True,True
47270460,17.67000000,8.00000000,141.36000000,1680397198206,True,True
47270461,17.67000000,1.00000000,17.67000000,1680397198212,True,True
47270462,17.67000000,1.00000000,17.67000000,1680397198221,True,True
47270463,17.67000000,142.60000000,2519.74200000,1680397198224,True,True
47270464,17.67000000,2.00000000,35.34000000,1680397198232,True,True
47270465,17.67000000,1.00000000,17.67000000,1680397198232,True,True
47270466,17.67000000,14.00000000,247.38000000,1680397198232,True,True
47270467,17.67000000,0.31000000,5.47770000,1680397198240,True,True
47270468,17.67000000,0.69000000,12.19230000,1680397198240,True,True
47270469,17.67000000,0.57000000,10.07190000,1680397198249,True,True
47270470,17.67000000,0.15000000,2.65050000,1680397198249,True,True
47270471,17.66000000,2.23000000,39.38180000,1680397198249,True,True
47270472,17.66000000,8.30000000,146.57800000,1680397198249,True,True
47270473,17.67000000,0.66000000,11.66220000,1680397212079,False,True
47270474,17.67000000,1.57000000,27.74190000,1680397212082,False,True
47270475,17.67000000,14.24000000,251.62080000,1680397212082,False,True
47270476,17.68000000,0.66000000,11.66880000,1680397212082,False,True
47270477,17.67000000,104.68000000,1849.69560000,1680397212096,True,True
47270478,17.67000000,4.29000000,75.80430000,1680397216509,True,True
47270479,17.68000000,22.56000000,398.86080000,1680397217428,False,True
47270480,17.68000000,13.61000000,240.62480000,1680397217428,False,True
47270481,17.68000000,3.30000000,58.34400000,1680397217428,False,True
47270482,17.68000000,11.76000000,207.91680000,1680397217428,False,True
47270483,17.68000000,18.42000000,325.66560000,1680397217487,True,True
47270484,17.68000000,50.18000000,887.18240000,1680397217487,True,True
47270485,17.68000000,53.81000000,951.36080000,1680397217487,True,True
47270486,17.68000000,1.27000000,22.45360000,1680397217531,True,True
47270487,17.68000000,4.29000000,75.84720000,1680397217768,True,True
47270488,17.68000000,138.05000000,2440.72400000,1680397248478,True,True
47270489,17.68000000,3.69000000,65.23920000,1680397248478,True,True
47270490,17.68000000,38.20000000,675.37600000,1680397248517,True,True
47270491,17.68000000,52.70000000,931.73600000,1680397248517,True,True
47270492,17.68000000,57.02000000,1008.11360000,1680397248517,True,True
47270493,17.68000000,150.34000000,2658.01120000,1680397248748,True,True
47270494,17.68000000,8.51000000,150.45680000,1680397248799,True,True
47270495,17.68000000,57.00000000,1007.76000000,1680397249097,True,True
47270496,17.68000000,2.00000000,35.36000000,1680397253341,True,True
47270497,17.68000000,2.00000000,35.36000000,1680397253561,True,True
47270498,17.68000000,34.15000000,603.77200000,1680397259534,True,True
47270499,17.68000000,0.66000000,11.66880000,1680397259535,True,True
47270500,17.68000000,27.00000000,477.36000000,1680397259537,True,True
47270501,17.68000000,2.00000000,35.36000000,1680397259545,True,True
47270502,17.68000000,21.39000000,378.17520000,1680397259545,True,True
47270503,17.68000000,1.71000000,30.23280000,1680397259556,True,True
47270504,17.68000000,28.94000000,511.65920000,1680397259556,True,True
47270505,17.68000000,1.71000000,30.23280000,1680397259556,True,True
47270506,17.68000000,41.15000000,727.53200000,1680397259557,True,True
47270507,17.68000000,2.00000000,35.36000000,1680397259558,True,True
47270508,17.68000000,1.00000000,17.68000000,1680397259562,True,True
47270509,17.68000000,3.00000000,53.04000000,1680397259581,True,True
47270510,17.68000000,2.00000000,35.36000000,1680397259593,True,True
47270511,17.68000000,1.00000000,17.68000000,1680397259596,True,True
47270512,17.68000000,1.00000000,17.68000000,1680397259609,True,True
47270513,17.68000000,1.71000000,30.23280000,1680397259610,True,True
47270514,17.68000000,2.00000000,35.36000000,1680397259611,True,True
47270515,17.68000000,1.00000000,17.68000000,1680397259612,True,True
47270516,17.68000000,2.00000000,35.36000000,1680397259615,True,True
47270517,17.68000000,2.00000000,35.36000000,1680397259615,True,True
47270518,17.68000000,2.00000000,35.36000000,1680397259616,True,True
47270519,17.68000000,5.00000000,88.40000000,1680397259616,True,True
47270520,17.68000000,2.00000000,35.36000000,1680397259622,True,True
47270521,17.68000000,149.27000000,2639.09360000,1680397259627,True,True
47270522,17.68000000,1.00000000,17.68000000,1680397259628,True,True
47270523,17.68000000,1.00000000,17.68000000,1680397259631,True,True
47270524,17.68000000,2.00000000,35.36000000,1680397259631,True,True
47270525,17.68000000,2.00000000,35.36000000,1680397259635,True,True
47270526,17.68000000,8.00000000,141.44000000,1680397259635,True,True
47270527,17.68000000,3.00000000,53.04000000,1680397259640,True,True
47270528,17.68000000,201.02000000,3554.03360000,1680397259645,True,True
47270529,17.67000000,2.83000000,50.00610000,1680397265288,True,True
47270530,17.67000000,2.94000000,51.94980000,1680397265316,True,True
47270531,17.67000000,1.71000000,30.21570000,1680397265464,True,True
47270532,17.66000000,16.00000000,282.56000000,1680397265703,True,True
47270533,17.66000000,11.26000000,198.85160000,1680397265708,True,True
47270534,17.66000000,5.00000000,88.30000000,1680397265830,True,True
47270535,17.67000000,2.23000000,39.40410000,1680397271274,False,True
47270536,17.67000000,33.35000000,589.29450000,1680397271274,False,True
47270537,17.67000000,11.42000000,201.79140000,1680397271274,False,True
47270538,17.67000000,9.33000000,164.86110000,1680397271274,False,True
47270539,17.67000000,2.23000000,39.40410000,1680397271294,True,True
47270540,17.67000000,122.00000000,2155.74000000,1680397271294,True,True
47270541,17.67000000,41.94000000,741.07980000,1680397271294,True,True
47270542,17.67000000,27.13000000,479.38710000,1680397271294,True,True
47270543,17.67000000,14.83000000,262.04610000,1680397271329,True,True
47270544,17.67000000,14.51000000,256.39170000,1680397271329,True,True
47270545,17.67000000,4.29000000,75.80430000,1680397271477,True,True
47270546,17.67000000,0.80000000,14.13600000,1680397290650,False,True
47270547,17.66000000,1.64000000,28.96240000,1680397295352,True,True
47270548,17.66000000,24.68000000,435.84880000,1680397295352,True,True
47270549,17.66000000,0.29000000,5.12140000,1680397295352,True,True
47270550,17.66000000,3.30000000,58.27800000,1680397295352,True,True
47270551,17.66000000,15.57000000,274.96620000,1680397295352,True,True
47270552,17.66000000,1.78000000,31.43480000,1680397295352,True,True
47270553,17.66000000,2.23000000,39.38180000,1680397302630,False,True
47270554,17.66000000,0.61000000,10.77260000,1680397302630,False,True
47270555,17.65000000,0.51000000,9.00150000,1680397400611,True,True
47270556,17.66000000,0.77000000,13.59820000,1680397425879,False,True
47270557,17.65000000,1.46000000,25.76900000,1680397492626,True,True
47270558,17.66000000,9.97000000,176.07020000,1680397516121,False,True
47270559,17.66000000,24.08000000,425.25280000,1680397516121,False,True
47270560,17.66000000,28.32000000,500.13120000,1680397516121,False,True
47270561,17.66000000,9.26000000,163.53160000,1680397516121,False,True
47270562,17.66000000,4.90000000,86.53400000,1680397516126,False,True
47270563,17.66000000,1.71000000,30.19860000,1680397516126,False,True
47270564,17.66000000,1.71000000,30.19860000,1680397516126,False,True
47270565,17.66000000,42.48000000,750.19680000,1680397516126,False,True
47270566,17.66000000,15.15000000,267.54900000,1680397516126,False,True
47270567,17.66000000,6.33000000,111.78780000,1680397516129,False,True
47270568,17.66000000,6.75000000,119.20500000,1680397516130,False,True
47270569,17.66000000,29.40000000,519.20400000,1680397516130,False,True
47270570,17.66000000,10.83000000,191.25780000,1680397516130,False,True
47270571,17.66000000,1.43000000,25.25380000,1680397516130,False,True
47270572,17.66000000,4.29000000,75.76140000,1680397523753,True,True
47270573,17.66000000,2.23000000,39.38180000,1680397531762,True,True
47270574,17.66000000,16.58000000,292.80280000,1680397531762,True,True
47270575,17.66000000,4.84000000,85.47440000,1680397531765,True,True
47270576,17.66000000,0.35000000,6.18100000,1680397531765,True,True
47270577,17.67000000,1.43000000,25.26810000,1680397554132,False,True
47270578,17.67000000,11.80000000,208.50600000,1680397554132,False,True
47270579,17.67000000,1.43000000,25.26810000,1680397554132,False,True
47270580,17.67000000,3.83000000,67.67610000,1680397554178,True,True
47270581,17.67000000,38.05000000,672.34350000,1680397554295,True,True
47270582,17.67000000,2.23000000,39.40410000,1680397554295,True,True
47270583,17.67000000,45.10000000,796.91700000,1680397554295,True,True
47270584,17.67000000,1.70000000,30.03900000,1680397554354,True,True
47270585,17.68000000,24.12000000,426.44160000,1680397559506,False,True
47270586,17.68000000,3.30000000,58.34400000,1680397559506,False,True
47270587,17.68000000,11.68000000,206.50240000,1680397559506,False,True
47270588,17.68000000,1.71000000,30.23280000,1680397559506,False,True
47270589,17.68000000,1.71000000,30.23280000,1680397559506,False,True
47270590,17.68000000,8.19000000,144.79920000,1680397576195,True,True
47270591,17.69000000,1.55000000,27.41950000,1680397670766,False,True
47270592,17.69000000,9.61000000,170.00090000,1680397670766,False,True
47270593,17.69000000,7.78000000,137.62820000,1680397670766,False,True
47270594,17.69000000,1.57000000,27.77330000,1680397670769,False,True
47270595,17.69000000,0.89000000,15.74410000,1680397671908,False,True
47270596,17.69000000,3.30000000,58.37700000,1680397671913,False,True
47270597,17.69000000,3.51000000,62.09190000,1680397671928,True,True
47270598,17.69000000,14.54000000,257.21260000,1680397671940,True,True
47270599,17.69000000,27.24000000,481.87560000,1680397672229,True,True
47270600,17.69000000,41.89000000,741.03410000,1680397672229,True,True
47270601,17.69000000,41.91000000,741.38790000,1680397672229,True,True
47270602,17.69000000,14.28000000,252.61320000,1680397672229,True,True
47270603,17.69000000,21.17000000,374.49730000,1680397672229,True,True
47270604,17.70000000,0.57000000,10.08900000,1680397679621,False,True
47270605,17.69000000,2.23000000,39.44870000,1680397703281,True,True
47270606,17.69000000,2.23000000,39.44870000,1680397703303,True,True
47270607,17.69000000,1.12000000,19.81280000,1680397751064,False,True
47270608,17.69000000,0.58000000,10.26020000,1680397751068,False,True
47270609,17.69000000,1.71000000,30.24990000,1680397751068,False,True
47270610,17.69000000,1.54000000,27.24260000,1680397751068,False,True
47270611,17.69000000,0.17000000,3.00730000,1680397751070,False,True
47270612,17.69000000,1.42000000,25.11980000,1680397751070,False,True
47270613,17.69000000,14.48000000,256.15120000,1680397751070,False,True
47270614,17.69000000,12.85000000,227.31650000,1680397751070,False,True
47270615,17.69000000,1.28000000,22.64320000,1680397751073,False,True
47270616,17.69000000,1.42000000,25.11980000,1680397751073,False,True
47270617,17.69000000,2.26000000,39.97940000,1680397751075,False,True
47270618,17.69000000,5.43000000,96.05670000,1680397751076,False,True
47270619,17.69000000,23.34000000,412.88460000,1680397751076,False,True
47270620,17.69000000,2.47000000,43.69430000,1680397751079,False,True
47270621,17.69000000,2.46000000,43.51740000,1680397751084,False,True
47270622,17.69000000,0.67000000,11.85230000,1680397751084,False,True
47270623,17.69000000,14.07000000,248.89830000,1680397751084,False,True
47270624,17.69000000,41.94000000,741.91860000,1680397751140,True,True
47270625,17.69000000,10.97000000,194.05930000,1680397751140,True,True
47270626,17.69000000,0.66000000,11.67540000,1680397765466,True,True
47270627,17.69000000,0.44000000,7.78360000,1680397765516,True,True
47270628,17.69000000,1.34000000,23.70460000,1680397765523,True,True
47270629,17.69000000,4.05000000,71.64450000,1680397765531,True,True
47270630,17.69000000,0.89000000,15.74410000,1680397765546,True,True
47270631,17.69000000,2.23000000,39.44870000,1680397766953,True,True
47270632,17.68000000,0.02000000,0.35360000,1680397766953,True,True
47270633,17.69000000,1.42000000,25.11980000,1680397766957,True,True
47270634,17.68000000,0.66000000,11.66880000,1680397767793,True,True
47270635,17.69000000,2.23000000,39.44870000,1680397784383,False,True
47270636,17.69000000,5.93000000,104.90170000,1680397784383,False,True
47270637,17.69000000,1.79000000,31.66510000,1680397789354,False,True
47270638,17.69000000,1.34000000,23.70460000,1680397789361,False,True
47270639,17.69000000,4.56000000,80.66640000,1680397789425,False,True
47270640,17.69000000,9.61000000,170.00090000,1680397789425,False,True
47270641,17.69000000,14.44000000,255.44360000,1680397789425,False,True
47270642,17.69000000,1.56000000,27.59640000,1680397789445,True,True
47270643,17.69000000,93.89000000,1660.91410000,1680397789445,True,True
47270644,17.69000000,41.96000000,742.27240000,1680397789445,True,True
47270645,17.68000000,1.57000000,27.75760000,1680397813126,True,True
47270646,17.68000000,2.23000000,39.42640000,1680397819435,False,True
47270647,17.68000000,1.71000000,30.23280000,1680397819435,False,True
47270648,17.68000000,14.52000000,256.71360000,1680397819435,False,True
47270649,17.67000000,0.44000000,7.77480000,1680397850659,True,True
47270650,17.67000000,1.12000000,19.79040000,1680397850662,True,True
47270651,17.67000000,0.44000000,7.77480000,1680397850667,True,True
47270652,17.67000000,4.29000000,75.80430000,1680397919018,True,True
47270653,17.67000000,0.67000000,11.83890000,1680397939146,True,True
47270654,17.67000000,1.42000000,25.09140000,1680397939146,True,True
47270655,17.67000000,1.30000000,22.97100000,1680397942142,False,True
47270656,17.67000000,0.93000000,16.43310000,1680397955593,False,True
47270657,17.67000000,14.24000000,251.62080000,1680397955593,False,True
47270658,17.67000000,1.43000000,25.26810000,1680397955593,False,True
47270659,17.67000000,1.71000000,30.21570000,1680397955593,False,True
47270660,17.67000000,1.43000000,25.26810000,1680397955621,False,True
47270661,17.67000000,0.14000000,2.47380000,1680397955621,False,True
47270662,17.67000000,2.70000000,47.70900000,1680397955625,False,True
47270663,17.67000000,10.91000000,192.77970000,1680397956077,False,True
47270664,17.68000000,0.57000000,10.07760000,1680397963024,False,True
47270665,17.67000000,2.02000000,35.69340000,1680398009341,True,True
47270666,17.67000000,0.21000000,3.71070000,1680398009342,True,True
47270667,17.67000000,1.57000000,27.74190000,1680398037198,False,True
47270668,17.67000000,10.67000000,188.53890000,1680398037198,False,True
47270669,17.67000000,1.26000000,22.26420000,1680398037274,False,True
47270670,17.67000000,0.44000000,7.77480000,1680398059664,True,True
47270671,17.67000000,1.57000000,27.74190000,1680398059669,True,True
47270672,17.67000000,0.22000000,3.88740000,1680398059678,True,True
47270673,17.67000000,0.44000000,7.77480000,1680398059678,True,True
47270674,17.67000000,1.41000000,24.91470000,1680398082561,True,True
47270675,17.67000000,0.16000000,2.82720000,1680398084424,True,True
47270676,17.67000000,2.23000000,39.40410000,1680398084479,False,True
47270677,17.67000000,2.23000000,39.40410000,1680398100904,True,True
47270678,17.67000000,2.23000000,39.40410000,1680398100939,False,True
47270679,17.67000000,0.40000000,7.06800000,1680398100939,False,True
47270680,17.67000000,1.00000000,17.67000000,1680398102445,True,True
47270681,17.67000000,1.23000000,21.73410000,1680398107151,True,True
47270682,17.67000000,3.06000000,54.07020000,1680398107256,False,True
47270683,17.67000000,38.47000000,679.76490000,1680398107281,False,True
47270684,17.67000000,40.31000000,712.27770000,1680398107281,False,True
47270685,17.67000000,2.23000000,39.40410000,1680398107281,False,True
47270686,17.67000000,47.25000000,834.90750000,1680398107281,False,True
47270687,17.67000000,2.02000000,35.69340000,1680398108453,True,True
47270688,17.67000000,0.21000000,3.71070000,1680398108454,True,True
47270689,17.66000000,2.02000000,35.67320000,1680398118421,True,True
47270690,17.66000000,0.21000000,3.70860000,1680398120119,True,True
47270691,17.66000000,2.53000000,44.67980000,1680398120119,True,True
47270692,17.66000000,0.77000000,13.59820000,1680398120132,True,True
47270693,17.66000000,1.40000000,24.72400000,1680398123713,False,True
47270694,17.66000000,0.83000000,14.65780000,1680398124432,False,True
47270695,17.66000000,11.62000000,205.20920000,1680398124432,False,True
47270696,17.66000000,1.43000000,25.25380000,1680398124432,False,True
47270697,17.66000000,0.41000000,7.24060000,1680398171789,True,True
47270698,17.66000000,0.38000000,6.71080000,1680398216227,True,True
47270699,17.66000000,1.43000000,25.25380000,1680398216227,True,True
47270700,17.66000000,2.43000000,42.91380000,1680398216227,True,True
47270701,17.67000000,0.44000000,7.77480000,1680398264093,False,True
47270702,17.67000000,1.79000000,31.62930000,1680398296550,False,True
47270703,17.67000000,11.01000000,194.54670000,1680398296550,False,True
47270704,17.67000000,0.27000000,4.77090000,1680398296550,False,True
47270705,17.68000000,1.66000000,29.34880000,1680398296550,False,True
47270706,17.68000000,41.54000000,734.42720000,1680398296550,False,True
47270707,17.68000000,7.27000000,128.53360000,1680398296550,False,True
47270708,17.67000000,41.54000000,734.01180000,1680398296633,True,True
47270709,17.67000000,38.13000000,673.75710000,1680398296633,True,True
47270710,17.67000000,42.02000000,742.49340000,1680398296633,True,True
47270711,17.67000000,2.23000000,39.40410000,1680398327977,True,True
47270712,17.67000000,1.26000000,22.26420000,1680398327977,True,True
47270713,17.67000000,0.15000000,2.65050000,1680398327977,True,True
47270714,17.67000000,2.23000000,39.40410000,1680398344974,False,True
47270715,17.67000000,11.63000000,205.50210000,1680398344974,False,True
47270716,17.67000000,1.43000000,25.26810000,1680398344978,False,True
47270717,17.67000000,2.23000000,39.40410000,1680398356175,True,True
47270718,17.67000000,0.51000000,9.01170000,1680398359631,False,True
47270719,17.67000000,33.05000000,583.99350000,1680398363049,False,True
47270720,17.67000000,60.00000000,1060.20000000,1680398363049,False,True
47270721,17.67000000,114.78000000,2028.16260000,1680398363049,False,True
47270722,17.67000000,9.38000000,165.74460000,1680398363049,False,True
47270723,17.67000000,0.44000000,7.77480000,1680398433524,True,True
47270724,17.67000000,65.50000000,1157.38500000,1680398433633,True,True
47270725,17.67000000,2.23000000,39.40410000,1680398487632,True,True
47270726,17.67000000,2.23000000,39.40410000,1680398515156,False,True
47270727,17.67000000,53.07000000,937.74690000,1680398515156,False,True
47270728,17.67000000,44.05000000,778.36350000,1680398515156,False,True
47270729,17.67000000,34.08000000,602.19360000,1680398515156,False,True
47270730,17.66000000,2.79000000,49.27140000,1680398545782,True,True
47270731,17.67000000,0.44000000,7.77480000,1680398553083,False,True
47270732,17.67000000,0.99000000,17.49330000,1680398664257,False,True
47270733,17.67000000,10.75000000,189.95250000,1680398664257,False,True
47270734,17.67000000,1.43000000,25.26810000,1680398702065,True,True
47270735,17.67000000,0.80000000,14.13600000,1680398703059,True,True
47270736,17.67000000,1.43000000,25.26810000,1680398703059,True,True
47270737,17.67000000,2.16000000,38.16720000,1680398718672,False,True
47270738,17.67000000,10.86000000,191.89620000,1680398718672,False,True
47270739,17.67000000,1.43000000,25.26810000,1680398718679,False,True
47270740,17.67000000,0.66000000,11.66220000,1680398741782,True,True
47270741,17.67000000,0.66000000,11.66220000,1680398741786,True,True
47270742,17.67000000,0.91000000,16.07970000,1680398766826,True,True
47270743,17.67000000,1.42000000,25.09140000,1680398766826,True,True
47270744,17.67000000,1.42000000,25.09140000,1680398783544,False,True
47270745,17.67000000,2.87000000,50.71290000,1680398783544,False,True
47270746,17.67000000,6.78000000,119.80260000,1680398783545,False,True
47270747,17.67000000,1.52000000,26.85840000,1680398783547,False,True
47270748,17.67000000,1.43000000,25.26810000,1680398783547,False,True
47270749,17.67000000,1.71000000,30.21570000,1680398783547,False,True
47270750,17.67000000,1.71000000,30.21570000,1680398783547,False,True
47270751,17.67000000,1.43000000,25.26810000,1680398783547,False,True
47270752,17.68000000,17.23000000,304.62640000,1680398891966,False,True
47270753,17.68000000,3.30000000,58.34400000,1680398941521,False,True
47270754,17.68000000,1.71000000,30.23280000,1680398941521,False,True
47270755,17.68000000,1.71000000,30.23280000,1680398941521,False,True
47270756,17.68000000,3.21000000,56.75280000,1680398941521,False,True
47270757,17.68000000,50.54000000,893.54720000,1680398941521,False,True
47270758,17.68000000,0.89000000,15.73520000,1680398941523,True,True
47270759,17.68000000,1.84000000,32.53120000,1680398941532,True,True
47270760,17.68000000,4.29000000,75.84720000,1680398941557,True,True
47270761,17.68000000,0.44000000,7.77920000,1680398942070,True,True
47270762,17.68000000,2.02000000,35.71360000,1680398942073,True,True
47270763,17.68000000,1.57000000,27.75760000,1680398942082,True,True
47270764,17.68000000,6.78000000,119.87040000,1680398942416,True,True
47270765,17.68000000,70.80000000,1251.74400000,1680398944981,True,True
47270766,17.68000000,48.15000000,851.29200000,1680398957166,False,True
47270767,17.68000000,1.71000000,30.23280000,1680398957166,False,True
47270768,17.68000000,1.71000000,30.23280000,1680398957166,False,True
47270769,17.68000000,10.89000000,192.53520000,1680398957166,False,True
47270770,17.68000000,98.12000000,1734.76160000,1680398957166,False,True
47270771,17.68000000,42.69000000,754.75920000,1680398957166,False,True
47270772,17.68000000,14.14000000,249.99520000,1680398957166,False,True
47270773,17.68000000,23.91000000,422.72880000,1680398957169,True,True
47270774,17.68000000,4.29000000,75.84720000,1680398957200,True,True
47270775,17.68000000,32.95000000,582.55600000,1680398963299,True,True
47270776,17.68000000,2.23000000,39.42640000,1680398967420,True,True
47270777,17.68000000,1.37000000,24.22160000,1680398995376,False,True
47270778,17.67000000,20.44000000,361.17480000,1680399018562,True,True
47270779,17.67000000,6.41000000,113.26470000,1680399018562,True,True
47270780,17.67000000,1.60000000,28.27200000,1680399031223,False,True
47270781,17.67000000,1.71000000,30.21570000,1680399031223,False,True
47270782,17.67000000,1.71000000,30.21570000,1680399031223,False,True
47270783,17.67000000,11.19000000,197.72730000,1680399031223,False,True
47270784,17.67000000,0.70000000,12.36900000,1680399117376,True,True
47270785,17.68000000,1.60000000,28.28800000,1680399184724,False,True
47270786,17.68000000,10.15000000,179.45200000,1680399184724,False,True
47270787,17.68000000,19.85000000,350.94800000,1680399184729,False,True
47270788,17.68000000,1.71000000,30.23280000,1680399184729,False,True
47270789,17.68000000,1.71000000,30.23280000,1680399184729,False,True
47270790,17.68000000,2.30000000,40.66400000,1680399184729,False,True
47270791,17.68000000,16.21000000,286.59280000,1680399192026,True,True
47270792,17.68000000,2.23000000,39.42640000,1680399192144,True,True
47270793,17.68000000,1.42000000,25.10560000,1680399232229,False,True
47270794,17.68000000,52.24000000,923.60320000,1680399232229,False,True
47270795,17.68000000,53.95000000,953.83600000,1680399232229,False,True
47270796,17.68000000,10.97000000,193.94960000,1680399232229,False,True
47270797,17.68000000,14.14000000,249.99520000,1680399232229,False,True
47270798,17.68000000,43.65000000,771.73200000,1680399232229,False,True
47270799,17.68000000,105.59000000,1866.83120000,1680399232229,False,True
47270800,17.68000000,28.29000000,500.16720000,1680399232229,False,True
47270801,17.68000000,94.25000000,1666.34000000,1680399232229,False,True
47270802,17.68000000,96.00000000,1697.28000000,1680399232229,False,True
47270803,17.68000000,23.77000000,420.25360000,1680399232229,False,True
47270804,17.68000000,10.56000000,186.70080000,1680399232229,False,True
47270805,17.68000000,21.54000000,380.82720000,1680399232229,False,True
47270806,17.68000000,1.71000000,30.23280000,1680399232229,False,True
47270807,17.68000000,1.71000000,30.23280000,1680399232229,False,True
47270808,17.68000000,42.43000000,750.16240000,1680399232229,False,True
47270809,17.68000000,26.69000000,471.87920000,1680399232232,True,True
47270810,17.68000000,2.00000000,35.36000000,1680399232234,True,True
47270811,17.68000000,1.00000000,17.68000000,1680399232234,True,True
47270812,17.68000000,2.00000000,35.36000000,1680399232234,True,True
47270813,17.68000000,2.00000000,35.36000000,1680399232235,True,True
47270814,17.68000000,62.57000000,1106.23760000,1680399232235,True,True
47270815,17.68000000,30.54000000,539.94720000,1680399232240,True,True
47270816,17.68000000,2.00000000,35.36000000,1680399232260,True,True
47270817,17.68000000,2.00000000,35.36000000,1680399232264,True,True
47270818,17.68000000,3.41000000,60.28880000,1680399232271,True,True
47270819,17.68000000,0.88000000,15.55840000,1680399232271,True,True
47270820,17.68000000,1.35000000,23.86800000,1680399232298,True,True
47270821,17.68000000,1.42000000,25.10560000,1680399232298,True,True
47270822,17.68000000,11.10000000,196.24800000,1680399284416,False,True
47270823,17.68000000,2.23000000,39.42640000,1680399284416,False,True
47270824,17.68000000,10.46000000,184.93280000,1680399284416,False,True
47270825,17.68000000,13.50000000,238.68000000,1680399284422,False,True
47270826,17.68000000,0.06000000,1.06080000,1680399284422,False,True
47270827,17.68000000,14.08000000,248.93440000,1680399284426,False,True
47270828,17.68000000,28.29000000,500.16720000,1680399284426,False,True
47270829,17.68000000,4.62000000,81.68160000,1680399284426,False,True
47270830,17.68000000,2.23000000,39.42640000,1680399300545,True,True
47270831,17.68000000,2.23000000,39.42640000,1680399323699,False,True
47270832,17.69000000,2.23000000,39.44870000,1680399401621,False,True
47270833,17.69000000,0.61000000,10.79090000,1680399401621,False,True
47270834,17.69000000,9.40000000,166.28600000,1680399457060,False,True
47270835,17.69000000,14.13000000,249.95970000,1680399457060,False,True
47270836,17.69000000,28.27000000,500.09630000,1680399457060,False,True
47270837,17.69000000,2.54000000,44.93260000,1680399457060,False,True
47270838,17.69000000,5.77000000,102.07130000,1680399457060,False,True
47270839,17.69000000,1.34000000,23.70460000,1680399457062,False,True
47270840,17.69000000,8.91000000,157.61790000,1680399457089,False,True
47270841,17.69000000,0.29000000,5.13010000,1680399457089,False,True
47270842,17.69000000,9.24000000,163.45560000,1680399457089,False,True
47270843,17.69000000,11.90000000,210.51100000,1680399462272,True,True
47270844,17.69000000,2.23000000,39.44870000,1680399462298,True,True
47270845,17.68000000,3.72000000,65.76960000,1680399462298,True,True
47270846,17.69000000,2.23000000,39.44870000,1680399494877,True,True
47270847,17.69000000,2.23000000,39.44870000,1680399538126,False,True
47270848,17.69000000,0.80000000,14.15200000,1680399538126,False,True
47270849,17.69000000,1.42000000,25.11980000,1680399543277,False,True
47270850,17.69000000,206.50000000,3652.98500000,1680399570234,True,True
47270851,17.69000000,43.63000000,771.81470000,1680399570234,True,True
47270852,17.69000000,2.23000000,39.44870000,1680399570234,True,True
47270853,17.69000000,60.00000000,1061.40000000,1680399570234,True,True
47270854,17.69000000,39.34000000,695.92460000,1680399570234,True,True
47270855,17.69000000,47.30000000,836.73700000,1680399570234,True,True
47270856,17.69000000,11.56000000,204.49640000,1680399570234,True,True
47270857,17.69000000,141.11000000,2496.23590000,1680399570234,True,True
47270858,17.69000000,184.16000000,3257.79040000,1680399570253,False,True
47270859,17.69000000,1.44000000,25.47360000,1680399570255,False,True
47270860,17.69000000,0.66000000,11.67540000,1680399604998,True,True
47270861,17.69000000,1.57000000,27.77330000,1680399605002,True,True
47270862,17.69000000,35.24000000,623.39560000,1680399605002,True,True
47270863,17.69000000,2.22000000,39.27180000,1680399605032,True,True
47270864,17.69000000,0.89000000,15.74410000,1680399605080,True,True
47270865,17.69000000,1.12000000,19.81280000,1680399605096,True,True
47270866,17.69000000,2.23000000,39.44870000,1680399606408,False,True
47270867,17.68000000,1.40000000,24.75200000,1680399654738,True,True
47270868,17.69000000,1.16000000,20.52040000,1680399775796,False,True
47270869,17.68000000,2.23000000,39.42640000,1680399882249,True,True
47270870,17.68000000,24.16000000,427.14880000,1680399882249,True,True
47270871,17.68000000,5.51000000,97.41680000,1680399882249,True,True
47270872,17.68000000,1.42000000,25.10560000,1680399887275,True,True
47270873,17.68000000,2.23000000,39.42640000,1680399887300,False,True
47270874,17.68000000,2.06000000,36.42080000,1680399887300,False,True
47270875,17.68000000,0.89000000,15.73520000,1680399893898,False,True
47270876,17.67000000,2.23000000,39.40410000,1680399935435,True,True
47270877,17.67000000,3.30000000,58.31100000,1680399935435,True,True
47270878,17.67000000,0.73000000,12.89910000,1680399978893,False,True
47270879,17.67000000,2.25000000,39.75750000,1680400065167,False,True
47270880,17.67000000,2.23000000,39.40410000,1680400065171,False,True
47270881,17.67000000,2.06000000,36.40020000,1680400065171,False,True
47270882,17.67000000,4.78000000,84.46260000,1680400065187,False,True
47270883,17.67000000,2.23000000,39.40410000,1680400065187,False,True
47270884,17.67000000,2.23000000,39.40410000,1680400079522,True,True
47270885,17.67000000,25.87000000,457.12290000,1680400079522,True,True
47270886,17.67000000,1.12000000,19.79040000,1680400084305,True,True
47270887,17.67000000,5.42000000,95.77140000,1680400084311,True,True
47270888,17.67000000,27.63000000,488.22210000,1680400084311,True,True
47270889,17.67000000,6.06000000,107.08020000,1680400084311,True,True
47270890,17.67000000,1.80000000,31.80600000,1680400092988,False,True
47270891,17.67000000,0.43000000,7.59810000,1680400092992,False,True
47270892,17.67000000,6.35000000,112.20450000,1680400092992,False,True
47270893,17.67000000,6.10000000,107.78700000,1680400092992,False,True
47270894,17.67000000,31.68000000,559.78560000,1680400092993,False,True
47270895,17.67000000,11.76000000,207.79920000,1680400092993,False,True
47270896,17.67000000,1.80000000,31.80600000,1680400127397,True,True
47270897,17.67000000,0.43000000,7.59810000,1680400127407,True,True
47270898,17.67000000,0.44000000,7.77480000,1680400127455,True,True
47270899,17.67000000,1.34000000,23.67780000,1680400127483,True,True
47270900,17.68000000,1.15000000,20.33200000,1680400156193,False,True
47270901,17.67000000,0.02000000,0.35340000,1680400162276,True,True
47270902,17.66000000,0.66000000,11.65560000,1680400180889,True,True
47270903,17.66000000,0.89000000,15.71740000,1680400180895,True,True
47270904,17.67000000,2.23000000,39.40410000,1680400301363,False,True
47270905,17.67000000,11.08000000,195.78360000,1680400301363,False,True
47270906,17.67000000,2.23000000,39.40410000,1680400359183,True,True
47270907,17.67000000,4.29000000,75.80430000,1680400359215,False,True
47270908,17.67000000,0.44000000,7.77480000,1680400362471,False,True
47270909,17.67000000,1.79000000,31.62930000,1680400362542,False,True
47270910,17.67000000,11.45000000,202.32150000,1680400362542,False,True
47270911,17.67000000,1.43000000,25.26810000,1680400377311,True,True
47270912,17.67000000,1.42000000,25.09140000,1680400377311,True,True
47270913,17.67000000,2.23000000,39.40410000,1680400380224,False,True
47270914,17.67000000,11.37000000,200.90790000,1680400380224,False,True
47270915,17.67000000,5.26000000,92.94420000,1680400389471,True,True
47270916,17.67000000,6.67000000,117.85890000,1680400402036,True,True
47270917,17.67000000,1.12000000,19.79040000,1680400402069,True,True
47270918,17.67000000,3.35000000,59.19450000,1680400423943,True,True
47270919,17.67000000,1.78000000,31.45260000,1680400423943,True,True
47270920,17.66000000,1.65000000,29.13900000,1680400436048,True,True
47270921,17.66000000,2.88000000,50.86080000,1680400436048,True,True
47270922,17.66000000,5.73000000,101.19180000,1680400455573,True,True
47270923,17.66000000,0.44000000,7.77040000,1680400487016,True,True
47270924,17.66000000,10.95000000,193.37700000,1680400487020,True,True
47270925,17.66000000,3.30000000,58.27800000,1680400487020,True,True
47270926,17.66000000,28.97000000,511.61020000,1680400487020,True,True
47270927,17.66000000,30.00000000,529.80000000,1680400487020,True,True
47270928,17.66000000,16.38000000,289.27080000,1680400487020,True,True
47270929,17.66000000,1.34000000,23.66440000,1680400487020,True,True
47270930,17.66000000,63.69000000,1124.76540000,1680400487022,True,True
47270931,17.66000000,12.64000000,223.22240000,1680400487022,True,True
47270932,17.66000000,54.99000000,971.12340000,1680400487023,True,True
47270933,17.66000000,20.00000000,353.20000000,1680400487023,True,True
47270934,17.66000000,91.93000000,1623.48380000,1680400487023,True,True
47270935,17.65000000,1.86000000,32.82900000,1680400511927,True,True
47270936,17.65000000,3.75000000,66.18750000,1680400511927,True,True
47270937,17.65000000,2.58000000,45.53700000,1680400511927,True,True
47270938,17.65000000,0.18000000,3.17700000,1680400511927,True,True
47270939,17.65000000,0.59000000,10.41350000,1680400561354,True,True
47270940,17.65000000,0.36000000,6.35400000,1680400561354,True,True
47270941,17.65000000,0.70000000,12.35500000,1680400561354,True,True
47270942,17.65000000,1.96000000,34.59400000,1680400561354,True,True
47270943,17.65000000,1.96000000,34.59400000,1680400561354,True,True
47270944,17.65000000,2.08000000,36.71200000,1680400561354,True,True
47270945,17.66000000,0.44000000,7.77040000,1680400571594,False,True
47270946,17.66000000,10.88000000,192.14080000,1680400572764,False,True
47270947,17.66000000,2.23000000,39.38180000,1680400572764,False,True
47270948,17.66000000,2.23000000,39.38180000,1680400583498,True,True
47270949,17.66000000,39.94000000,705.34040000,1680400619975,False,True
47270950,17.65000000,1.24000000,21.88600000,1680400633353,True,True
47270951,17.65000000,54.31000000,958.57150000,1680400633353,True,True
47270952,17.65000000,61.30000000,1081.94500000,1680400819307,True,True
47270953,17.65000000,2.96000000,52.24400000,1680400819307,True,True
47270954,17.65000000,0.91000000,16.06150000,1680400819307,True,True
47270955,17.65000000,50.88000000,898.03200000,1680400819307,True,True
47270956,17.65000000,1.00000000,17.65000000,1680400819307,True,True
47270957,17.65000000,2.83000000,49.94950000,1680400819307,True,True
47270958,17.65000000,3.09000000,54.53850000,1680400819307,True,True
47270959,17.65000000,3.00000000,52.95000000,1680400819307,True,True
47270960,17.65000000,18.09000000,319.28850000,1680400819307,True,True
47270961,17.65000000,20.00000000,353.00000000,1680400819307,True,True
47270962,17.65000000,3.30000000,58.24500000,1680400819307,True,True
47270963,17.65000000,11.33000000,199.97450000,1680400819307,True,True
47270964,17.65000000,30.00000000,529.50000000,1680400819307,True,True
47270965,17.65000000,15.00000000,264.75000000,1680400819307,True,True
47270966,17.65000000,13.15000000,232.09750000,1680400819307,True,True
47270967,17.65000000,2.23000000,39.35950000,1680400819321,False,True
47270968,17.65000000,0.98000000,17.29700000,1680400819830,False,True
47270969,17.65000000,0.80000000,14.12000000,1680400972447,False,True
47270970,17.64000000,3.00000000,52.92000000,1680400994475,True,True
47270971,17.64000000,2.67000000,47.09880000,1680400994475,True,True
47270972,17.65000000,1.50000000,26.47500000,1680400994494,False,True
47270973,17.65000000,0.37000000,6.53050000,1680400994494,False,True
47270974,17.64000000,2.00000000,35.28000000,1680400994506,True,True
47270975,17.64000000,1.00000000,17.64000000,1680400994548,True,True
47270976,17.64000000,3.26000000,57.50640000,1680400994548,True,True
47270977,17.64000000,0.66000000,11.64240000,1680400994548,True,True
47270978,17.64000000,0.83000000,14.64120000,1680400994568,True,True
47270979,17.64000000,1.16000000,20.46240000,1680400994568,True,True
47270980,17.64000000,0.01000000,0.17640000,1680400994568,True,True
47270981,17.64000000,0.70000000,12.34800000,1680400994615,True,True
47270982,17.64000000,1.18000000,20.81520000,1680400994615,True,True
47270983,17.64000000,0.81000000,14.28840000,1680400994615,True,True
47270984,17.64000000,0.69000000,12.17160000,1680400994615,True,True
47270985,17.64000000,20.00000000,352.80000000,1680400994615,True,True
47270986,17.64000000,3.30000000,58.21200000,1680400994615,True,True
47270987,17.64000000,0.67000000,11.81880000,1680401041472,False,True
47270988,17.64000000,0.67000000,11.81880000,1680401052072,False,True
47270989,17.64000000,0.51000000,8.99640000,1680401052076,False,True
47270990,17.64000000,6.86000000,121.01040000,1680401052076,False,True
47270991,17.64000000,2.24000000,39.51360000,1680401105571,True,True
47270992,17.64000000,152.90000000,2697.15600000,1680401105571,True,True
47270993,17.64000000,43.86000000,773.69040000,1680401105571,True,True
47270994,17.64000000,11.33000000,199.86120000,1680401105571,True,True
47270995,17.64000000,53.64000000,946.20960000,1680401105571,True,True
47270996,17.64000000,14.38000000,253.66320000,1680401105571,True,True
47270997,17.64000000,1.26000000,22.22640000,1680401113501,True,True
47270998,17.64000000,2.21000000,38.98440000,1680401113501,True,True
47270999,17.64000000,0.15000000,2.64600000,1680401113506,True,True
47271000,17.64000000,4.29000000,75.67560000,1680401113556,False,True
47271001,17.64000000,5.00000000,88.20000000,1680401143890,False,True
47271002,17.64000000,2.23000000,39.33720000,1680401143890,False,True
47271003,17.65000000,0.57000000,10.06050000,1680401203806,False,True
47271004,17.65000000,1.28000000,22.59200000,1680401263703,False,True
47271005,17.65000000,3.77000000,66.54050000,1680401263703,False,True
47271006,17.65000000,10.00000000,176.50000000,1680401263703,False,True
47271007,17.66000000,5.00000000,88.30000000,1680401402034,False,True
47271008,17.66000000,6.49000000,114.61340000,1680401402039,False,True
47271009,17.66000000,1.25000000,22.07500000,1680401402039,False,True
47271010,17.66000000,11.12000000,196.37920000,1680401402039,False,True
47271011,17.66000000,2.23000000,39.38180000,1680401430152,True,True
47271012,17.66000000,2.48000000,43.79680000,1680401478904,False,True
47271013,17.66000000,8.30000000,146.57800000,1680401478905,False,True
47271014,17.66000000,2.23000000,39.38180000,1680401478905,False,True
47271015,17.66000000,1.85000000,32.67100000,1680401533151,True,True
47271016,17.66000000,8.58000000,151.52280000,1680401533151,True,True
47271017,17.67000000,2.23000000,39.40410000,1680401601788,False,True
47271018,17.67000000,12.79000000,225.99930000,1680401601788,False,True
47271019,17.67000000,0.17000000,3.00390000,1680401654945,False,True
47271020,17.67000000,9.97000000,176.16990000,1680401654945,False,True
47271021,17.67000000,4.70000000,83.04900000,1680401654945,False,True
47271022,17.67000000,41.68000000,736.48560000,1680401654950,False,True
47271023,17.67000000,3.30000000,58.31100000,1680401654950,False,True
47271024,17.67000000,2.23000000,39.40410000,1680401654960,True,True
47271025,17.67000000,2.22000000,39.22740000,1680401658611,False,True
47271026,17.67000000,11.21000000,198.08070000,1680401658611,False,True
47271027,17.67000000,1.17000000,20.67390000,1680401658611,False,True
47271028,17.67000000,2.13000000,37.63710000,1680401658615,False,True
47271029,17.67000000,2.23000000,39.40410000,1680401658692,True,True
47271030,17.67000000,47.54000000,840.03180000,1680401658719,True,True
47271031,17.67000000,2.23000000,39.40410000,1680401691334,False,True
47271032,17.67000000,12.77000000,225.64590000,1680401691359,True,True
47271033,17.67000000,113.92000000,2012.96640000,1680401691359,True,True
47271034,17.67000000,9.19000000,162.38730000,1680401691359,True,True
47271035,17.67000000,3.15000000,55.66050000,1680401691362,True,True
47271036,17.67000000,30.56000000,539.99520000,1680401691384,True,True
47271037,17.67000000,48.47000000,856.46490000,1680401691384,True,True
47271038,17.67000000,2.23000000,39.40410000,1680401691384,True,True
47271039,17.67000000,11.04000000,195.07680000,1680401691384,True,True
47271040,17.67000000,1.71000000,30.21570000,1680401691384,True,True
47271041,17.67000000,2.22000000,39.22740000,1680401711556,True,True
47271042,17.67000000,28.59000000,505.18530000,1680401711556,True,True
47271043,17.67000000,7.38000000,130.40460000,1680401776838,True,True
47271044,17.67000000,3.80000000,67.14600000,1680401776838,True,True
47271045,17.67000000,5.89000000,104.07630000,1680401776838,True,True
47271046,17.67000000,12.51000000,221.05170000,1680401776838,True,True
47271047,17.67000000,12.63000000,223.17210000,1680401776852,True,True
47271048,17.67000000,9.90000000,174.93300000,1680401776852,True,True
47271049,17.67000000,19.81000000,350.04270000,1680401776852,True,True
47271050,17.67000000,1.71000000,30.21570000,1680401776852,True,True
47271051,17.67000000,1.71000000,30.21570000,1680401776852,True,True
47271052,17.67000000,57.95000000,1023.97650000,1680401776852,True,True
47271053,17.67000000,42.46000000,750.26820000,1680401776852,True,True
47271054,17.67000000,11.05000000,195.25350000,1680401776910,True,True
47271055,17.67000000,0.89000000,15.72630000,1680401776953,True,True
47271056,17.67000000,10.28000000,181.64760000,1680401777065,True,True
47271057,17.66000000,11.32000000,199.91120000,1680401787701,False,True
47271058,17.66000000,2.23000000,39.38180000,1680401791073,False,True
47271059,17.66000000,11.37000000,200.79420000,1680401791073,False,True
47271060,17.66000000,2.23000000,39.38180000,1680401802163,True,True
47271061,17.65000000,1.60000000,28.24000000,1680401815110,True,True
47271062,17.65000000,0.63000000,11.11950000,1680401829555,True,True
47271063,17.65000000,5.66000000,99.89900000,1680401829555,True,True
47271064,17.65000000,3.30000000,58.24500000,1680401829555,True,True
47271065,17.65000000,14.64000000,258.39600000,1680401829555,True,True
47271066,17.65000000,2.23000000,39.35950000,1680401829566,False,True
47271067,17.65000000,0.15000000,2.64750000,1680401829566,False,True
47271068,17.65000000,4.29000000,75.71850000,1680401829656,False,True
47271069,17.65000000,1.15000000,20.29750000,1680401830290,False,True
47271070,17.64000000,2.24000000,39.51360000,1680401874201,True,True
47271071,17.64000000,5.66000000,99.84240000,1680401874201,True,True
47271072,17.64000000,3.30000000,58.21200000,1680401874201,True,True
47271073,17.64000000,2.24000000,39.51360000,1680401874229,False,True
