39331727,17.15000000,21.28000000,364.95200000,1664841605396,True,True
39331728,17.15000000,38.25000000,655.98750000,1664841605396,True,True
39331729,17.15000000,9.64000000,165.32600000,1664841606056,True,True
39331730,17.15000000,2.64000000,45.27600000,1664841608007,False,True
39331731,17.15000000,9.03000000,154.86450000,1664841608007,False,True
39331732,17.15000000,53.82000000,923.01300000,1664841608216,False,True
39331733,17.15000000,62.80000000,1077.02000000,1664841608216,False,True
39331734,17.16000000,23.05000000,395.53800000,1664841608761,False,True
39331735,17.16000000,0.28000000,4.80480000,1664841608761,False,True
39331736,17.16000000,8.85000000,151.86600000,1664841614657,False,True
39331737,17.16000000,0.88000000,15.10080000,1664841614657,False,True
39331738,17.16000000,5.22000000,89.57520000,1664841614657,False,True
39331739,17.16000000,0.30000000,5.14800000,1664841614657,False,True
39331740,17.16000000,2.40000000,41.18400000,1664841618595,False,True
39331741,17.17000000,10.00000000,171.70000000,1664841625884,False,True
39331742,17.17000000,4.97000000,85.33490000,1664841625884,False,True
39331743,17.17000000,1.22000000,20.94740000,1664841625884,False,True
39331744,17.17000000,2.59000000,44.47030000,1664841625884,False,True
39331745,17.18000000,28.29000000,486.02220000,1664841625895,False,True
39331746,17.18000000,1.71000000,29.37780000,1664841625897,False,True
39331747,17.18000000,2.91000000,49.99380000,1664841625897,False,True
39331748,17.18000000,2.91000000,49.99380000,1664841625897,False,True
39331749,17.18000000,0.90000000,15.46200000,1664841625897,False,True
39331750,17.18000000,10.35000000,177.81300000,1664841625897,False,True
39331751,17.18000000,81.27000000,1396.21860000,1664841625911,False,True
39331752,17.18000000,88.00000000,1511.84000000,1664841625911,False,True
39331753,17.18000000,10.06000000,172.83080000,1664841625911,False,True
39331754,17.18000000,27.46000000,471.76280000,1664841625911,False,True
39331755,17.18000000,44.50000000,764.51000000,1664841625971,False,True
39331756,17.18000000,42.73000000,734.10140000,1664841625971,False,True
39331757,17.18000000,10.08000000,173.17440000,1664841627167,True,True
39331758,17.18000000,4.57000000,78.51260000,1664841627220,True,True
39331759,17.18000000,31.07000000,533.78260000,1664841627371,True,True
39331760,17.18000000,14.78000000,253.92040000,1664841627371,True,True
39331761,17.18000000,30.00000000,515.40000000,1664841629338,False,True
39331762,17.18000000,0.38000000,6.52840000,1664841629338,False,True
39331763,17.18000000,29.62000000,508.87160000,1664841633470,False,True
39331764,17.18000000,0.76000000,13.05680000,1664841633470,False,True
39331765,17.18000000,34.88000000,599.23840000,1664841635698,False,True
39331766,17.18000000,30.00000000,515.40000000,1664841635698,False,True
39331767,17.18000000,0.72000000,12.36960000,1664841635698,False,True
39331768,17.18000000,29.28000000,503.03040000,1664841644368,False,True
39331769,17.18000000,20.72000000,355.96960000,1664841644368,False,True
39331770,17.18000000,5.23000000,89.85140000,1664841644462,True,True
39331771,17.18000000,2.24000000,38.48320000,1664841645723,True,True
39331772,17.18000000,1.45000000,24.91100000,1664841650340,True,True
39331773,17.19000000,1.05000000,18.04950000,1664841661945,False,True
39331774,17.18000000,26.72000000,459.04960000,1664841666024,True,True
39331775,17.18000000,30.00000000,515.40000000,1664841666024,True,True
39331776,17.18000000,30.00000000,515.40000000,1664841666024,True,True
39331777,17.18000000,40.74000000,699.91320000,1664841666024,True,True
39331778,17.18000000,27.59000000,473.99620000,1664841666024,True,True
39331779,17.18000000,9.98000000,171.45640000,1664841666024,True,True
39331780,17.17000000,7.41000000,127.22970000,1664841674589,True,True
39331781,17.17000000,2.70000000,46.35900000,1664841674589,True,True
39331782,17.17000000,10.05000000,172.55850000,1664841674589,True,True
39331783,17.16000000,26.91000000,461.77560000,1664841701483,True,True
39331784,17.16000000,8.73000000,149.80680000,1664841701491,True,True
39331785,17.16000000,10.09000000,173.14440000,1664841701491,True,True
39331786,17.16000000,39.74000000,681.93840000,1664841701491,True,True
39331787,17.16000000,30.23000000,518.74680000,1664841701518,True,True
39331788,17.16000000,11.65000000,199.91400000,1664841701518,True,True
39331789,17.16000000,11.65000000,199.91400000,1664841701518,True,True
39331790,17.16000000,10.00000000,171.60000000,1664841701518,True,True
39331791,17.16000000,2.59000000,44.44440000,1664841701518,True,True
39331792,17.16000000,1.50000000,25.74000000,1664841702075,False,True
39331793,17.15000000,7.32000000,125.53800000,1664841710305,True,True
39331794,17.15000000,8.86000000,151.94900000,1664841747965,True,True
39331795,17.15000000,2.24000000,38.41600000,1664841781231,False,True
39331796,17.15000000,29.36000000,503.52400000,1664841781517,False,True
39331797,17.15000000,14.91000000,255.70650000,1664841781526,False,True
39331798,17.15000000,39.11000000,670.73650000,1664841781528,False,True
39331799,17.15000000,37.59000000,644.66850000,1664841781530,False,True
39331800,17.15000000,23.30000000,399.59500000,1664841781534,False,True
39331801,17.15000000,0.87000000,14.92050000,1664841781534,False,True
39331802,17.15000000,10.07000000,172.70050000,1664841795588,True,True
39331803,17.14000000,0.69000000,11.82660000,1664841795588,True,True
39331804,17.14000000,3.32000000,56.90480000,1664841795588,True,True
39331805,17.14000000,3.17000000,54.33380000,1664841795588,True,True
39331806,17.14000000,1.16000000,19.88240000,1664841795588,True,True
39331807,17.14000000,1.51000000,25.88140000,1664841795588,True,True
39331808,17.14000000,18.14000000,310.91960000,1664841795588,True,True
39331809,17.14000000,2.99000000,51.24860000,1664841804176,True,True
39331810,17.14000000,8.87000000,152.03180000,1664841858608,True,True
39331811,17.14000000,24.42000000,418.55880000,1664841858608,True,True
39331812,17.14000000,30.00000000,514.20000000,1664841858608,True,True
39331813,17.14000000,62.83000000,1076.90620000,1664841858608,True,True
39331814,17.14000000,49.14000000,842.25960000,1664841858608,True,True
39331815,17.14000000,35.21000000,603.49940000,1664841858608,True,True
39331816,17.14000000,103.98000000,1782.21720000,1664841858608,True,True
39331817,17.14000000,88.00000000,1508.32000000,1664841858608,True,True
39331818,17.14000000,7.04000000,120.66560000,1664841858608,True,True
39331819,17.14000000,35.28000000,604.69920000,1664841858608,True,True
39331820,17.14000000,2.59000000,44.39260000,1664841858608,True,True
39331821,17.14000000,145.81000000,2499.18340000,1664841858608,True,True
39331822,17.14000000,16.06000000,275.26840000,1664841858657,False,True
39331823,17.14000000,30.00000000,514.20000000,1664841859825,False,True
39331824,17.14000000,0.91000000,15.59740000,1664841861700,False,True
39331825,17.14000000,30.86000000,528.94040000,1664841864431,False,True
39331826,17.14000000,30.00000000,514.20000000,1664841864510,False,True
39331827,17.14000000,36.60000000,627.32400000,1664841864615,False,True
39331828,17.14000000,30.00000000,514.20000000,1664841864680,False,True
39331829,17.14000000,14.09000000,241.50260000,1664841864690,False,True
39331830,17.14000000,25.51000000,437.24140000,1664841864704,False,True
39331831,17.14000000,336.00000000,5759.04000000,1664841864769,False,True
39331832,17.14000000,6.10000000,104.55400000,1664841864776,False,True
39331833,17.14000000,11.12000000,190.59680000,1664841864782,False,True
39331834,17.14000000,225.66000000,3867.81240000,1664841864788,False,True
39331835,17.14000000,5.49000000,94.09860000,1664841864795,False,True
39331836,17.14000000,10.09000000,172.94260000,1664841864799,False,True
39331837,17.14000000,24.22000000,415.13080000,1664841865251,False,True
39331838,17.14000000,5.78000000,99.06920000,1664841865328,False,True
39331839,17.14000000,30.00000000,514.20000000,1664841865605,False,True
39331840,17.14000000,15.78000000,270.46920000,1664841865678,False,True
39331841,17.14000000,3.05000000,52.27700000,1664841865747,False,True
39331842,17.14000000,11.17000000,191.45380000,1664841865813,False,True
39331843,17.14000000,3.05000000,52.27700000,1664841865883,False,True
39331844,17.14000000,40.00000000,685.60000000,1664841878821,False,True
39331845,17.14000000,20.00000000,342.80000000,1664841878825,False,True
39331846,17.14000000,20.00000000,342.80000000,1664841878828,False,True
39331847,17.14000000,80.00000000,1371.20000000,1664841878830,False,True
39331848,17.14000000,40.00000000,685.60000000,1664841878834,False,True
39331849,17.14000000,40.00000000,685.60000000,1664841878837,False,True
39331850,17.14000000,98.29000000,1684.69060000,1664841878841,False,True
39331851,17.15000000,14.80000000,253.82000000,1664841878940,False,True
39331852,17.15000000,24.77000000,424.80550000,1664841878940,False,True
39331853,17.15000000,10.43000000,178.87450000,1664841878940,False,True
39331854,17.15000000,14.32000000,245.58800000,1664841885322,False,True
39331855,17.14000000,39.48000000,676.68720000,1664841895380,True,True
39331856,17.14000000,26.05000000,446.49700000,1664841895381,True,True
39331857,17.14000000,11.21000000,192.13940000,1664841895381,True,True
39331858,17.14000000,4.53000000,77.64420000,1664841895384,True,True
39331859,17.14000000,10.01000000,171.57140000,1664841895384,True,True
39331860,17.14000000,21.54000000,369.19560000,1664841896633,False,True
39331861,17.15000000,0.75000000,12.86250000,1664841908677,False,True
39331862,17.14000000,12.44000000,213.22160000,1664841915512,True,True
39331863,17.14000000,12.00000000,205.68000000,1664841929457,True,True
39331864,17.15000000,7.39000000,126.73850000,1664841948294,False,True
39331865,17.15000000,9.71000000,166.52650000,1664841948294,False,True
39331866,17.15000000,17.10000000,293.26500000,1664841951568,False,True
39331867,17.15000000,20.00000000,343.00000000,1664841969091,False,True
39331868,17.15000000,20.00000000,343.00000000,1664841969094,False,True
39331869,17.15000000,20.00000000,343.00000000,1664841969104,False,True
39331870,17.15000000,70.65000000,1211.64750000,1664841969105,False,True
39331871,17.15000000,9.35000000,160.35250000,1664841969105,False,True
39331872,17.15000000,20.00000000,343.00000000,1664841969106,False,True
39331873,17.15000000,20.65000000,354.14750000,1664841969114,False,True
39331874,17.15000000,185.62000000,3183.38300000,1664841969114,False,True
39331875,17.16000000,0.95000000,16.30200000,1664841970192,False,True
39331876,17.16000000,4.95000000,84.94200000,1664841970473,False,True
39331877,17.16000000,1.99000000,34.14840000,1664841970473,False,True
39331878,17.16000000,30.00000000,514.80000000,1664841970701,False,True
39331879,17.16000000,18.01000000,309.05160000,1664841970741,False,True
39331880,17.17000000,11.84000000,203.29280000,1664841979798,False,True
39331881,17.17000000,2.59000000,44.47030000,1664841992262,False,True
39331882,17.18000000,30.50000000,523.99000000,1664841992268,False,True
39331883,17.18000000,50.00000000,859.00000000,1664841992313,False,True
39331884,17.17000000,41.45000000,711.69650000,1664842007826,True,True
39331885,17.17000000,30.00000000,515.10000000,1664842007826,True,True
39331886,17.17000000,7.43000000,127.57310000,1664842007826,True,True
39331887,17.17000000,3.89000000,66.79130000,1664842007826,True,True
39331888,17.17000000,18.48000000,317.30160000,1664842007845,True,True
39331889,17.17000000,24.14000000,414.48380000,1664842007845,True,True
39331890,17.17000000,34.94000000,599.91980000,1664842007845,True,True
39331891,17.17000000,64.78000000,1112.27260000,1664842007845,True,True
39331892,17.17000000,10.08000000,173.07360000,1664842007845,True,True
39331893,17.17000000,35.19000000,604.21230000,1664842008879,True,True
39331894,17.17000000,30.00000000,515.10000000,1664842008879,True,True
39331895,17.17000000,2.70000000,46.35900000,1664842012048,False,True
39331896,17.18000000,16.38000000,281.40840000,1664842012048,False,True
39331897,17.18000000,13.62000000,233.99160000,1664842012176,False,True
39331898,17.18000000,2.91000000,49.99380000,1664842012176,False,True
39331899,17.18000000,6.67000000,114.59060000,1664842012176,False,True
39331900,17.18000000,5.91000000,101.53380000,1664842030301,False,True
39331901,17.19000000,0.24000000,4.12560000,1664842046606,False,True
39331902,17.19000000,30.00000000,515.70000000,1664842046606,False,True
39331903,17.19000000,27.59000000,474.27210000,1664842046606,False,True
39331904,17.19000000,0.69000000,11.86110000,1664842046606,False,True
39331905,17.19000000,3.32000000,57.07080000,1664842046606,False,True
39331906,17.19000000,0.90000000,15.47100000,1664842046606,False,True
39331907,17.19000000,1.11000000,19.08090000,1664842046606,False,True
39331908,17.19000000,1.11000000,19.08090000,1664842046606,False,True
39331909,17.20000000,0.62000000,10.66400000,1664842046623,False,True
39331910,17.19000000,2.24000000,38.50560000,1664842046661,True,True
39331911,17.20000000,1.29000000,22.18800000,1664842050147,False,True
39331912,17.20000000,0.17000000,2.92400000,1664842050147,False,True
39331913,17.20000000,1.11000000,19.09200000,1664842050388,False,True
39331914,17.20000000,2.59000000,44.54800000,1664842050388,False,True
39331915,17.20000000,2.22000000,38.18400000,1664842050388,False,True
39331916,17.20000000,7.78000000,133.81600000,1664842050642,False,True
39331917,17.20000000,4.26000000,73.27200000,1664842051148,False,True
39331918,17.20000000,2.24000000,38.52800000,1664842054060,True,True
39331919,17.20000000,8.46000000,145.51200000,1664842054196,True,True
39331920,17.20000000,19.04000000,327.48800000,1664842065241,False,True
39331921,17.20000000,3.80000000,65.36000000,1664842065356,False,True
39331922,17.20000000,10.56000000,181.63200000,1664842065409,False,True
39331923,17.20000000,24.22000000,416.58400000,1664842068165,False,True
39331924,17.20000000,24.22000000,416.58400000,1664842068252,False,True
39331925,17.20000000,11.62000000,199.86400000,1664842068331,False,True
39331926,17.20000000,60.00000000,1032.00000000,1664842072220,False,True
39331927,17.20000000,4.57000000,78.60400000,1664842081842,False,True
39331928,17.20000000,24.98000000,429.65600000,1664842082959,False,True
39331929,17.20000000,19.15000000,329.38000000,1664842082959,False,True
39331930,17.20000000,10.85000000,186.62000000,1664842082962,False,True
39331931,17.21000000,1.29000000,22.20090000,1664842127615,False,True
39331932,17.21000000,2.56000000,44.05760000,1664842127615,False,True
39331933,17.21000000,0.71000000,12.21910000,1664842127615,False,True
39331934,17.21000000,1.88000000,32.35480000,1664842131691,False,True
39331935,17.22000000,1.29000000,22.21380000,1664842141118,False,True
39331936,17.22000000,1.28000000,22.04160000,1664842141118,False,True
39331937,17.22000000,0.69000000,11.88180000,1664842141118,False,True
39331938,17.22000000,1.98000000,34.09560000,1664842141118,False,True
39331939,17.22000000,1.19000000,20.49180000,1664842141806,False,True
39331940,17.22000000,10.00000000,172.20000000,1664842141806,False,True
39331941,17.22000000,2.90000000,49.93800000,1664842141806,False,True
39331942,17.22000000,34.84000000,599.94480000,1664842152179,True,True
39331943,17.22000000,35.64000000,613.72080000,1664842152179,True,True
39331944,17.22000000,30.00000000,516.60000000,1664842152179,True,True
39331945,17.22000000,64.53000000,1111.20660000,1664842152179,True,True
39331946,17.22000000,7.00000000,120.54000000,1664842191475,True,True
39331947,17.23000000,0.61000000,10.51030000,1664842192656,False,True
39331948,17.23000000,11.60000000,199.86800000,1664842192703,False,True
39331949,17.23000000,16.71000000,287.91330000,1664842196301,False,True
39331950,17.23000000,3.31000000,57.03130000,1664842196301,False,True
39331951,17.23000000,1.11000000,19.12530000,1664842196301,False,True
39331952,17.23000000,1.11000000,19.12530000,1664842196301,False,True
39331953,17.23000000,35.64000000,614.07720000,1664842196301,False,True
39331954,17.24000000,50.00000000,862.00000000,1664842196461,False,True
39331955,17.24000000,1.28000000,22.06720000,1664842200793,False,True
39331956,17.24000000,2.57000000,44.30680000,1664842200793,False,True
39331957,17.24000000,10.00000000,172.40000000,1664842200793,False,True
39331958,17.24000000,2.59000000,44.65160000,1664842200793,False,True
39331959,17.24000000,35.64000000,614.43360000,1664842203104,True,True
39331960,17.24000000,6.27000000,108.09480000,1664842203104,True,True
39331961,17.24000000,3.13000000,53.96120000,1664842203104,True,True
39331962,17.24000000,25.75000000,443.93000000,1664842203108,True,True
39331963,17.24000000,10.02000000,172.74480000,1664842203108,True,True
39331964,17.23000000,23.54000000,405.59420000,1664842203108,True,True
39331965,17.23000000,12.10000000,208.48300000,1664842203109,True,True
39331966,17.23000000,23.09000000,397.84070000,1664842203109,True,True
39331967,17.23000000,9.94000000,171.26620000,1664842209502,True,True
39331968,17.23000000,30.00000000,516.90000000,1664842219383,False,True
39331969,17.23000000,6.83000000,117.68090000,1664842219383,False,True
39331970,17.23000000,48.58000000,837.03340000,1664842219401,False,True
39331971,17.23000000,1.64000000,28.25720000,1664842219448,False,True
39331972,17.23000000,9.66000000,166.44180000,1664842219448,False,True
39331973,17.23000000,2.23000000,38.42290000,1664842220018,False,True
39331974,17.23000000,0.67000000,11.54410000,1664842221751,False,True
39331975,17.23000000,2.23000000,38.42290000,1664842223496,False,True
39331976,17.23000000,1.26000000,21.70980000,1664842223508,False,True
39331977,17.23000000,1.65000000,28.42950000,1664842261458,False,True
39331978,17.23000000,2.54000000,43.76420000,1664842261458,False,True
39331979,17.23000000,4.20000000,72.36600000,1664842274283,False,True
39331980,17.23000000,2.73000000,47.03790000,1664842277487,False,True
39331981,17.23000000,5.00000000,86.15000000,1664842303877,True,True
39331982,17.25000000,11.16000000,192.51000000,1664842315410,False,True
39331983,17.24000000,1.73000000,29.82520000,1664842318047,True,True
39331984,17.24000000,18.84000000,324.80160000,1664842323625,True,True
39331985,17.24000000,34.80000000,599.95200000,1664842323625,True,True
39331986,17.24000000,1.73000000,29.82520000,1664842323625,True,True
39331987,17.24000000,11.65000000,200.84600000,1664842332341,False,True
39331988,17.23000000,9.94000000,171.26620000,1664842335276,True,True
39331989,17.23000000,2.91000000,50.13930000,1664842335276,True,True
39331990,17.23000000,20.57000000,354.42110000,1664842335276,True,True
39331991,17.22000000,9.98000000,171.85560000,1664842389198,True,True
39331992,17.22000000,17.42000000,299.97240000,1664842389198,True,True
39331993,17.22000000,2.23000000,38.40060000,1664842389198,True,True
39331994,17.22000000,30.00000000,516.60000000,1664842389198,True,True
39331995,17.22000000,2.91000000,50.11020000,1664842389198,True,True
39331996,17.22000000,10.00000000,172.20000000,1664842389198,True,True
39331997,17.22000000,7.40000000,127.42800000,1664842389198,True,True
39331998,17.22000000,12.18000000,209.73960000,1664842389198,True,True
39331999,17.22000000,17.82000000,306.86040000,1664842389211,True,True
39332000,17.22000000,8.11000000,139.65420000,1664842389211,True,True
39332001,17.22000000,6.51000000,112.10220000,1664842389211,True,True
39332002,17.22000000,105.74000000,1820.84280000,1664842389211,True,True
39332003,17.22000000,29.75000000,512.29500000,1664842389213,True,True
39332004,17.22000000,61.35000000,1056.44700000,1664842389218,True,True
39332005,17.22000000,30.00000000,516.60000000,1664842389218,True,True
39332006,17.21000000,9.97000000,171.58370000,1664842397142,True,True
39332007,17.21000000,30.00000000,516.30000000,1664842397142,True,True
39332008,17.21000000,8.71000000,149.89910000,1664842397142,True,True
39332009,17.21000000,2.53000000,43.54130000,1664842397142,True,True
39332010,17.20000000,9.98000000,171.65600000,1664842401888,True,True
39332011,17.20000000,8.85000000,152.22000000,1664842401888,True,True
39332012,17.20000000,5.65000000,97.18000000,1664842401906,True,True
39332013,17.20000000,1.28000000,22.01600000,1664842401906,True,True
39332014,17.20000000,10.00000000,172.00000000,1664842401906,True,True
39332015,17.20000000,1.42000000,24.42400000,1664842411022,True,True
39332016,17.20000000,30.00000000,516.00000000,1664842416683,True,True
39332017,17.20000000,10.02000000,172.34400000,1664842416683,True,True
39332018,17.19000000,27.05000000,464.98950000,1664842420098,True,True
39332019,17.19000000,10.04000000,172.58760000,1664842420131,True,True
39332020,17.19000000,10.24000000,176.02560000,1664842420131,True,True
39332021,17.19000000,20.00000000,343.80000000,1664842420131,True,True
39332022,17.19000000,21.67000000,372.50730000,1664842420146,True,True
39332023,17.19000000,2.24000000,38.50560000,1664842420530,False,True
39332024,17.19000000,60.00000000,1031.40000000,1664842422133,False,True
39332025,17.19000000,4.73000000,81.30870000,1664842422136,False,True
39332026,17.19000000,5.77000000,99.18630000,1664842422136,False,True
39332027,17.19000000,7.46000000,128.23740000,1664842422136,False,True
39332028,17.20000000,9.67000000,166.32400000,1664842430822,False,True
39332029,17.20000000,7.39000000,127.10800000,1664842430822,False,True
39332030,17.20000000,11.00000000,189.20000000,1664842430973,False,True
39332031,17.21000000,39.00000000,671.19000000,1664842431059,False,True
39332032,17.20000000,18.43000000,316.99600000,1664842434040,True,True
39332033,17.20000000,30.00000000,516.00000000,1664842434040,True,True
39332034,17.20000000,30.00000000,516.00000000,1664842434040,True,True
39332035,17.20000000,5.12000000,88.06400000,1664842434040,True,True
39332036,17.20000000,37.86000000,651.19200000,1664842434040,True,True
39332037,17.20000000,9.66000000,166.15200000,1664842434040,True,True
39332038,17.20000000,125.30000000,2155.16000000,1664842434040,True,True
39332039,17.20000000,64.76000000,1113.87200000,1664842434040,True,True
39332040,17.20000000,16.90000000,290.68000000,1664842434040,True,True
39332041,17.20000000,1.57000000,27.00400000,1664842434052,False,True
39332042,17.20000000,204.40000000,3515.68000000,1664842434060,False,True
39332043,17.22000000,0.59000000,10.15980000,1664842454155,False,True
39332044,17.22000000,4.49000000,77.31780000,1664842480425,False,True
39332045,17.22000000,7.38000000,127.08360000,1664842480425,False,True
39332046,17.22000000,28.50000000,490.77000000,1664842480425,False,True
39332047,17.22000000,9.33000000,160.66260000,1664842480425,False,True
39332048,17.22000000,0.30000000,5.16600000,1664842480425,False,True
39332049,17.21000000,3.00000000,51.63000000,1664842483103,True,True
39332050,17.22000000,28.50000000,490.77000000,1664842491989,True,True
39332051,17.22000000,17.78000000,306.17160000,1664842491989,True,True
39332052,17.22000000,11.28000000,194.24160000,1664842491991,True,True
39332053,17.22000000,5.78000000,99.53160000,1664842492017,True,True
39332054,17.22000000,31.37000000,540.19140000,1664842498114,False,True
39332055,17.22000000,13.35000000,229.88700000,1664842498133,False,True
39332056,17.22000000,15.21000000,261.91620000,1664842498133,False,True
39332057,17.22000000,23.31000000,401.39820000,1664842498139,False,True
39332058,17.22000000,13.42000000,231.09240000,1664842498139,False,True
39332059,17.22000000,9.90000000,170.47800000,1664842501077,True,True
39332060,17.22000000,2.24000000,38.57280000,1664842503869,False,True
39332061,17.22000000,0.68000000,11.70960000,1664842515149,False,True
39332062,17.22000000,21.31000000,366.95820000,1664842515149,False,True
39332063,17.22000000,7.19000000,123.81180000,1664842515156,False,True
39332064,17.22000000,5.79000000,99.70380000,1664842515156,False,True
39332065,17.23000000,2.91000000,50.13930000,1664842515329,False,True
39332066,17.23000000,30.00000000,516.90000000,1664842515329,False,True
39332067,17.23000000,10.00000000,172.30000000,1664842515329,False,True
39332068,17.23000000,2.90000000,49.96700000,1664842515329,False,True
39332069,17.23000000,4.19000000,72.19370000,1664842515329,False,True
39332070,17.23000000,1.40000000,24.12200000,1664842539255,False,True
39332071,17.23000000,1.81000000,31.18630000,1664842540364,False,True
39332072,17.23000000,15.19000000,261.72370000,1664842540364,False,True
39332073,17.23000000,9.60000000,165.40800000,1664842540779,False,True
39332074,17.23000000,17.00000000,292.91000000,1664842541406,False,True
39332075,17.23000000,1.90000000,32.73700000,1664842542382,False,True
39332076,17.23000000,3.10000000,53.41300000,1664842542382,False,True
39332077,17.23000000,11.00000000,189.53000000,1664842548273,False,True
39332078,17.23000000,15.90000000,273.95700000,1664842549210,False,True
39332079,17.23000000,1.10000000,18.95300000,1664842549210,False,True
39332080,17.23000000,17.00000000,292.91000000,1664842550330,False,True
39332081,17.23000000,5.00000000,86.15000000,1664842551200,False,True
39332082,17.23000000,1.71000000,29.46330000,1664842552580,False,True
39332083,17.23000000,3.48000000,59.96040000,1664842552580,False,True
39332084,17.24000000,50.00000000,862.00000000,1664842552618,False,True
39332085,17.24000000,1.28000000,22.06720000,1664842555026,False,True
39332086,17.24000000,57.00000000,982.68000000,1664842556243,True,True
39332087,17.24000000,1.72000000,29.65280000,1664842556243,True,True
39332088,17.24000000,1.20000000,20.68800000,1664842558134,False,True
39332089,17.24000000,17.00000000,293.08000000,1664842561283,False,True
39332090,17.24000000,8.56000000,147.57440000,1664842562490,False,True
39332091,17.25000000,13.84000000,238.74000000,1664842562597,False,True
39332092,17.25000000,19.16000000,330.51000000,1664842562597,False,True
39332093,17.25000000,3.80000000,65.55000000,1664842565555,False,True
39332094,17.25000000,23.60000000,407.10000000,1664842575240,False,True
39332095,17.25000000,1.40000000,24.15000000,1664842575295,False,True
39332096,17.25000000,1.27000000,21.90750000,1664842575295,False,True
39332097,17.25000000,1.28000000,22.08000000,1664842575295,False,True
39332098,17.25000000,0.69000000,11.90250000,1664842575295,False,True
39332099,17.25000000,1.85000000,31.91250000,1664842575295,False,True
39332100,17.25000000,2.53000000,43.64250000,1664842575295,False,True
39332101,17.25000000,10.00000000,172.50000000,1664842575295,False,True
39332102,17.25000000,0.90000000,15.52500000,1664842575295,False,True
39332103,17.25000000,6.48000000,111.78000000,1664842575295,False,True
39332104,17.26000000,15.85000000,273.57100000,1664842576852,False,True
39332105,17.25000000,10.47000000,180.60750000,1664842580518,False,True
39332106,17.25000000,9.47000000,163.35750000,1664842580520,False,True
39332107,17.25000000,2.30000000,39.67500000,1664842580520,False,True
39332108,17.25000000,31.89000000,550.10250000,1664842580520,False,True
39332109,17.25000000,8.80000000,151.80000000,1664842580543,False,True
39332110,17.25000000,6.26000000,107.98500000,1664842580565,False,True
39332111,17.25000000,15.48000000,267.03000000,1664842580588,False,True
39332112,17.25000000,21.68000000,373.98000000,1664842580588,False,True
39332113,17.25000000,1.11000000,19.14750000,1664842580752,False,True
39332114,17.25000000,1.11000000,19.14750000,1664842580752,False,True
39332115,17.26000000,14.15000000,244.22900000,1664842580752,False,True
39332116,17.26000000,33.63000000,580.45380000,1664842580752,False,True
39332117,17.26000000,0.61000000,10.52860000,1664842580837,False,True
39332118,17.25000000,19.93000000,343.79250000,1664842581194,True,True
39332119,17.25000000,11.77000000,203.03250000,1664842581194,True,True
39332120,17.25000000,5.46000000,94.18500000,1664842581194,True,True
39332121,17.25000000,30.00000000,517.50000000,1664842584963,False,True
39332122,17.25000000,41.59000000,717.42750000,1664842584963,False,True
39332123,17.25000000,12.41000000,214.07250000,1664842584963,False,True
39332124,17.26000000,50.00000000,863.00000000,1664842585017,False,True
39332125,17.25000000,9.90000000,170.77500000,1664842585830,True,True
39332126,17.25000000,19.93000000,343.79250000,1664842587967,False,True
39332127,17.25000000,30.07000000,518.70750000,1664842587967,False,True
39332128,17.24000000,10.03000000,172.91720000,1664842591347,True,True
39332129,17.24000000,9.07000000,156.36680000,1664842609819,False,True
39332130,17.24000000,17.00000000,293.08000000,1664842615107,False,True
39332131,17.25000000,26.30000000,453.67500000,1664842616079,False,True
39332132,17.25000000,6.70000000,115.57500000,1664842616126,False,True
39332133,17.24000000,50.00000000,862.00000000,1664842629347,False,True
39332134,17.23000000,3.21000000,55.30830000,1664842642227,True,True
39332135,17.23000000,8.98000000,154.72540000,1664842642227,True,True
39332136,17.23000000,10.24000000,176.43520000,1664842642227,True,True
39332137,17.23000000,14.50000000,249.83500000,1664842642227,True,True
39332138,17.23000000,10.29000000,177.29670000,1664842642227,True,True
39332139,17.23000000,9.48000000,163.34040000,1664842642227,True,True
39332140,17.23000000,4.52000000,77.87960000,1664842642401,True,True
39332141,17.23000000,2.90000000,49.96700000,1664842642404,True,True
39332142,17.23000000,22.62000000,389.74260000,1664842655567,False,True
39332143,17.24000000,1.13000000,19.48120000,1664842657683,False,True
39332144,17.24000000,9.47000000,163.26280000,1664842657683,False,True
39332145,17.24000000,39.40000000,679.25600000,1664842657723,False,True
39332146,17.24000000,1.22000000,21.03280000,1664842657952,False,True
39332147,17.24000000,3.00000000,51.72000000,1664842657957,False,True
39332148,17.24000000,11.65000000,200.84600000,1664842657961,False,True
39332149,17.25000000,2.06000000,35.53500000,1664842663031,True,True
39332150,17.25000000,2.23000000,38.46750000,1664842663532,True,True
39332151,17.25000000,2.23000000,38.46750000,1664842664120,True,True
39332152,17.25000000,6.53000000,112.64250000,1664842666003,False,True
39332153,17.25000000,12.16000000,209.76000000,1664842666003,False,True
39332154,17.26000000,25.00000000,431.50000000,1664842666103,False,True
39332155,17.26000000,25.00000000,431.50000000,1664842666103,False,True
39332156,17.26000000,3.31000000,57.13060000,1664842666103,False,True
39332157,17.26000000,1.28000000,22.09280000,1664842666103,False,True
39332158,17.26000000,10.06000000,173.63560000,1664842666103,False,True
39332159,17.26000000,26.00000000,448.76000000,1664842666103,False,True
39332160,17.26000000,15.35000000,264.94100000,1664842666103,False,True
39332161,17.26000000,1.11000000,19.15860000,1664842671749,False,True
39332162,17.26000000,1.11000000,19.15860000,1664842671749,False,True
39332163,17.26000000,30.00000000,517.80000000,1664842671749,False,True
39332164,17.26000000,0.99000000,17.08740000,1664842678645,False,True
39332165,17.25000000,2.63000000,45.36750000,1664842679241,True,True
39332166,17.25000000,9.52000000,164.22000000,1664842679241,True,True
39332167,17.25000000,1.76000000,30.36000000,1664842679241,True,True
39332168,17.25000000,11.59000000,199.92750000,1664842679842,True,True
39332169,17.25000000,11.59000000,199.92750000,1664842679842,True,True
39332170,17.25000000,6.82000000,117.64500000,1664842679842,True,True
39332171,17.25000000,3.28000000,56.58000000,1664842679917,True,True
39332172,17.25000000,1.49000000,25.70250000,1664842679958,True,True
39332173,17.25000000,28.51000000,491.79750000,1664842679958,True,True
39332174,17.24000000,3.28000000,56.54720000,1664842679958,True,True
39332175,17.25000000,13.91000000,239.94750000,1664842683084,False,True
39332176,17.25000000,7.40000000,127.65000000,1664842683084,False,True
39332177,17.25000000,44.58000000,769.00500000,1664842683095,False,True
39332178,17.25000000,6.44000000,111.09000000,1664842708578,True,True
39332179,17.26000000,1.11000000,19.15860000,1664842715566,False,True
39332180,17.26000000,4.69000000,80.94940000,1664842715566,False,True
39332181,17.26000000,1.11000000,19.15860000,1664842717010,False,True
39332182,17.26000000,28.50000000,491.91000000,1664842717010,False,True
39332183,17.27000000,14.59000000,251.96930000,1664842717010,False,True
39332184,17.26000000,1.69000000,29.16940000,1664842717253,True,True
39332185,17.26000000,3.98000000,68.69480000,1664842718327,True,True
39332186,17.26000000,3.98000000,68.69480000,1664842718327,True,True
39332187,17.26000000,2.13000000,36.76380000,1664842718330,True,True
39332188,17.26000000,64.77000000,1117.93020000,1664842720017,False,True
39332189,17.26000000,11.77000000,203.15020000,1664842720017,False,True
39332190,17.26000000,12.74000000,219.89240000,1664842720017,False,True
39332191,17.25000000,0.58000000,10.00500000,1664842724522,True,True
39332192,17.26000000,0.59000000,10.18340000,1664842724947,False,True
39332193,17.26000000,54.95000000,948.43700000,1664842726070,False,True
39332194,17.27000000,15.35000000,265.09450000,1664842726080,False,True
39332195,17.27000000,0.06000000,1.03620000,1664842726083,False,True
39332196,17.27000000,1.27000000,21.93290000,1664842726083,False,True
39332197,17.27000000,2.55000000,44.03850000,1664842726083,False,True
39332198,17.27000000,5.45000000,94.12150000,1664842726083,False,True
39332199,17.27000000,19.55000000,337.62850000,1664842726170,False,True
39332200,17.27000000,3.17000000,54.74590000,1664842726170,False,True
39332201,17.27000000,1.08000000,18.65160000,1664842726170,False,True
39332202,17.27000000,5.60000000,96.71200000,1664842726170,False,True
39332203,17.27000000,1.15000000,19.86050000,1664842726170,False,True
39332204,17.27000000,7.05000000,121.75350000,1664842726170,False,True
39332205,17.27000000,12.40000000,214.14800000,1664842726224,False,True
39332206,17.27000000,7.61000000,131.42470000,1664842726512,False,True
39332207,17.26000000,20.00000000,345.20000000,1664842745550,True,True
39332208,17.26000000,18.37000000,317.06620000,1664842745568,True,True
39332209,17.26000000,1.63000000,28.13380000,1664842745568,True,True
39332210,17.26000000,66.68000000,1150.89680000,1664842745577,True,True
39332211,17.26000000,47.52000000,820.19520000,1664842746864,True,True
39332212,17.26000000,28.50000000,491.91000000,1664842746864,True,True
39332213,17.26000000,13.93000000,240.43180000,1664842760361,True,True
39332214,17.26000000,47.92000000,827.09920000,1664842760361,True,True
39332215,17.25000000,4.56000000,78.66000000,1664842760405,True,True
39332216,17.25000000,97.68000000,1684.98000000,1664842762888,True,True
39332217,17.25000000,14.78000000,254.95500000,1664842762888,True,True
39332218,17.25000000,25.73000000,443.84250000,1664842762888,True,True
39332219,17.25000000,7.39000000,127.47750000,1664842762894,True,True
39332220,17.25000000,9.91000000,170.94750000,1664842762894,True,True
39332221,17.25000000,596.68000000,10292.73000000,1664842762894,True,True
39332222,17.25000000,9.69000000,167.15250000,1664842762894,True,True
39332223,17.25000000,10.24000000,176.64000000,1664842762894,True,True
39332224,17.25000000,34.78000000,599.95500000,1664842762894,True,True
39332225,17.25000000,11.59000000,199.92750000,1664842762894,True,True
39332226,17.25000000,31.64000000,545.79000000,1664842762894,True,True
39332227,17.25000000,138.19000000,2383.77750000,1664842762894,True,True
39332228,17.25000000,2.23000000,38.46750000,1664842763115,False,True
39332229,17.25000000,2.23000000,38.46750000,1664842763408,False,True
39332230,17.25000000,1.93000000,33.29250000,1664842765344,False,True
39332231,17.25000000,10.00000000,172.50000000,1664842800823,False,True
39332232,17.25000000,4.78000000,82.45500000,1664842800826,False,True
39332233,17.25000000,64.76000000,1117.11000000,1664842800826,False,True
39332234,17.25000000,1.00000000,17.25000000,1664842800826,False,True
39332235,17.26000000,28.50000000,491.91000000,1664842800874,False,True
39332236,17.26000000,11.50000000,198.49000000,1664842800874,False,True
39332237,17.25000000,28.49000000,491.45250000,1664842810464,True,True
39332238,17.24000000,2.23000000,38.44520000,1664842810530,True,True
39332239,17.25000000,2.31000000,39.84750000,1664842811406,False,True
39332240,17.25000000,1.00000000,17.25000000,1664842816454,False,True
39332241,17.24000000,10.09000000,173.95160000,1664842819085,True,True
39332242,17.24000000,10.00000000,172.40000000,1664842819085,True,True
39332243,17.24000000,4.31000000,74.30440000,1664842819085,True,True
39332244,17.23000000,2.63000000,45.31490000,1664842830450,True,True
39332245,17.23000000,9.90000000,170.57700000,1664842830450,True,True
39332246,17.23000000,28.50000000,491.05500000,1664842830450,True,True
39332247,17.23000000,30.00000000,516.90000000,1664842830450,True,True
39332248,17.23000000,41.63000000,717.28490000,1664842830450,True,True
39332249,17.23000000,34.81000000,599.77630000,1664842830450,True,True
39332250,17.22000000,30.00000000,516.60000000,1664842830450,True,True
39332251,17.22000000,10.02000000,172.54440000,1664842830450,True,True
39332252,17.22000000,10.24000000,176.33280000,1664842830450,True,True
39332253,17.22000000,1.28000000,22.04160000,1664842830450,True,True
39332254,17.22000000,1.27000000,21.86940000,1664842830450,True,True
39332255,17.22000000,47.60000000,819.67200000,1664842830450,True,True
39332256,17.22000000,16.77000000,288.77940000,1664842830450,True,True
39332257,17.22000000,35.15000000,605.28300000,1664842830450,True,True
39332258,17.24000000,11.35000000,195.67400000,1664842842172,False,True
39332259,17.25000000,23.18000000,399.85500000,1664842842503,False,True
39332260,17.25000000,46.72000000,805.92000000,1664842848669,False,True
39332261,17.24000000,30.06000000,518.23440000,1664842859255,True,True
39332262,17.24000000,30.00000000,517.20000000,1664842859255,True,True
39332263,17.24000000,23.94000000,412.72560000,1664842859255,True,True
39332264,17.24000000,13.27000000,228.77480000,1664842859260,True,True
39332265,17.24000000,21.53000000,371.17720000,1664842859261,True,True
39332266,17.24000000,1.16000000,19.99840000,1664842859261,True,True
39332267,17.24000000,10.08000000,173.77920000,1664842859261,True,True
39332268,17.24000000,16.90000000,291.35600000,1664842859261,True,True
39332269,17.23000000,30.00000000,516.90000000,1664842859261,True,True
39332270,17.23000000,10.07000000,173.50610000,1664842859261,True,True
39332271,17.23000000,30.00000000,516.90000000,1664842859261,True,True
39332272,17.23000000,56.42000000,972.11660000,1664842859261,True,True
39332273,17.23000000,8.31000000,143.18130000,1664842859263,True,True
39332274,17.23000000,9.43000000,162.47890000,1664842859263,True,True
39332275,17.23000000,65.71000000,1132.18330000,1664842859267,True,True
39332276,17.24000000,14.28000000,246.18720000,1664842890076,False,True
39332277,17.23000000,2.23000000,38.42290000,1664842906557,True,True
39332278,17.23000000,1.49000000,25.67270000,1664842907217,True,True
39332279,17.23000000,3.38000000,58.23740000,1664842907489,True,True
39332280,17.23000000,1.18000000,20.33140000,1664842907569,True,True
39332281,17.23000000,11.40000000,196.42200000,1664842907624,True,True
39332282,17.23000000,14.28000000,246.04440000,1664842908044,True,True
39332283,17.22000000,2.45000000,42.18900000,1664842908047,True,True
39332284,17.22000000,10.00000000,172.20000000,1664842913503,True,True
39332285,17.22000000,13.15000000,226.44300000,1664842913503,True,True
39332286,17.22000000,28.50000000,490.77000000,1664842936108,False,True
39332287,17.22000000,30.00000000,516.60000000,1664842936108,False,True
39332288,17.22000000,3.48000000,59.92560000,1664842936108,False,True
39332289,17.22000000,30.00000000,516.60000000,1664842936108,False,True
39332290,17.22000000,18.02000000,310.30440000,1664842936108,False,True
39332291,17.21000000,1.28000000,22.02880000,1664842945031,True,True
39332292,17.21000000,7.51000000,129.24710000,1664842945031,True,True
39332293,17.21000000,2.55000000,43.88550000,1664842956585,True,True
39332294,17.21000000,28.50000000,490.48500000,1664842956585,True,True
39332295,17.20000000,1.28000000,22.01600000,1664843000439,True,True
39332296,17.20000000,0.61000000,10.49200000,1664843000439,True,True
39332297,17.20000000,1.27000000,21.84400000,1664843000439,True,True
39332298,17.20000000,3.31000000,56.93200000,1664843000439,True,True
39332299,17.20000000,2.91000000,50.05200000,1664843000439,True,True
39332300,17.20000000,10.00000000,172.00000000,1664843000439,True,True
39332301,17.20000000,9.06000000,155.83200000,1664843000461,False,True
39332302,17.19000000,14.30000000,245.81700000,1664843003395,True,True
39332303,17.20000000,28.50000000,490.20000000,1664843029056,False,True
39332304,17.20000000,19.84000000,341.24800000,1664843029056,False,True
39332305,17.20000000,13.00000000,223.60000000,1664843029056,False,True
39332306,17.20000000,31.88000000,548.33600000,1664843029064,False,True
39332307,17.20000000,11.48000000,197.45600000,1664843029064,False,True
39332308,17.20000000,12.14000000,208.80800000,1664843029069,False,True
39332309,17.20000000,84.00000000,1444.80000000,1664843029078,False,True
39332310,17.20000000,8.21000000,141.21200000,1664843029098,False,True
39332311,17.21000000,50.00000000,860.50000000,1664843029107,False,True
39332312,17.20000000,12.95000000,222.74000000,1664843051442,False,True
39332313,17.20000000,1.14000000,19.60800000,1664843052528,False,True
39332314,17.20000000,1.09000000,18.74800000,1664843053371,False,True
39332315,17.20000000,29.96000000,515.31200000,1664843053491,False,True
39332316,17.19000000,0.69000000,11.86110000,1664843080066,True,True
39332317,17.19000000,3.17000000,54.49230000,1664843080066,True,True
39332318,17.19000000,300.00000000,5157.00000000,1664843080066,True,True
39332319,17.19000000,61.84000000,1063.02960000,1664843098867,False,True
39332320,17.19000000,14.80000000,254.41200000,1664843098867,False,True
39332321,17.20000000,16.79000000,288.78800000,1664843098924,False,True
39332322,17.20000000,3.51000000,60.37200000,1664843098924,False,True
39332323,17.20000000,29.70000000,510.84000000,1664843098985,False,True
39332324,17.19000000,41.29000000,709.77510000,1664843110671,True,True
39332325,17.19000000,2.62000000,45.03780000,1664843110671,True,True
39332326,17.19000000,1.24000000,21.31560000,1664843110826,True,True
39332327,17.19000000,1.24000000,21.31560000,1664843110828,True,True
39332328,17.19000000,1.24000000,21.31560000,1664843110828,True,True
39332329,17.19000000,1.24000000,21.31560000,1664843110830,True,True
39332330,17.19000000,1.24000000,21.31560000,1664843110831,True,True
39332331,17.19000000,1.24000000,21.31560000,1664843110831,True,True
39332332,17.19000000,2.40000000,41.25600000,1664843111325,True,True
39332333,17.19000000,0.17000000,2.92230000,1664843111328,True,True
39332334,17.19000000,2.23000000,38.33370000,1664843111328,True,True
39332335,17.19000000,2.40000000,41.25600000,1664843111328,True,True
39332336,17.19000000,2.40000000,41.25600000,1664843111329,True,True
39332337,17.19000000,2.40000000,41.25600000,1664843111330,True,True
39332338,17.19000000,12.39000000,212.98410000,1664843121617,False,True
39332339,17.20000000,25.88000000,445.13600000,1664843168554,True,True
39332340,17.20000000,13.02000000,223.94400000,1664843168554,True,True
39332341,17.20000000,31.39000000,539.90800000,1664843174835,False,True
39332342,17.19000000,2.09000000,35.92710000,1664843190491,False,True
39332343,17.19000000,2.23000000,38.33370000,1664843195264,False,True
39332344,17.19000000,2.23000000,38.33370000,1664843197916,False,True
39332345,17.19000000,10.00000000,171.90000000,1664843239763,True,True
39332346,17.18000000,30.00000000,515.40000000,1664843279065,True,True
39332347,17.18000000,2.70000000,46.38600000,1664843279065,True,True
39332348,17.18000000,2.07000000,35.56260000,1664843279065,True,True
39332349,17.19000000,0.64000000,11.00160000,1664843286827,True,True
39332350,17.18000000,0.62000000,10.65160000,1664843356766,True,True
39332351,17.18000000,1.29000000,22.16220000,1664843364942,True,True
39332352,17.18000000,2.56000000,43.98080000,1664843364942,True,True
39332353,17.18000000,1.08000000,18.55440000,1664843364942,True,True
39332354,17.18000000,6.26000000,107.54680000,1664843364942,True,True
39332355,17.18000000,1.75000000,30.06500000,1664843388060,False,True
39332356,17.18000000,8.10000000,139.15800000,1664843388314,False,True
39332357,17.18000000,6.78000000,116.48040000,1664843388317,False,True
39332358,17.18000000,10.12000000,173.86160000,1664843388317,False,True
39332359,17.18000000,11.95000000,205.30100000,1664843388317,False,True
39332360,17.18000000,11.93000000,204.95740000,1664843388322,False,True
39332361,17.18000000,6.12000000,105.14160000,1664843388322,False,True
39332362,17.18000000,1.81000000,31.09580000,1664843397047,True,True
39332363,17.18000000,18.77000000,322.46860000,1664843413395,False,True
39332364,17.17000000,1.29000000,22.14930000,1664843444782,True,True
39332365,17.17000000,1.28000000,21.97760000,1664843444782,True,True
39332366,17.17000000,0.19000000,3.26230000,1664843444782,True,True
39332367,17.17000000,2.76000000,47.38920000,1664843444784,True,True
39332368,17.17000000,0.36000000,6.18120000,1664843444785,True,True
39332369,17.17000000,1.85000000,31.76450000,1664843444785,True,True
39332370,17.17000000,0.55000000,9.44350000,1664843444785,True,True
39332371,17.17000000,2.76000000,47.38920000,1664843444785,True,True
39332372,17.17000000,1.17000000,20.08890000,1664843444789,True,True
39332373,17.17000000,1.17000000,20.08890000,1664843444791,True,True
39332374,17.17000000,1.17000000,20.08890000,1664843444791,True,True
39332375,17.17000000,1.17000000,20.08890000,1664843444792,True,True
39332376,17.17000000,1.17000000,20.08890000,1664843444796,True,True
39332377,17.17000000,0.84000000,14.42280000,1664843444797,True,True
39332378,17.17000000,0.33000000,5.66610000,1664843444797,True,True
39332379,17.17000000,9.75000000,167.40750000,1664843444811,True,True
39332380,17.17000000,9.73000000,167.06410000,1664843444811,True,True
39332381,17.17000000,11.64000000,199.85880000,1664843444811,True,True
39332382,17.17000000,11.64000000,199.85880000,1664843444811,True,True
39332383,17.17000000,11.64000000,199.85880000,1664843444811,True,True
39332384,17.17000000,11.64000000,199.85880000,1664843444811,True,True
39332385,17.17000000,1.31000000,22.49270000,1664843444811,True,True
39332386,17.17000000,10.33000000,177.36610000,1664843444820,True,True
39332387,17.18000000,6.56000000,112.70080000,1664843530677,True,True
39332388,17.18000000,8.56000000,147.06080000,1664843530677,True,True
39332389,17.18000000,8.56000000,147.06080000,1664843530677,True,True
39332390,17.18000000,60.98000000,1047.63640000,1664843530990,False,True
39332391,17.18000000,30.00000000,515.40000000,1664843530990,False,True
39332392,17.18000000,25.57000000,439.29260000,1664843530990,False,True
39332393,17.18000000,4.43000000,76.10740000,1664843599336,False,True
39332394,17.18000000,0.56000000,9.62080000,1664843599336,False,True
39332395,17.16000000,0.75000000,12.87000000,1664843623473,True,True
39332396,17.16000000,0.75000000,12.87000000,1664843623473,True,True
39332397,17.16000000,1.29000000,22.13640000,1664843623473,True,True
39332398,17.16000000,0.69000000,11.84040000,1664843623473,True,True
39332399,17.16000000,0.52000000,8.92320000,1664843623473,True,True
39332400,17.16000000,1.37000000,23.50920000,1664843623474,True,True
39332401,17.16000000,4.00000000,68.64000000,1664843623474,True,True
39332402,17.16000000,1.37000000,23.50920000,1664843623475,True,True
39332403,17.16000000,1.37000000,23.50920000,1664843623475,True,True
39332404,17.16000000,4.00000000,68.64000000,1664843623476,True,True
39332405,17.16000000,4.00000000,68.64000000,1664843623477,True,True
39332406,17.16000000,1.37000000,23.50920000,1664843623477,True,True
39332407,17.16000000,4.00000000,68.64000000,1664843623477,True,True
39332408,17.16000000,1.37000000,23.50920000,1664843623477,True,True
39332409,17.16000000,1.37000000,23.50920000,1664843623481,True,True
39332410,17.16000000,0.67000000,11.49720000,1664843623489,True,True
39332411,17.16000000,2.24000000,38.43840000,1664843635096,False,True
39332412,17.16000000,6.72000000,115.31520000,1664843643883,False,True
39332413,17.16000000,2.40000000,41.18400000,1664843705783,False,True
39332414,17.15000000,0.75000000,12.86250000,1664843725192,True,True
39332415,17.15000000,0.40000000,6.86000000,1664843725192,True,True
39332416,17.15000000,0.89000000,15.26350000,1664843730286,True,True
39332417,17.15000000,1.28000000,21.95200000,1664843730286,True,True
39332418,17.15000000,2.56000000,43.90400000,1664843730286,True,True
39332419,17.15000000,0.21000000,3.60150000,1664843730286,True,True
39332420,17.15000000,4.81000000,82.49150000,1664843730288,True,True
39332421,17.15000000,0.58000000,9.94700000,1664843730288,True,True
39332422,17.15000000,4.23000000,72.54450000,1664843730288,True,True
39332423,17.15000000,4.94000000,84.72100000,1664843730289,True,True
39332424,17.15000000,0.83000000,14.23450000,1664843730292,True,True
39332425,17.15000000,3.98000000,68.25700000,1664843730292,True,True
39332426,17.15000000,2.24000000,38.41600000,1664843731093,False,True
39332427,17.15000000,8.23000000,141.14450000,1664843731291,False,True
39332428,17.15000000,11.36000000,194.82400000,1664843744345,True,True
39332429,17.15000000,11.98000000,205.45700000,1664843744345,True,True
39332430,17.15000000,4.59000000,78.71850000,1664843744345,True,True
39332431,17.15000000,6.77000000,116.10550000,1664843744358,True,True
39332432,17.15000000,4.59000000,78.71850000,1664843744358,True,True
39332433,17.15000000,18.75000000,321.56250000,1664843744361,True,True
39332434,17.15000000,15.95000000,273.54250000,1664843744361,True,True
39332435,17.15000000,7.39000000,126.73850000,1664843744412,True,True
39332436,17.15000000,23.34000000,400.28100000,1664843744412,True,True
39332437,17.15000000,3.97000000,68.08550000,1664843744412,True,True
39332438,17.15000000,19.35000000,331.85250000,1664843744536,True,True
39332439,17.14000000,4.57000000,78.32980000,1664843744726,True,True
39332440,17.15000000,9.70000000,166.35500000,1664843752135,True,True
39332441,17.14000000,25.43000000,435.87020000,1664843797391,True,True
39332442,17.14000000,1.69000000,28.96660000,1664843797391,True,True
39332443,17.15000000,8.04000000,137.88600000,1664843847119,True,True
39332444,17.15000000,15.30000000,262.39500000,1664843859602,True,True
39332445,17.15000000,157.54000000,2701.81100000,1664843859602,True,True
39332446,17.15000000,23.34000000,400.28100000,1664843859613,True,True
39332447,17.15000000,15.62000000,267.88300000,1664843859616,True,True
39332448,17.15000000,7.72000000,132.39800000,1664843859628,True,True
39332449,17.15000000,23.34000000,400.28100000,1664843860927,True,True
39332450,17.15000000,23.32000000,399.93800000,1664843860933,True,True
39332451,17.14000000,23.34000000,400.04760000,1664843860940,True,True
39332452,17.14000000,0.62000000,10.62680000,1664843860947,True,True
39332453,17.14000000,0.13000000,2.22820000,1664843864992,True,True
39332454,17.14000000,0.69000000,11.82660000,1664843864992,True,True
39332455,17.14000000,0.64000000,10.96960000,1664843864992,True,True
39332456,17.15000000,0.58000000,9.94700000,1664843890627,False,True
39332457,17.15000000,10.03000000,172.01450000,1664843918136,False,True
39332458,17.15000000,2.24000000,38.41600000,1664843918298,True,True
39332459,17.15000000,4.57000000,78.37550000,1664843919957,True,True
39332460,17.14000000,2.68000000,45.93520000,1664843921600,True,True
39332461,17.14000000,3.17000000,54.33380000,1664843921600,True,True
39332462,17.14000000,1.16000000,19.88240000,1664843921600,True,True
39332463,17.14000000,15.59000000,267.21260000,1664843921600,True,True
39332464,17.14000000,1.09000000,18.68260000,1664843975000,True,True
39332465,17.14000000,0.35000000,5.99900000,1664843975000,True,True
39332466,17.15000000,4.21000000,72.20150000,1664844038742,True,True
39332467,17.15000000,4.21000000,72.20150000,1664844038744,True,True
39332468,17.15000000,4.21000000,72.20150000,1664844038746,True,True
39332469,17.15000000,4.21000000,72.20150000,1664844038748,True,True
39332470,17.15000000,23.29000000,399.42350000,1664844038751,True,True
39332471,17.14000000,4.02000000,68.90280000,1664844041568,True,True
39332472,17.14000000,6.01000000,103.01140000,1664844042066,True,True
39332473,17.15000000,9.96000000,170.81400000,1664844067781,False,True
39332474,17.15000000,20.88000000,358.09200000,1664844069750,True,True
39332475,17.15000000,1.87000000,32.07050000,1664844083814,True,True
39332476,17.15000000,1.87000000,32.07050000,1664844083814,True,True
39332477,17.15000000,1.87000000,32.07050000,1664844083814,True,True
39332478,17.15000000,1.87000000,32.07050000,1664844083815,True,True
39332479,17.15000000,1.87000000,32.07050000,1664844083816,True,True
39332480,17.14000000,9.74000000,166.94360000,1664844121756,True,True
39332481,17.15000000,30.00000000,514.50000000,1664844127686,False,True
39332482,17.15000000,7.48000000,128.28200000,1664844127686,False,True
39332483,17.15000000,22.13000000,379.52950000,1664844127686,False,True
39332484,17.15000000,0.39000000,6.68850000,1664844127689,False,True
39332485,17.15000000,11.36000000,194.82400000,1664844127689,False,True
39332486,17.15000000,14.80000000,253.82000000,1664844127689,False,True
39332487,17.15000000,5.80000000,99.47000000,1664844127689,False,True
39332488,17.15000000,9.17000000,157.26550000,1664844155531,True,True
39332489,17.16000000,4.44000000,76.19040000,1664844165594,False,True
39332490,17.15000000,2.24000000,38.41600000,1664844196030,True,True
39332491,17.15000000,2.23000000,38.24450000,1664844199656,True,True
39332492,17.15000000,1.46000000,25.03900000,1664844264295,False,True
39332493,17.15000000,0.71000000,12.17650000,1664844293094,False,True
39332494,17.16000000,12.71000000,218.10360000,1664844308810,False,True
39332495,17.16000000,0.66000000,11.32560000,1664844308810,False,True
39332496,17.16000000,30.00000000,514.80000000,1664844308810,False,True
39332497,17.16000000,6.63000000,113.77080000,1664844308810,False,True
39332498,17.16000000,7.05000000,120.97800000,1664844317110,False,True
39332499,17.15000000,0.69000000,11.83350000,1664844323591,True,True
39332500,17.15000000,30.00000000,514.50000000,1664844340977,True,True
39332501,17.16000000,16.32000000,280.05120000,1664844354148,False,True
39332502,17.16000000,0.58000000,9.95280000,1664844354148,False,True
39332503,17.16000000,16.90000000,290.00400000,1664844356116,False,True
39332504,17.16000000,10.00000000,171.60000000,1664844389165,False,True
39332505,17.16000000,2.59000000,44.44440000,1664844389165,False,True
39332506,17.16000000,4.83000000,82.88280000,1664844389165,False,True
39332507,17.16000000,2.24000000,38.43840000,1664844410871,True,True
39332508,17.16000000,58.98000000,1012.09680000,1664844428441,True,True
39332509,17.16000000,7.39000000,126.81240000,1664844428441,True,True
39332510,17.16000000,22.05000000,378.37800000,1664844428441,True,True
39332511,17.16000000,24.57000000,421.62120000,1664844428444,True,True
39332512,17.16000000,14.31000000,245.55960000,1664844455708,False,True
39332513,17.16000000,4.66000000,79.96560000,1664844467316,False,True
39332514,17.15000000,1.00000000,17.15000000,1664844482088,True,True
39332515,17.15000000,61.16000000,1048.89400000,1664844527338,True,True
39332516,17.15000000,10.32000000,176.98800000,1664844527338,True,True
39332517,17.15000000,30.00000000,514.50000000,1664844527338,True,True
39332518,17.15000000,13.29000000,227.92350000,1664844527338,True,True
39332519,17.15000000,5.83000000,99.98450000,1664844527340,True,True
39332520,17.15000000,10.88000000,186.59200000,1664844527341,True,True
39332521,17.15000000,9.92000000,170.12800000,1664844527341,True,True
39332522,17.15000000,2.00000000,34.30000000,1664844527341,True,True
39332523,17.15000000,30.00000000,514.50000000,1664844527341,True,True
39332524,17.14000000,20.26000000,347.25640000,1664844527349,True,True
39332525,17.14000000,9.90000000,169.68600000,1664844527349,True,True
39332526,17.14000000,7.40000000,126.83600000,1664844527349,True,True
39332527,17.14000000,4.44000000,76.10160000,1664844527349,True,True
39332528,17.15000000,30.00000000,514.50000000,1664844552979,False,True
39332529,17.15000000,6.97000000,119.53550000,1664844552979,False,True
39332530,17.15000000,7.02000000,120.39300000,1664844552986,False,True
39332531,17.15000000,30.00000000,514.50000000,1664844573743,True,True
39332532,17.15000000,41.80000000,716.87000000,1664844574777,True,True
39332533,17.15000000,3.83000000,65.68450000,1664844574885,True,True
39332534,17.15000000,49.81000000,854.24150000,1664844574887,True,True
39332535,17.15000000,29.47000000,505.41050000,1664844574887,True,True
39332536,17.15000000,5.28000000,90.55200000,1664844574895,True,True
39332537,17.15000000,26.41000000,452.93150000,1664844574898,True,True
39332538,17.14000000,1.45000000,24.85300000,1664844574898,True,True
39332539,17.14000000,28.96000000,496.37440000,1664844574987,True,True
39332540,17.14000000,1.11000000,19.02540000,1664844607717,True,True
39332541,17.14000000,30.00000000,514.20000000,1664844607717,True,True
39332542,17.14000000,8.13000000,139.34820000,1664844607717,True,True
39332543,17.14000000,46.02000000,788.78280000,1664844607717,True,True
39332544,17.14000000,9.94000000,170.37160000,1664844607717,True,True
39332545,17.14000000,27.50000000,471.35000000,1664844607717,True,True
39332546,17.14000000,40.84000000,699.99760000,1664844607717,True,True
39332547,17.14000000,30.37000000,520.54180000,1664844607717,True,True
39332548,17.14000000,10.82000000,185.45480000,1664844610804,True,True
39332549,17.14000000,19.18000000,328.74520000,1664844610806,True,True
39332550,17.14000000,5.81000000,99.58340000,1664844610806,True,True
39332551,17.14000000,35.03000000,600.41420000,1664844610807,True,True
39332552,17.13000000,5.83000000,99.86790000,1664844610807,True,True
39332553,17.13000000,0.62000000,10.62060000,1664844610820,True,True
39332554,17.13000000,0.67000000,11.47710000,1664844610821,True,True
39332555,17.13000000,0.59000000,10.10670000,1664844610821,True,True
39332556,17.13000000,0.70000000,11.99100000,1664844610821,True,True
39332557,17.13000000,10.15000000,173.86950000,1664844610821,True,True
39332558,17.13000000,18.07000000,309.53910000,1664844610821,True,True
39332559,17.13000000,11.61000000,198.87930000,1664844610821,True,True
39332560,17.13000000,124.28000000,2128.91640000,1664844610821,True,True
39332561,17.13000000,27.85000000,477.07050000,1664844610824,True,True
39332562,17.13000000,2.59000000,44.36670000,1664844610824,True,True
39332563,17.13000000,24.69000000,422.93970000,1664844610824,True,True
39332564,17.13000000,77.44000000,1326.54720000,1664844610825,True,True
39332565,17.13000000,1.11000000,19.01430000,1664844610825,True,True
39332566,17.13000000,1.11000000,19.01430000,1664844610825,True,True
39332567,17.12000000,30.00000000,513.60000000,1664844610842,True,True
39332568,17.12000000,1.29000000,22.08480000,1664844610842,True,True
39332569,17.12000000,3.32000000,56.83840000,1664844610842,True,True
39332570,17.12000000,2.57000000,43.99840000,1664844610842,True,True
39332571,17.12000000,1.28000000,21.91360000,1664844610842,True,True
39332572,17.12000000,0.72000000,12.32640000,1664844610842,True,True
39332573,17.12000000,0.64000000,10.95680000,1664844610842,True,True
39332574,17.12000000,2.91000000,49.81920000,1664844610842,True,True
39332575,17.12000000,0.63000000,10.78560000,1664844610842,True,True
39332576,17.12000000,0.65000000,11.12800000,1664844610842,True,True
39332577,17.12000000,34.76000000,595.09120000,1664844610842,True,True
39332578,17.12000000,12.00000000,205.44000000,1664844610842,True,True
39332579,17.12000000,10.00000000,171.20000000,1664844610842,True,True
39332580,17.12000000,10.15000000,173.76800000,1664844610842,True,True
39332581,17.12000000,2.92000000,49.99040000,1664844610842,True,True
39332582,17.12000000,67.81000000,1160.90720000,1664844610842,True,True
39332583,17.12000000,9.63000000,164.86560000,1664844611309,True,True
39332584,17.12000000,4.66000000,79.77920000,1664844611312,True,True
39332585,17.12000000,2.68000000,45.88160000,1664844611812,True,True
39332586,17.12000000,2.68000000,45.88160000,1664844611812,True,True
39332587,17.12000000,23.71000000,405.91520000,1664844611814,True,True
39332588,17.12000000,216.60000000,3708.19200000,1664844611841,True,True
39332589,17.12000000,5.84000000,99.98080000,1664844611843,True,True
39332590,17.12000000,31.20000000,534.14400000,1664844611847,True,True
39332591,17.12000000,50.15000000,858.56800000,1664844611964,True,True
39332592,17.12000000,0.95000000,16.26400000,1664844612094,True,True
39332593,17.12000000,47.97000000,821.24640000,1664844612570,True,True
39332594,17.12000000,1.10000000,18.83200000,1664844612812,True,True
39332595,17.12000000,1.10000000,18.83200000,1664844612816,True,True
39332596,17.12000000,1.10000000,18.83200000,1664844612816,True,True
39332597,17.12000000,1.10000000,18.83200000,1664844612817,True,True
39332598,17.12000000,6.32000000,108.19840000,1664844612841,True,True
39332599,17.12000000,6.32000000,108.19840000,1664844612923,True,True
39332600,17.12000000,1.20000000,20.54400000,1664844613014,True,True
39332601,17.12000000,2.28000000,39.03360000,1664844613131,True,True
39332602,17.12000000,40.88000000,699.86560000,1664844613141,True,True
39332603,17.12000000,5.48000000,93.81760000,1664844613313,True,True
39332604,17.12000000,5.33000000,91.24960000,1664844613313,True,True
39332605,17.12000000,13.17000000,225.47040000,1664844613509,False,True
39332606,17.12000000,0.64000000,10.95680000,1664844613707,False,True
39332607,17.12000000,0.60000000,10.27200000,1664844613991,False,True
39332608,17.12000000,7.80000000,133.53600000,1664844630362,False,True
39332609,17.12000000,16.90000000,289.32800000,1664844631462,False,True
39332610,17.12000000,16.90000000,289.32800000,1664844632338,False,True
39332611,17.12000000,8.40000000,143.80800000,1664844633383,False,True
39332612,17.12000000,7.22000000,123.60640000,1664844637248,False,True
39332613,17.12000000,7.41000000,126.85920000,1664844637248,False,True
39332614,17.12000000,2.27000000,38.86240000,1664844637248,False,True
39332615,17.12000000,16.90000000,289.32800000,1664844639249,False,True
39332616,17.12000000,10.83000000,185.40960000,1664844642554,False,True
39332617,17.12000000,5.37000000,91.93440000,1664844642554,False,True
39332618,17.12000000,4.70000000,80.46400000,1664844648236,False,True
39332619,17.12000000,16.90000000,289.32800000,1664844650482,False,True
39332620,17.12000000,3.03000000,51.87360000,1664844652134,False,True
39332621,17.12000000,13.87000000,237.45440000,1664844652134,False,True
39332622,17.12000000,11.50000000,196.88000000,1664844654393,False,True
39332623,17.12000000,19.27000000,329.90240000,1664844678102,False,True
39332624,17.12000000,9.29000000,159.04480000,1664844712541,False,True
39332625,17.12000000,30.00000000,513.60000000,1664844712541,False,True
39332626,17.12000000,9.71000000,166.23520000,1664844712541,False,True
39332627,17.12000000,30.00000000,513.60000000,1664844713152,False,True
39332628,17.12000000,30.00000000,513.60000000,1664844713219,False,True
39332629,17.12000000,30.00000000,513.60000000,1664844731833,True,True
39332630,17.12000000,30.37000000,519.93440000,1664844734586,True,True
39332631,17.12000000,6.32000000,108.19840000,1664844734740,True,True
39332632,17.12000000,6.32000000,108.19840000,1664844734797,True,True
39332633,17.12000000,6.32000000,108.19840000,1664844734985,True,True
39332634,17.12000000,25.70000000,439.98400000,1664844739705,True,True
39332635,17.12000000,6.86000000,117.44320000,1664844744650,True,True
39332636,17.12000000,7.51000000,128.57120000,1664844744656,True,True
39332637,17.12000000,12.70000000,217.42400000,1664844744656,True,True
39332638,17.12000000,10.68000000,182.84160000,1664844744677,True,True
39332639,17.12000000,23.38000000,400.26560000,1664844744677,True,True
39332640,17.12000000,13.48000000,230.77760000,1664844744677,True,True
39332641,17.12000000,9.90000000,169.48800000,1664844744727,True,True
39332642,17.12000000,23.38000000,400.26560000,1664844744727,True,True
39332643,17.12000000,2.27000000,38.86240000,1664844744727,True,True
39332644,17.12000000,21.10000000,361.23200000,1664844744793,True,True
39332645,17.12000000,45.55000000,779.81600000,1664844746227,False,True
39332646,17.12000000,15.55000000,266.21600000,1664844747159,False,True
39332647,17.12000000,2.24000000,38.34880000,1664844755833,True,True
39332648,17.12000000,4.57000000,78.23840000,1664844776586,True,True
39332649,17.12000000,15.55000000,266.21600000,1664844778062,True,True
39332650,17.12000000,2.24000000,38.34880000,1664844781833,True,True
39332651,17.13000000,28.50000000,488.20500000,1664844795968,False,True
39332652,17.13000000,8.42000000,144.23460000,1664844795968,False,True
39332653,17.13000000,37.20000000,637.23600000,1664844795971,False,True
39332654,17.13000000,15.55000000,266.37150000,1664844795985,False,True
39332655,17.13000000,14.77000000,253.01010000,1664844795985,False,True
39332656,17.13000000,2.24000000,38.37120000,1664844799722,True,True
39332657,17.13000000,2.24000000,38.37120000,1664844805034,True,True
39332658,17.13000000,2.23000000,38.19990000,1664844811119,True,True
39332659,17.13000000,2.23000000,38.19990000,1664844815661,True,True
39332660,17.13000000,2.23000000,38.19990000,1664844822728,True,True
39332661,17.13000000,2.23000000,38.19990000,1664844824211,True,True
39332662,17.13000000,2.23000000,38.19990000,1664844829388,True,True
39332663,17.13000000,12.73000000,218.06490000,1664844837035,True,True
39332664,17.13000000,2.38000000,40.76940000,1664844837878,True,True
39332665,17.13000000,30.00000000,513.90000000,1664844837878,True,True
39332666,17.13000000,4.82000000,82.56660000,1664844837878,True,True
39332667,17.13000000,95.81000000,1641.22530000,1664844838053,True,True
39332668,17.13000000,30.00000000,513.90000000,1664844838053,True,True
39332669,17.13000000,11.80000000,202.13400000,1664844848493,False,True
39332670,17.12000000,2.74000000,46.90880000,1664844867170,True,True
39332671,17.12000000,4.41000000,75.49920000,1664844867172,True,True
39332672,17.12000000,2.74000000,46.90880000,1664844867172,True,True
39332673,17.12000000,2.74000000,46.90880000,1664844867175,True,True
39332674,17.12000000,4.41000000,75.49920000,1664844867175,True,True
39332675,17.12000000,2.74000000,46.90880000,1664844867175,True,True
39332676,17.12000000,2.74000000,46.90880000,1664844867175,True,True
39332677,17.12000000,4.41000000,75.49920000,1664844867176,True,True
39332678,17.12000000,4.41000000,75.49920000,1664844867176,True,True
39332679,17.12000000,2.74000000,46.90880000,1664844867176,True,True
39332680,17.12000000,4.41000000,75.49920000,1664844867177,True,True
39332681,17.12000000,5.30000000,90.73600000,1664844867178,True,True
39332682,17.12000000,5.30000000,90.73600000,1664844867180,True,True
39332683,17.12000000,28.79000000,492.88480000,1664844867546,True,True
39332684,17.12000000,6.16000000,105.45920000,1664844867551,True,True
39332685,17.12000000,13.84000000,236.94080000,1664844867551,True,True
39332686,17.12000000,36.47000000,624.36640000,1664844873994,False,True
39332687,17.12000000,2.23000000,38.17760000,1664844890189,True,True
39332688,17.13000000,14.81000000,253.69530000,1664844905917,False,True
39332689,17.13000000,14.21000000,243.41730000,1664844905917,False,True
39332690,17.13000000,5.83000000,99.86790000,1664844910889,True,True
39332691,17.14000000,2.09000000,35.82260000,1664844911414,False,True
39332692,17.13000000,50.00000000,856.50000000,1664844951032,True,True
39332693,17.12000000,2.18000000,37.32160000,1664844965659,True,True
39332694,17.13000000,1.14000000,19.52820000,1664844967344,False,True
39332695,17.12000000,9.97000000,170.68640000,1664844989138,True,True
39332696,17.12000000,40.68000000,696.44160000,1664844989138,True,True
39332697,17.11000000,1.29000000,22.07190000,1664844991657,True,True
39332698,17.11000000,3.25000000,55.60750000,1664844991657,True,True
39332699,17.11000000,0.59000000,10.09490000,1664844991657,True,True
39332700,17.11000000,0.96000000,16.42560000,1664844991657,True,True
39332701,17.11000000,23.88000000,408.58680000,1664844991657,True,True
39332702,17.11000000,5.88000000,100.60680000,1664844991657,True,True
39332703,17.11000000,0.60000000,10.26600000,1664844991657,True,True
39332704,17.12000000,2.23000000,38.17760000,1664844992273,False,True
39332705,17.11000000,30.80000000,526.98800000,1664845016372,True,True
39332706,17.11000000,6.28000000,107.45080000,1664845016372,True,True
39332707,17.11000000,3.67000000,62.79370000,1664845016387,True,True
39332708,17.11000000,38.01000000,650.35110000,1664845016387,True,True
39332709,17.11000000,37.70000000,645.04700000,1664845016387,True,True
39332710,17.11000000,2.59000000,44.31490000,1664845020785,True,True
39332711,17.11000000,3.52000000,60.22720000,1664845020785,True,True
39332712,17.10000000,1.28000000,21.88800000,1664845032569,True,True
39332713,17.10000000,0.69000000,11.79900000,1664845032569,True,True
39332714,17.10000000,1.08000000,18.46800000,1664845032569,True,True
39332715,17.10000000,0.75000000,12.82500000,1664845032569,True,True
39332716,17.10000000,0.74000000,12.65400000,1664845032569,True,True
39332717,17.10000000,0.70000000,11.97000000,1664845032569,True,True
39332718,17.10000000,0.71000000,12.14100000,1664845032569,True,True
39332719,17.10000000,0.90000000,15.39000000,1664845032569,True,True
39332720,17.10000000,0.70000000,11.97000000,1664845032569,True,True
39332721,17.10000000,0.63000000,10.77300000,1664845032569,True,True
39332722,17.10000000,6.57000000,112.34700000,1664845032569,True,True
39332723,17.10000000,1.00000000,17.10000000,1664845032569,True,True
39332724,17.10000000,0.71000000,12.14100000,1664845032569,True,True
39332725,17.10000000,1.42000000,24.28200000,1664845032569,True,True
39332726,17.10000000,10.00000000,171.00000000,1664845032569,True,True
39332727,17.10000000,10.07000000,172.19700000,1664845032569,True,True
39332728,17.10000000,31.53000000,539.16300000,1664845032569,True,True
39332729,17.10000000,37.22000000,636.46200000,1664845032569,True,True
39332730,17.10000000,25.91000000,443.06100000,1664845032569,True,True
39332731,17.10000000,39.93000000,682.80300000,1664845032569,True,True
39332732,17.10000000,87.47000000,1495.73700000,1664845032569,True,True
39332733,17.10000000,10.02000000,171.34200000,1664845042883,True,True
39332734,17.10000000,2.22000000,37.96200000,1664845042932,False,True
39332735,17.10000000,0.02000000,0.34200000,1664845042932,False,True
39332736,17.10000000,12.21000000,208.79100000,1664845049319,False,True
39332737,17.10000000,23.94000000,409.37400000,1664845049319,False,True
39332738,17.10000000,16.89000000,288.81900000,1664845049329,False,True
39332739,17.10000000,20.50000000,350.55000000,1664845049330,False,True
39332740,17.11000000,21.19000000,362.56090000,1664845049330,False,True
39332741,17.11000000,5.58000000,95.47380000,1664845063886,False,True
39332742,17.11000000,30.00000000,513.30000000,1664845080467,False,True
39332743,17.11000000,7.37000000,126.10070000,1664845080467,False,True
39332744,17.12000000,30.00000000,513.60000000,1664845080510,False,True
39332745,17.12000000,20.00000000,342.40000000,1664845080510,False,True
39332746,17.12000000,0.62000000,10.61440000,1664845138885,False,True
39332747,17.12000000,1.97000000,33.72640000,1664845138900,False,True
39332748,17.12000000,0.64000000,10.95680000,1664845138900,False,True
39332749,17.12000000,1.63000000,27.90560000,1664845140429,True,True
39332750,17.12000000,1.00000000,17.12000000,1664845141696,True,True
39332751,17.13000000,2.69000000,46.07970000,1664845145690,False,True
39332752,17.13000000,0.59000000,10.10670000,1664845149798,False,True
39332753,17.13000000,24.08000000,412.49040000,1664845188421,False,True
39332754,17.13000000,30.00000000,513.90000000,1664845188421,False,True
39332755,17.13000000,10.65000000,182.43450000,1664845188421,False,True
39332756,17.13000000,10.07000000,172.49910000,1664845188421,False,True
39332757,17.13000000,2.92000000,50.01960000,1664845188421,False,True
39332758,17.13000000,81.47000000,1395.58110000,1664845188421,False,True
39332759,17.13000000,88.00000000,1507.44000000,1664845188421,False,True
39332760,17.13000000,62.41000000,1069.08330000,1664845188421,False,True
39332761,17.13000000,30.00000000,513.90000000,1664845188421,False,True
39332762,17.13000000,2.59000000,44.36670000,1664845188421,False,True
39332763,17.13000000,10.00000000,171.30000000,1664845188421,False,True
39332764,17.13000000,61.33000000,1050.58290000,1664845188421,False,True
39332765,17.13000000,202.23000000,3464.19990000,1664845188421,False,True
39332766,17.13000000,16.90000000,289.49700000,1664845188421,False,True
39332767,17.13000000,6.10000000,104.49300000,1664845188432,True,True
39332768,17.13000000,6.69000000,114.59970000,1664845188437,True,True
39332769,17.13000000,2.23000000,38.19990000,1664845188487,True,True
39332770,17.13000000,68.53000000,1173.91890000,1664845188559,True,True
39332771,17.13000000,2.23000000,38.19990000,1664845188645,True,True
39332772,17.13000000,2.23000000,38.19990000,1664845188698,True,True
39332773,17.13000000,19.75000000,338.31750000,1664845190483,True,True
39332774,17.13000000,30.00000000,513.90000000,1664845191656,True,True
39332775,17.13000000,2.59000000,44.36670000,1664845191656,True,True
39332776,17.14000000,7.81000000,133.86340000,1664845197739,False,True
39332777,17.14000000,30.00000000,514.20000000,1664845197739,False,True
39332778,17.14000000,61.35000000,1051.53900000,1664845197739,False,True
39332779,17.14000000,95.59000000,1638.41260000,1664845197739,False,True
39332780,17.14000000,71.42000000,1224.13880000,1664845197739,False,True
39332781,17.14000000,16.98000000,291.03720000,1664845197739,False,True
39332782,17.14000000,10.15000000,173.97100000,1664845197739,False,True
39332783,17.14000000,123.16000000,2110.96240000,1664845197739,False,True
39332784,17.14000000,77.85000000,1334.34900000,1664845197739,False,True
39332785,17.14000000,110.39000000,1892.08460000,1664845197739,False,True
39332786,17.14000000,23.86000000,408.96040000,1664845197739,False,True
39332787,17.14000000,58.36000000,1000.29040000,1664845197739,False,True
39332788,17.14000000,58.36000000,1000.29040000,1664845197739,False,True
39332789,17.14000000,30.00000000,514.20000000,1664845197739,False,True
39332790,17.14000000,88.00000000,1508.32000000,1664845197739,False,True
39332791,17.14000000,5.50000000,94.27000000,1664845197739,False,True
39332792,17.14000000,1.09000000,18.68260000,1664845197739,False,True
39332793,17.14000000,1.09000000,18.68260000,1664845197739,False,True
39332794,17.14000000,1.09000000,18.68260000,1664845197739,False,True
39332795,17.14000000,1.11000000,19.02540000,1664845197739,False,True
39332796,17.14000000,1.09000000,18.68260000,1664845197739,False,True
39332797,17.14000000,1.11000000,19.02540000,1664845197739,False,True
39332798,17.14000000,8.04000000,137.80560000,1664845197739,False,True
39332799,17.14000000,270.50000000,4636.37000000,1664845197739,False,True
39332800,17.14000000,50.00000000,857.00000000,1664845197739,False,True
39332801,17.15000000,200.07000000,3431.20050000,1664845197739,False,True
39332802,17.15000000,30.00000000,514.50000000,1664845197739,False,True
39332803,17.15000000,9.99000000,171.32850000,1664845197739,False,True
39332804,17.15000000,1.25000000,21.43750000,1664845197739,False,True
39332805,17.15000000,10.15000000,174.07250000,1664845197739,False,True
39332806,17.15000000,11.66000000,199.96900000,1664845197739,False,True
39332807,17.15000000,481.71000000,8261.32650000,1664845197739,False,True
39332808,17.13000000,30.61000000,524.34930000,1664845204042,True,True
39332809,17.13000000,22.03000000,377.37390000,1664845204060,True,True
39332810,17.13000000,29.39000000,503.45070000,1664845204060,True,True
39332811,17.13000000,0.61000000,10.44930000,1664845205203,True,True
39332812,17.13000000,6.78000000,116.14140000,1664845205203,True,True
39332813,17.13000000,8.03000000,137.55390000,1664845205203,True,True
39332814,17.13000000,2.23000000,38.19990000,1664845212998,False,True
39332815,17.13000000,2.23000000,38.19990000,1664845213582,False,True
39332816,17.13000000,9.32000000,159.65160000,1664845213689,False,True
39332817,17.13000000,1.00000000,17.13000000,1664845239876,True,True
39332818,17.13000000,37.15000000,636.37950000,1664845239936,True,True
39332819,17.13000000,13.79000000,236.22270000,1664845239936,True,True
39332820,17.13000000,30.00000000,513.90000000,1664845239936,True,True
39332821,17.13000000,29.00000000,496.77000000,1664845239936,True,True
39332822,17.13000000,5.84000000,100.03920000,1664845279220,False,True
39332823,17.12000000,1.16000000,19.85920000,1664845318195,True,True
39332824,17.12000000,4.26000000,72.93120000,1664845318195,True,True
39332825,17.12000000,5.32000000,91.07840000,1664845318195,True,True
39332826,17.12000000,0.42000000,7.19040000,1664845318196,True,True
39332827,17.12000000,1.07000000,18.31840000,1664845318196,True,True
39332828,17.12000000,2.59000000,44.34080000,1664845318196,True,True
39332829,17.12000000,5.52000000,94.50240000,1664845319956,False,True
39332830,17.11000000,2.00000000,34.22000000,1664845334596,True,True
39332831,17.12000000,24.09000000,412.42080000,1664845396194,True,True
39332832,17.12000000,23.63000000,404.54560000,1664845401715,True,True
39332833,17.12000000,5.84000000,99.98080000,1664845401715,True,True
39332834,17.12000000,10.02000000,171.54240000,1664845401715,True,True
39332835,17.12000000,7.89000000,135.07680000,1664845401715,True,True
39332836,17.12000000,4.73000000,80.97760000,1664845401738,True,True
39332837,17.11000000,1.50000000,25.66500000,1664845424409,True,True
39332838,17.11000000,1.50000000,25.66500000,1664845424412,True,True
39332839,17.11000000,1.50000000,25.66500000,1664845424412,True,True
39332840,17.11000000,1.50000000,25.66500000,1664845424412,True,True
39332841,17.11000000,1.50000000,25.66500000,1664845424412,True,True
39332842,17.11000000,1.50000000,25.66500000,1664845424416,True,True
39332843,17.11000000,0.83000000,14.20130000,1664845424912,True,True
39332844,17.11000000,0.83000000,14.20130000,1664845424912,True,True
39332845,17.11000000,0.83000000,14.20130000,1664845424913,True,True
39332846,17.11000000,0.83000000,14.20130000,1664845424913,True,True
39332847,17.11000000,0.83000000,14.20130000,1664845424913,True,True
39332848,17.11000000,0.83000000,14.20130000,1664845424915,True,True
39332849,17.11000000,0.20000000,3.42200000,1664845424948,True,True
39332850,17.11000000,5.75000000,98.38250000,1664845424948,True,True
39332851,17.11000000,5.95000000,101.80450000,1664845424951,True,True
39332852,17.11000000,2.24000000,38.32640000,1664845425428,True,True
39332853,17.11000000,2.08000000,35.58880000,1664845433923,False,True
39332854,17.11000000,20.59000000,352.29490000,1664845459691,False,True
39332855,17.11000000,26.76000000,457.86360000,1664845459691,False,True
39332856,17.11000000,1.95000000,33.36450000,1664845481658,True,True
39332857,17.11000000,1.95000000,33.36450000,1664845481659,True,True
39332858,17.11000000,1.95000000,33.36450000,1664845481661,True,True
39332859,17.11000000,1.95000000,33.36450000,1664845481661,True,True
39332860,17.11000000,1.95000000,33.36450000,1664845481661,True,True
39332861,17.11000000,1.95000000,33.36450000,1664845481664,True,True
39332862,17.11000000,7.49000000,128.15390000,1664845483671,False,True
39332863,17.11000000,4.19000000,71.69090000,1664845483671,False,True
39332864,17.11000000,16.90000000,289.15900000,1664845531887,False,True
39332865,17.11000000,1.08000000,18.47880000,1664845531887,False,True
39332866,17.11000000,18.07000000,309.17770000,1664845572277,True,True
39332867,17.11000000,6.56000000,112.24160000,1664845572277,True,True
39332868,17.12000000,5.84000000,99.98080000,1664845637486,False,True
39332869,17.12000000,17.90000000,306.44800000,1664845637486,False,True
39332870,17.12000000,9.80000000,167.77600000,1664845683651,False,True
39332871,17.11000000,5.00000000,85.55000000,1664845700068,True,True
39332872,17.11000000,17.66000000,302.16260000,1664845738892,True,True
39332873,17.11000000,14.43000000,246.89730000,1664845738892,True,True
39332874,17.11000000,20.95000000,358.45450000,1664845738892,True,True
39332875,17.11000000,30.00000000,513.30000000,1664845738920,True,True
39332876,17.11000000,135.50000000,2318.40500000,1664845738920,True,True
39332877,17.11000000,64.50000000,1103.59500000,1664845738921,True,True
39332878,17.11000000,5.50000000,94.10500000,1664845738921,True,True
39332879,17.11000000,11.68000000,199.84480000,1664845741984,False,True
39332880,17.11000000,5.66000000,96.84260000,1664845741984,False,True
39332881,17.11000000,11.17000000,191.11870000,1664845741988,False,True
39332882,17.11000000,9.47000000,162.03170000,1664845741989,False,True
39332883,17.11000000,1.11000000,18.99210000,1664845742693,True,True
39332884,17.11000000,2.31000000,39.52410000,1664845743389,True,True
39332885,17.11000000,20.50000000,350.75500000,1664845781098,True,True
39332886,17.12000000,20.07000000,343.59840000,1664845809692,False,True
39332887,17.12000000,6.91000000,118.29920000,1664845809692,False,True
39332888,17.12000000,2.98000000,51.01760000,1664845809692,False,True
39332889,17.12000000,20.00000000,342.40000000,1664845809692,False,True
39332890,17.12000000,34.04000000,582.76480000,1664845809692,False,True
39332891,17.12000000,2.24000000,38.34880000,1664845814813,True,True
39332892,17.12000000,2.24000000,38.34880000,1664845834324,True,True
39332893,17.12000000,2.24000000,38.34880000,1664845849211,True,True
39332894,17.12000000,57.99000000,992.78880000,1664845924196,True,True
39332895,17.12000000,5.85000000,100.15200000,1664845924196,True,True
39332896,17.12000000,30.00000000,513.60000000,1664845924196,True,True
39332897,17.12000000,46.76000000,800.53120000,1664845924196,True,True
39332898,17.12000000,100.80000000,1725.69600000,1664845924196,True,True
39332899,17.12000000,5.73000000,98.09760000,1664845924204,True,True
39332900,17.12000000,13.37000000,228.89440000,1664845924207,True,True
39332901,17.12000000,45.41000000,777.41920000,1664845924208,True,True
39332902,17.12000000,5.31000000,90.90720000,1664845924208,True,True
39332903,17.11000000,30.00000000,513.30000000,1664845924651,True,True
39332904,17.11000000,30.00000000,513.30000000,1664845924762,True,True
39332905,17.11000000,4.72000000,80.75920000,1664845925009,True,True
39332906,17.11000000,52.16000000,892.45760000,1664845925009,True,True
39332907,17.11000000,3.12000000,53.38320000,1664845925009,True,True
39332908,17.11000000,26.88000000,459.91680000,1664845925118,True,True
39332909,17.11000000,33.12000000,566.68320000,1664845925118,True,True
39332910,17.11000000,14.15000000,242.10650000,1664845925198,True,True
39332911,17.11000000,30.00000000,513.30000000,1664845925198,True,True
39332912,17.11000000,15.85000000,271.19350000,1664845925504,True,True
39332913,17.11000000,14.15000000,242.10650000,1664845925578,True,True
39332914,17.11000000,30.00000000,513.30000000,1664845925578,True,True
39332915,17.11000000,15.85000000,271.19350000,1664845925578,True,True
39332916,17.11000000,18.40000000,314.82400000,1664845925681,True,True
39332917,17.11000000,30.00000000,513.30000000,1664845925681,True,True
39332918,17.11000000,11.60000000,198.47600000,1664845925781,True,True
39332919,17.11000000,18.40000000,314.82400000,1664845926290,True,True
39332920,17.11000000,30.00000000,513.30000000,1664845926290,True,True
39332921,17.11000000,28.51000000,487.80610000,1664845929218,False,True
39332922,17.11000000,0.60000000,10.26600000,1664845931130,True,True
39332923,17.11000000,2.24000000,38.32640000,1664845935125,True,True
39332924,17.11000000,4.28000000,73.23080000,1664845935200,True,True
39332925,17.11000000,30.00000000,513.30000000,1664845935406,True,True
39332926,17.11000000,1.03000000,17.62330000,1664845942884,True,True
39332927,17.11000000,0.35000000,5.98850000,1664845942884,True,True
39332928,17.11000000,28.15000000,481.64650000,1664845952364,True,True
39332929,17.11000000,11.85000000,202.75350000,1664845952364,True,True
39332930,17.11000000,52.88000000,904.77680000,1664845952369,True,True
39332931,17.11000000,5.56000000,95.13160000,1664845968617,False,True
39332932,17.11000000,9.25000000,158.26750000,1664845986237,False,True
39332933,17.11000000,19.25000000,329.36750000,1664845986243,False,True
39332934,17.11000000,11.32000000,193.68520000,1664845986243,False,True
39332935,17.11000000,32.24000000,551.62640000,1664846027444,True,True
39332936,17.11000000,32.49000000,555.90390000,1664846035374,True,True
39332937,17.11000000,28.50000000,487.63500000,1664846035374,True,True
39332938,17.11000000,173.88000000,2975.08680000,1664846035374,True,True
39332939,17.11000000,26.12000000,446.91320000,1664846035374,True,True
39332940,17.11000000,30.00000000,513.30000000,1664846035374,True,True
39332941,17.11000000,30.00000000,513.30000000,1664846035374,True,True
39332942,17.11000000,1.46000000,24.98060000,1664846110496,False,True
39332943,17.11000000,1.00000000,17.11000000,1664846128993,False,True
39332944,17.11000000,20.23000000,346.13530000,1664846128993,False,True
39332945,17.10000000,0.60000000,10.26000000,1664846154596,True,True
39332946,17.10000000,34.30000000,586.53000000,1664846154596,True,True
39332947,17.10000000,2.59000000,44.28900000,1664846154596,True,True
39332948,17.09000000,1.29000000,22.04610000,1664846154596,True,True
39332949,17.09000000,3.33000000,56.90970000,1664846154596,True,True
39332950,17.09000000,2.57000000,43.92130000,1664846154596,True,True
39332951,17.09000000,1.85000000,31.61650000,1664846154596,True,True
39332952,17.09000000,1.11000000,18.96990000,1664846154596,True,True
39332953,17.09000000,1.17000000,19.99530000,1664846154596,True,True
39332954,17.09000000,0.78000000,13.33020000,1664846154596,True,True
39332955,17.09000000,0.07000000,1.19630000,1664846154596,True,True
39332956,17.09000000,0.73000000,12.47570000,1664846154596,True,True
39332957,17.09000000,0.91000000,15.55190000,1664846154596,True,True
39332958,17.09000000,25.66000000,438.52940000,1664846156355,True,True
39332959,17.10000000,2.24000000,38.30400000,1664846156592,False,True
39332960,17.10000000,27.76000000,474.69600000,1664846160984,False,True
39332961,17.11000000,0.79000000,13.51690000,1664846191392,False,True
39332962,17.11000000,2.67000000,45.68370000,1664846208863,False,True
39332963,17.11000000,20.06000000,343.22660000,1664846269785,False,True
39332964,17.11000000,44.53000000,761.90830000,1664846269929,False,True
39332965,17.11000000,14.84000000,253.91240000,1664846269993,False,True
39332966,17.11000000,5.23000000,89.48530000,1664846275174,True,True
39332967,17.11000000,0.61000000,10.43710000,1664846367843,True,True
39332968,17.11000000,15.68000000,268.28480000,1664846395556,True,True
39332969,17.11000000,43.28000000,740.52080000,1664846395556,True,True
39332970,17.11000000,52.37000000,896.05070000,1664846395556,True,True
39332971,17.11000000,30.00000000,513.30000000,1664846395620,False,True
39332972,17.11000000,1.05000000,17.96550000,1664846474233,False,True
39332973,17.11000000,1.07000000,18.30770000,1664846477349,False,True
39332974,17.11000000,1.08000000,18.47880000,1664846482742,False,True
39332975,17.10000000,5.85000000,100.03500000,1664846511611,True,True
39332976,17.10000000,1.92000000,32.83200000,1664846540091,True,True
39332977,17.10000000,29.42000000,503.08200000,1664846540091,True,True
39332978,17.10000000,36.53000000,624.66300000,1664846540098,True,True
39332979,17.10000000,30.00000000,513.00000000,1664846566664,False,True
39332980,17.10000000,30.00000000,513.00000000,1664846566664,False,True
39332981,17.10000000,9.41000000,160.91100000,1664846566664,False,True
39332982,17.10000000,2.24000000,38.30400000,1664846566695,True,True
39332983,17.10000000,2.24000000,38.30400000,1664846572682,True,True
39332984,17.10000000,26.11000000,446.48100000,1664846581053,True,True
39332985,17.10000000,2.87000000,49.07700000,1664846581053,True,True
39332986,17.10000000,49.74000000,850.55400000,1664846583851,False,True
39332987,17.10000000,29.99000000,512.82900000,1664846583851,False,True
39332988,17.10000000,30.00000000,513.00000000,1664846662689,True,True
39332989,17.10000000,3.94000000,67.37400000,1664846662689,True,True
39332990,17.10000000,64.10000000,1096.11000000,1664846662697,True,True
39332991,17.10000000,13.81000000,236.15100000,1664846662734,True,True
39332992,17.10000000,18.15000000,310.36500000,1664846662748,True,True
39332993,17.10000000,0.19000000,3.24900000,1664846662748,True,True
39332994,17.10000000,0.81000000,13.85100000,1664846662761,True,True
39332995,17.09000000,2.28000000,38.96520000,1664846662847,True,True
39332996,17.09000000,1.41000000,24.09690000,1664846663262,True,True
39332997,17.09000000,1.14000000,19.48260000,1664846663273,True,True
39332998,17.09000000,3.04000000,51.95360000,1664846663273,True,True
39332999,17.09000000,6.96000000,118.94640000,1664846663319,True,True
39333000,17.09000000,11.70000000,199.95300000,1664846663319,True,True
39333001,17.09000000,5.48000000,93.65320000,1664846663319,True,True
39333002,17.09000000,2.59000000,44.26310000,1664846663319,True,True
39333003,17.09000000,8.03000000,137.23270000,1664846663319,True,True
39333004,17.09000000,23.21000000,396.65890000,1664846663319,True,True
39333005,17.09000000,0.62000000,10.59580000,1664846663455,True,True
39333006,17.09000000,1.12000000,19.14080000,1664846663767,True,True
39333007,17.09000000,2.60000000,44.43400000,1664846663774,True,True
39333008,17.09000000,5.85000000,99.97650000,1664846672301,True,True
39333009,17.09000000,5.95000000,101.68550000,1664846682750,True,True
39333010,17.10000000,3.04000000,51.98400000,1664846721944,False,True
39333011,17.10000000,63.49000000,1085.67900000,1664846734894,False,True
39333012,17.10000000,10.39000000,177.66900000,1664846734894,False,True
39333013,17.10000000,41.64000000,712.04400000,1664846734894,False,True
39333014,17.10000000,19.84000000,339.26400000,1664846734979,False,True
39333015,17.10000000,4.57000000,78.14700000,1664846835691,True,True
39333016,17.10000000,1.27000000,21.71700000,1664846835736,True,True
39333017,17.10000000,1.35000000,23.08500000,1664846896001,True,True
39333018,17.10000000,1.63000000,27.87300000,1664846925701,True,True
39333019,17.10000000,11.53000000,197.16300000,1664846958282,True,True
39333020,17.10000000,2.34000000,40.01400000,1664846958487,True,True
39333021,17.10000000,2.24000000,38.30400000,1664846958576,True,True
39333022,17.11000000,5.84000000,99.92240000,1664847001545,False,True
39333023,17.11000000,0.60000000,10.26600000,1664847013773,False,True
39333024,17.10000000,0.88000000,15.04800000,1664847031683,True,True
39333025,17.11000000,2.55000000,43.63050000,1664847055597,False,True
39333026,17.11000000,3.49000000,59.71390000,1664847055597,False,True
39333027,17.12000000,0.60000000,10.27200000,1664847058422,False,True
39333028,17.11000000,9.65000000,165.11150000,1664847085487,True,True
39333029,17.12000000,2.59000000,44.34080000,1664847102476,False,True
39333030,17.12000000,3.78000000,64.71360000,1664847102476,False,True
39333031,17.12000000,24.58000000,420.80960000,1664847114336,False,True
39333032,17.12000000,19.46000000,333.15520000,1664847114336,False,True
39333033,17.12000000,30.00000000,513.60000000,1664847114336,False,True
39333034,17.12000000,30.00000000,513.60000000,1664847114336,False,True
39333035,17.12000000,18.54000000,317.40480000,1664847114336,False,True
39333036,17.12000000,0.64000000,10.95680000,1664847120759,False,True
39333037,17.11000000,9.15000000,156.55650000,1664847148042,True,True
39333038,17.11000000,9.15000000,156.55650000,1664847148044,True,True
39333039,17.11000000,10.36000000,177.25960000,1664847148055,True,True
39333040,17.11000000,10.36000000,177.25960000,1664847148055,True,True
39333041,17.12000000,1.00000000,17.12000000,1664847170515,False,True
39333042,17.11000000,14.87000000,254.42570000,1664847182614,True,True
39333043,17.11000000,0.06000000,1.02660000,1664847182614,True,True
39333044,17.12000000,39.11000000,669.56320000,1664847185226,False,True
39333045,17.12000000,19.93000000,341.20160000,1664847185226,False,True
39333046,17.12000000,63.54000000,1087.80480000,1664847185226,False,True
39333047,17.12000000,49.96000000,855.31520000,1664847185226,False,True
39333048,17.12000000,30.00000000,513.60000000,1664847185226,False,True
39333049,17.12000000,20.00000000,342.40000000,1664847185226,False,True
39333050,17.12000000,81.69000000,1398.53280000,1664847185226,False,True
39333051,17.12000000,120.08000000,2055.76960000,1664847185226,False,True
39333052,17.12000000,30.00000000,513.60000000,1664847185226,False,True
39333053,17.12000000,1.09000000,18.66080000,1664847185226,False,True
39333054,17.12000000,1.09000000,18.66080000,1664847185226,False,True
39333055,17.12000000,1.09000000,18.66080000,1664847185226,False,True
39333056,17.12000000,1.09000000,18.66080000,1664847185226,False,True
39333057,17.12000000,41.33000000,707.56960000,1664847185226,False,True
39333058,17.12000000,0.60000000,10.27200000,1664847234766,False,True
39333059,17.11000000,5.45000000,93.24950000,1664847242429,True,True
39333060,17.11000000,9.33000000,159.63630000,1664847245272,True,True
39333061,17.11000000,10.67000000,182.56370000,1664847245272,True,True
39333062,17.11000000,8.72000000,149.19920000,1664847245272,True,True
39333063,17.11000000,3.60000000,61.59600000,1664847245272,True,True
39333064,17.10000000,2.21000000,37.79100000,1664847245311,True,True
39333065,17.10000000,9.05000000,154.75500000,1664847247353,True,True
39333066,17.10000000,10.95000000,187.24500000,1664847247353,True,True
39333067,17.10000000,17.29000000,295.65900000,1664847247880,True,True
39333068,17.10000000,2.71000000,46.34100000,1664847247880,True,True
39333069,17.10000000,8.86000000,151.50600000,1664847254402,True,True
39333070,17.10000000,17.14000000,293.09400000,1664847254402,True,True
39333071,17.11000000,11.68000000,199.84480000,1664847255697,False,True
39333072,17.11000000,3.05000000,52.18550000,1664847255697,False,True
39333073,17.10000000,12.86000000,219.90600000,1664847297856,True,True
39333074,17.10000000,9.14000000,156.29400000,1664847297856,True,True
39333075,17.10000000,32.54000000,556.43400000,1664847298863,True,True
39333076,17.10000000,2.46000000,42.06600000,1664847298863,True,True
39333077,17.10000000,4.63000000,79.17300000,1664847675961,True,True
39333078,17.10000000,4.53000000,77.46300000,1664847675961,True,True
39333079,17.10000000,4.53000000,77.46300000,1664847675961,True,True
39333080,17.10000000,4.63000000,79.17300000,1664847675964,True,True
39333081,17.11000000,14.00000000,239.54000000,1664847717891,False,True
39333082,17.10000000,35.30000000,603.63000000,1664847752404,True,True
39333083,17.10000000,20.56000000,351.57600000,1664847752956,True,True
39333084,17.10000000,11.67000000,199.55700000,1664847753019,True,True
39333085,17.10000000,5.35000000,91.48500000,1664847753084,True,True
39333086,17.10000000,3.86000000,66.00600000,1664847761370,True,True
39333087,17.10000000,3.60000000,61.56000000,1664847762224,True,True
39333088,17.10000000,3.60000000,61.56000000,1664847762274,True,True
39333089,17.10000000,3.37000000,57.62700000,1664847762335,True,True
39333090,17.11000000,1.00000000,17.11000000,1664847862606,False,True
39333091,17.10000000,2.19000000,37.44900000,1664847885774,True,True
39333092,17.10000000,0.94000000,16.07400000,1664847890261,True,True
39333093,17.10000000,4.57000000,78.14700000,1664847890945,True,True
39333094,17.10000000,3.85000000,65.83500000,1664847891010,True,True
39333095,17.10000000,12.92000000,220.93200000,1664847909894,True,True
39333096,17.10000000,121.47000000,2077.13700000,1664847940110,True,True
39333097,17.10000000,10.75000000,183.82500000,1664847940122,True,True
39333098,17.10000000,68.98000000,1179.55800000,1664847940122,True,True
39333099,17.10000000,20.88000000,357.04800000,1664847940180,True,True
39333100,17.10000000,4.72000000,80.71200000,1664847949776,True,True
39333101,17.10000000,27.62000000,472.30200000,1664847953181,True,True
39333102,17.10000000,1.32000000,22.57200000,1664847953203,True,True
39333103,17.10000000,5.97000000,102.08700000,1664847953216,True,True
39333104,17.10000000,15.24000000,260.60400000,1664847953217,True,True
39333105,17.09000000,21.21000000,362.47890000,1664847953251,True,True
39333106,17.09000000,8.79000000,150.22110000,1664847953612,True,True
39333107,17.09000000,44.64000000,762.89760000,1664847953612,True,True
39333108,17.10000000,6.38000000,109.09800000,1664847974023,False,True
39333109,17.10000000,1.00000000,17.10000000,1664847986449,True,True
39333110,17.10000000,18.23000000,311.73300000,1664848006006,True,True
39333111,17.10000000,24.96000000,426.81600000,1664848006010,True,True
39333112,17.10000000,5.04000000,86.18400000,1664848006011,True,True
39333113,17.10000000,1.51000000,25.82100000,1664848006011,True,True
39333114,17.10000000,11.39000000,194.76900000,1664848006013,True,True
39333115,17.10000000,6.38000000,109.09800000,1664848006014,True,True
39333116,17.10000000,0.87000000,14.87700000,1664848006014,True,True
39333117,17.10000000,0.87000000,14.87700000,1664848006014,True,True
39333118,17.10000000,0.87000000,14.87700000,1664848006014,True,True
39333119,17.10000000,0.87000000,14.87700000,1664848006014,True,True
39333120,17.10000000,7.24000000,123.80400000,1664848006015,True,True
39333121,17.09000000,27.00000000,461.43000000,1664848006880,True,True
39333122,17.09000000,51.00000000,871.59000000,1664848009880,True,True
39333123,17.10000000,30.00000000,513.00000000,1664848034314,False,True
39333124,17.10000000,11.23000000,192.03300000,1664848034314,False,True
39333125,17.10000000,25.24000000,431.60400000,1664848034562,True,True
39333126,17.11000000,1.92000000,32.85120000,1664848052898,False,True
39333127,17.10000000,1.81000000,30.95100000,1664848186457,True,True
39333128,17.10000000,30.00000000,513.00000000,1664848257104,True,True
39333129,17.10000000,40.43000000,691.35300000,1664848257104,True,True
39333130,17.09000000,5.85000000,99.97650000,1664848257125,True,True
39333131,17.09000000,6.61000000,112.96490000,1664848257234,True,True
39333132,17.09000000,6.07000000,103.73630000,1664848257235,True,True
39333133,17.09000000,58.83000000,1005.40470000,1664848257546,True,True
39333134,17.09000000,10.00000000,170.90000000,1664848257546,True,True
39333135,17.09000000,10.11000000,172.77990000,1664848257546,True,True
39333136,17.09000000,0.99000000,16.91910000,1664848257546,True,True
39333137,17.09000000,2.59000000,44.26310000,1664848257546,True,True
39333138,17.09000000,25.25000000,431.52250000,1664848257546,True,True
39333139,17.09000000,15.35000000,262.33150000,1664848258357,True,True
39333140,17.08000000,1.29000000,22.03320000,1664848258357,True,True
39333141,17.08000000,0.69000000,11.78520000,1664848258357,True,True
39333142,17.08000000,1.17000000,19.98360000,1664848258357,True,True
39333143,17.08000000,1.23000000,21.00840000,1664848258357,True,True
39333144,17.08000000,30.00000000,512.40000000,1664848258357,True,True
39333145,17.08000000,5.40000000,92.23200000,1664848258357,True,True
39333146,17.08000000,37.87000000,646.81960000,1664848258357,True,True
39333147,17.09000000,3.63000000,62.03670000,1664848260492,True,True
39333148,17.09000000,2.28000000,38.96520000,1664848260670,True,True
39333149,17.09000000,1.75000000,29.90750000,1664848261388,True,True
39333150,17.09000000,0.89000000,15.21010000,1664848261499,True,True
39333151,17.09000000,21.99000000,375.80910000,1664848261588,True,True
39333152,17.09000000,9.81000000,167.65290000,1664848261665,True,True
39333153,17.08000000,9.12000000,155.76960000,1664848262696,True,True
39333154,17.08000000,9.80000000,167.38400000,1664848262696,True,True
39333155,17.08000000,3.22000000,54.99760000,1664848263259,True,True
39333156,17.07000000,1.29000000,22.02030000,1664848313464,True,True
39333157,17.07000000,1.28000000,21.84960000,1664848313464,True,True
39333158,17.07000000,3.33000000,56.84310000,1664848313464,True,True
39333159,17.07000000,0.75000000,12.80250000,1664848313464,True,True
39333160,17.07000000,30.00000000,512.10000000,1664848313464,True,True
39333161,17.07000000,10.23000000,174.62610000,1664848313464,True,True
39333162,17.07000000,1.23000000,20.99610000,1664848313464,True,True
39333163,17.07000000,45.71000000,780.26970000,1664848313464,True,True
39333164,17.07000000,14.49000000,247.34430000,1664848313464,True,True
39333165,17.07000000,14.18000000,242.05260000,1664848313464,True,True
