39877485,16.64000000,4.74000000,78.87360000,1666742401916,False,True
39877486,16.64000000,7.74000000,128.79360000,1666742406113,False,True
39877487,16.64000000,1.09000000,18.13760000,1666742406113,False,True
39877488,16.64000000,1.09000000,18.13760000,1666742406113,False,True
39877489,16.64000000,1.09000000,18.13760000,1666742406113,False,True
39877490,16.64000000,1.09000000,18.13760000,1666742406113,False,True
39877491,16.64000000,18.08000000,300.85120000,1666742406113,False,True
39877492,16.64000000,23.20000000,386.04800000,1666742406623,False,True
39877493,16.64000000,9.43000000,156.91520000,1666742406623,False,True
39877494,16.64000000,2.36000000,39.27040000,1666742407320,False,True
39877495,16.64000000,13.66000000,227.30240000,1666742407442,False,True
39877496,16.64000000,1.32000000,21.96480000,1666742407442,False,True
39877497,16.65000000,10.49000000,174.65850000,1666742410879,False,True
39877498,16.66000000,0.96000000,15.99360000,1666742413404,False,True
39877499,16.66000000,0.19000000,3.16540000,1666742413404,False,True
39877500,16.66000000,3.30000000,54.97800000,1666742415580,False,True
39877501,16.66000000,3.76000000,62.64160000,1666742415580,False,True
39877502,16.66000000,83.75000000,1395.27500000,1666742415580,False,True
39877503,16.67000000,8.85000000,147.52950000,1666742421203,False,True
39877504,16.67000000,0.96000000,16.00320000,1666742429158,False,True
39877505,16.67000000,3.30000000,55.01100000,1666742429158,False,True
39877506,16.67000000,3.76000000,62.67920000,1666742429158,False,True
39877507,16.68000000,0.94000000,15.67920000,1666742434461,False,True
39877508,16.68000000,18.30000000,305.24400000,1666742434461,False,True
39877509,16.68000000,10.76000000,179.47680000,1666742434461,False,True
39877510,16.68000000,20.20000000,336.93600000,1666742434731,False,True
39877511,16.68000000,3.30000000,55.04400000,1666742446880,False,True
39877512,16.69000000,0.60000000,10.01400000,1666742448450,False,True
39877513,16.69000000,0.72000000,12.01680000,1666742448450,False,True
39877514,16.68000000,6.06000000,101.08080000,1666742455875,True,True
39877515,16.68000000,34.21000000,570.62280000,1666742471423,True,True
39877516,16.68000000,3.34000000,55.71120000,1666742471509,True,True
39877517,16.68000000,5.28000000,88.07040000,1666742471509,True,True
39877518,16.68000000,7.02000000,117.09360000,1666742471519,True,True
39877519,16.68000000,11.99000000,199.99320000,1666742471602,False,True
39877520,16.68000000,38.32000000,639.17760000,1666742472103,False,True
39877521,16.68000000,0.01000000,0.16680000,1666742472115,False,True
39877522,16.69000000,0.24000000,4.00560000,1666742476074,False,True
39877523,16.69000000,71.95000000,1200.84550000,1666742476074,False,True
39877524,16.69000000,16.64000000,277.72160000,1666742476074,False,True
39877525,16.69000000,12.40000000,206.95600000,1666742476084,False,True
39877526,16.69000000,3.76000000,62.75440000,1666742476084,False,True
39877527,16.69000000,3.30000000,55.07700000,1666742476084,False,True
39877528,16.69000000,37.87000000,632.05030000,1666742476084,False,True
39877529,16.69000000,33.83000000,564.62270000,1666742476324,False,True
39877530,16.69000000,1.45000000,24.20050000,1666742478187,True,True
39877531,16.70000000,4.34000000,72.47800000,1666742480146,False,True
39877532,16.70000000,0.66000000,11.02200000,1666742480146,False,True
39877533,16.70000000,0.87000000,14.52900000,1666742480146,False,True
39877534,16.70000000,1.64000000,27.38800000,1666742480215,False,True
39877535,16.70000000,10.49000000,175.18300000,1666742480215,False,True
39877536,16.70000000,83.71000000,1397.95700000,1666742480215,False,True
39877537,16.70000000,160.47000000,2679.84900000,1666742480215,False,True
39877538,16.70000000,3.30000000,55.11000000,1666742481615,False,True
39877539,16.70000000,0.29000000,4.84300000,1666742481615,False,True
39877540,16.71000000,0.05000000,0.83550000,1666742483092,False,True
39877541,16.71000000,0.60000000,10.02600000,1666742483092,False,True
39877542,16.71000000,0.37000000,6.18270000,1666742486098,False,True
39877543,16.71000000,0.69000000,11.52990000,1666742486098,False,True
39877544,16.71000000,2.19000000,36.59490000,1666742486098,False,True
39877545,16.71000000,4.47000000,74.69370000,1666742486098,False,True
39877546,16.71000000,0.62000000,10.36020000,1666742486098,False,True
39877547,16.71000000,1.45000000,24.22950000,1666742486098,False,True
39877548,16.71000000,0.91000000,15.20610000,1666742486098,False,True
39877549,16.71000000,21.59000000,360.76890000,1666742486098,False,True
39877550,16.71000000,3.41000000,56.98110000,1666742489098,False,True
39877551,16.71000000,15.93000000,266.19030000,1666742489098,False,True
39877552,16.71000000,9.07000000,151.55970000,1666742489754,False,True
39877553,16.71000000,0.96000000,16.04160000,1666742489754,False,True
39877554,16.71000000,1.32000000,22.05720000,1666742489754,False,True
39877555,16.71000000,7.45000000,124.48950000,1666742489754,False,True
39877556,16.71000000,1.20000000,20.05200000,1666742489754,False,True
39877557,16.71000000,2.04000000,34.08840000,1666742490919,False,True
39877558,16.71000000,18.90000000,315.81900000,1666742490919,False,True
39877559,16.71000000,21.51000000,359.43210000,1666742491189,False,True
39877560,16.71000000,11.97000000,200.01870000,1666742491240,False,True
39877561,16.71000000,0.94000000,15.70740000,1666742491280,False,True
39877562,16.71000000,14.50000000,242.29500000,1666742492127,False,True
39877563,16.71000000,10.87000000,181.63770000,1666742495174,False,True
39877564,16.71000000,12.47000000,208.37370000,1666742496209,False,True
39877565,16.71000000,2.36000000,39.43560000,1666742496439,False,True
39877566,16.71000000,10.00000000,167.10000000,1666742498188,False,True
39877567,16.71000000,21.98000000,367.28580000,1666742503219,False,True
39877568,16.70000000,1.02000000,17.03400000,1666742503678,True,True
39877569,16.71000000,12.63000000,211.04730000,1666742504190,False,True
39877570,16.71000000,11.97000000,200.01870000,1666742504232,False,True
39877571,16.71000000,50.14000000,837.83940000,1666742504940,False,True
39877572,16.71000000,2.99000000,49.96290000,1666742504940,False,True
39877573,16.71000000,3.76000000,62.82960000,1666742504940,False,True
39877574,16.71000000,3.29000000,54.97590000,1666742504940,False,True
39877575,16.71000000,0.01000000,0.16710000,1666742504943,False,True
39877576,16.71000000,5.61000000,93.74310000,1666742504963,True,True
39877577,16.71000000,31.90000000,533.04900000,1666742506178,True,True
39877578,16.71000000,56.29000000,940.60590000,1666742506178,True,True
39877579,16.71000000,1.09000000,18.21390000,1666742506178,True,True
39877580,16.71000000,1.09000000,18.21390000,1666742506178,True,True
39877581,16.71000000,10.17000000,169.94070000,1666742506178,True,True
39877582,16.71000000,1.09000000,18.21390000,1666742506178,True,True
39877583,16.71000000,12.55000000,209.71050000,1666742506211,False,True
39877584,16.71000000,2.36000000,39.43560000,1666742507725,False,True
39877585,16.70000000,2.44000000,40.74800000,1666742508344,True,True
39877586,16.71000000,4.05000000,67.67550000,1666742508459,False,True
39877587,16.71000000,2.60000000,43.44600000,1666742508535,False,True
39877588,16.71000000,2.60000000,43.44600000,1666742508604,False,True
39877589,16.71000000,12.65000000,211.38150000,1666742512786,False,True
39877590,16.71000000,55.89000000,933.92190000,1666742516243,False,True
39877591,16.71000000,15.74000000,263.01540000,1666742520522,False,True
39877592,16.71000000,49.60000000,828.81600000,1666742521548,True,True
39877593,16.71000000,118.47000000,1979.63370000,1666742521548,True,True
39877594,16.71000000,0.34000000,5.68140000,1666742521548,True,True
39877595,16.71000000,1.09000000,18.21390000,1666742523113,True,True
39877596,16.71000000,42.91000000,717.02610000,1666742523113,True,True
39877597,16.71000000,1.09000000,18.21390000,1666742525294,True,True
39877598,16.71000000,1.09000000,18.21390000,1666742525294,True,True
39877599,16.70000000,40.22000000,671.67400000,1666742527645,True,True
39877600,16.70000000,3.30000000,55.11000000,1666742527645,True,True
39877601,16.70000000,3.76000000,62.79200000,1666742527645,True,True
39877602,16.70000000,13.06000000,218.10200000,1666742527645,True,True
39877603,16.70000000,13.81000000,230.62700000,1666742527645,True,True
39877604,16.70000000,1.45000000,24.21500000,1666742527724,False,True
39877605,16.70000000,2.36000000,39.41200000,1666742529471,False,True
39877606,16.70000000,18.10000000,302.27000000,1666742529510,False,True
39877607,16.71000000,30.46000000,508.98660000,1666742530380,False,True
39877608,16.71000000,0.91000000,15.20610000,1666742530451,True,True
39877609,16.72000000,0.83000000,13.87760000,1666742534352,False,True
39877610,16.72000000,0.20000000,3.34400000,1666742534352,False,True
39877611,16.71000000,1.09000000,18.21390000,1666742535109,True,True
39877612,16.71000000,1.09000000,18.21390000,1666742535109,True,True
39877613,16.71000000,1.09000000,18.21390000,1666742535109,True,True
39877614,16.71000000,45.29000000,756.79590000,1666742535109,True,True
39877615,16.71000000,37.49000000,626.45790000,1666742535186,True,True
39877616,16.71000000,7.27000000,121.48170000,1666742538932,False,True
39877617,16.71000000,1.45000000,24.22950000,1666742538998,True,True
39877618,16.71000000,7.27000000,121.48170000,1666742539833,True,True
39877619,16.71000000,17.67000000,295.26570000,1666742546630,True,True
39877620,16.71000000,17.67000000,295.26570000,1666742549309,False,True
39877621,16.71000000,29.25000000,488.76750000,1666742549309,False,True
39877622,16.71000000,13.97000000,233.43870000,1666742550158,True,True
39877623,16.71000000,2.36000000,39.43560000,1666742550164,True,True
39877624,16.71000000,32.45000000,542.23950000,1666742550166,True,True
39877625,16.71000000,48.28000000,806.75880000,1666742563645,True,True
39877626,16.71000000,1.09000000,18.21390000,1666742563645,True,True
39877627,16.71000000,1.09000000,18.21390000,1666742563645,True,True
39877628,16.71000000,1.09000000,18.21390000,1666742563645,True,True
39877629,16.71000000,1.09000000,18.21390000,1666742563645,True,True
39877630,16.71000000,9.36000000,156.40560000,1666742563645,True,True
39877631,16.71000000,62.00000000,1036.02000000,1666742565640,True,True
39877632,16.72000000,1.48000000,24.74560000,1666742566282,False,True
39877633,16.72000000,0.68000000,11.36960000,1666742566282,False,True
39877634,16.72000000,1.00000000,16.72000000,1666742566282,False,True
39877635,16.72000000,1.82000000,30.43040000,1666742566282,False,True
39877636,16.72000000,25.00000000,418.00000000,1666742566282,False,True
39877637,16.72000000,14.02000000,234.41440000,1666742566282,False,True
39877638,16.72000000,10.98000000,183.58560000,1666742566296,False,True
39877639,16.72000000,2.99000000,49.99280000,1666742566296,False,True
39877640,16.72000000,3.76000000,62.86720000,1666742566296,False,True
39877641,16.72000000,3.30000000,55.17600000,1666742566296,False,True
39877642,16.72000000,9.43000000,157.66960000,1666742566296,False,True
39877643,16.72000000,52.57000000,878.97040000,1666742566304,False,True
39877644,16.73000000,0.66000000,11.04180000,1666742566453,False,True
39877645,16.73000000,2.49000000,41.65770000,1666742566453,False,True
39877646,16.73000000,1.31000000,21.91630000,1666742566453,False,True
39877647,16.73000000,1.21000000,20.24330000,1666742566453,False,True
39877648,16.73000000,0.97000000,16.22810000,1666742566453,False,True
39877649,16.73000000,0.63000000,10.53990000,1666742566453,False,True
39877650,16.73000000,2.91000000,48.68430000,1666742566453,False,True
39877651,16.73000000,1.32000000,22.08360000,1666742566453,False,True
39877652,16.73000000,10.12000000,169.30760000,1666742566453,False,True
39877653,16.73000000,0.76000000,12.71480000,1666742566453,False,True
39877654,16.73000000,14.12000000,236.22760000,1666742568521,False,True
39877655,16.73000000,1.21000000,20.24330000,1666742568521,False,True
39877656,16.73000000,1.25000000,20.91250000,1666742568521,False,True
39877657,16.73000000,0.95000000,15.89350000,1666742568521,False,True
39877658,16.73000000,12.02000000,201.09460000,1666742568521,False,True
39877659,16.73000000,10.49000000,175.49770000,1666742568521,False,True
39877660,16.73000000,1.00000000,16.73000000,1666742568521,False,True
39877661,16.73000000,1.45000000,24.25850000,1666742568789,True,True
39877662,16.73000000,25.38000000,424.60740000,1666742569883,True,True
39877663,16.73000000,33.11000000,553.93030000,1666742569883,True,True
39877664,16.73000000,57.34000000,959.29820000,1666742569892,True,True
39877665,16.73000000,30.46000000,509.59580000,1666742569892,True,True
39877666,16.73000000,43.60000000,729.42800000,1666742569893,True,True
39877667,16.73000000,44.00000000,736.12000000,1666742569901,True,True
39877668,16.73000000,20.34000000,340.28820000,1666742569901,True,True
39877669,16.73000000,148.84000000,2490.09320000,1666742575656,False,True
39877670,16.73000000,11.85000000,198.25050000,1666742575656,False,True
39877671,16.73000000,12.12000000,202.76760000,1666742575661,False,True
39877672,16.73000000,16.44000000,275.04120000,1666742575661,False,True
39877673,16.73000000,28.78000000,481.48940000,1666742575661,False,True
39877674,16.73000000,11.12000000,186.03760000,1666742575770,False,True
39877675,16.73000000,19.34000000,323.55820000,1666742575770,False,True
39877676,16.73000000,4.63000000,77.45990000,1666742576154,False,True
39877677,16.73000000,23.97000000,401.01810000,1666742576201,False,True
39877678,16.73000000,23.97000000,401.01810000,1666742576201,False,True
39877679,16.73000000,9.67000000,161.77910000,1666742576201,False,True
39877680,16.73000000,3.45000000,57.71850000,1666742578493,False,True
39877681,16.72000000,0.66000000,11.03520000,1666742579045,True,True
39877682,16.72000000,0.36000000,6.01920000,1666742579045,True,True
39877683,16.73000000,0.88000000,14.72240000,1666742583391,False,True
39877684,16.73000000,9.97000000,166.79810000,1666742583413,False,True
39877685,16.73000000,0.01000000,0.16730000,1666742583413,False,True
39877686,16.73000000,148.84000000,2490.09320000,1666742588035,True,True
39877687,16.73000000,42.16000000,705.33680000,1666742588035,True,True
39877688,16.73000000,1.09000000,18.23570000,1666742588035,True,True
39877689,16.73000000,11.94000000,199.75620000,1666742588035,True,True
39877690,16.73000000,30.46000000,509.59580000,1666742590335,False,True
39877691,16.73000000,148.84000000,2490.09320000,1666742590335,False,True
39877692,16.73000000,13.31000000,222.67630000,1666742592882,True,True
39877693,16.73000000,148.84000000,2490.09320000,1666742592882,True,True
39877694,16.73000000,1.09000000,18.23570000,1666742608168,True,True
39877695,16.73000000,1.09000000,18.23570000,1666742608168,True,True
39877696,16.73000000,1.09000000,18.23570000,1666742608168,True,True
39877697,16.73000000,0.62000000,10.37260000,1666742609167,False,True
39877698,16.73000000,11.95000000,199.92350000,1666742610056,False,True
39877699,16.73000000,10.72000000,179.34560000,1666742610588,False,True
39877700,16.73000000,48.87000000,817.59510000,1666742610926,True,True
39877701,16.72000000,40.25000000,672.98000000,1666742614814,True,True
39877702,16.72000000,15.86000000,265.17920000,1666742614814,True,True
39877703,16.72000000,1.98000000,33.10560000,1666742614814,True,True
39877704,16.72000000,10.04000000,167.86880000,1666742614817,True,True
39877705,16.72000000,47.30000000,790.85600000,1666742614817,True,True
39877706,16.72000000,2.18000000,36.44960000,1666742614821,True,True
39877707,16.72000000,1.40000000,23.40800000,1666742614821,True,True
39877708,16.72000000,11.95000000,199.80400000,1666742614821,True,True
39877709,16.72000000,11.96000000,199.97120000,1666742614853,False,True
39877710,16.72000000,0.43000000,7.18960000,1666742614853,False,True
39877711,16.71000000,0.96000000,16.04160000,1666742625127,True,True
39877712,16.71000000,0.60000000,10.02600000,1666742625127,True,True
39877713,16.71000000,2.36000000,39.43560000,1666742625181,False,True
39877714,16.71000000,44.00000000,735.24000000,1666742625456,False,True
39877715,16.71000000,93.96000000,1570.07160000,1666742632099,False,True
39877716,16.72000000,25.00000000,418.00000000,1666742660588,False,True
39877717,16.72000000,21.28000000,355.80160000,1666742669342,False,True
39877718,16.72000000,102.56000000,1714.80320000,1666742669343,False,True
39877719,16.73000000,39.66000000,663.51180000,1666742669662,False,True
39877720,16.73000000,3.30000000,55.20900000,1666742669662,False,True
39877721,16.73000000,0.96000000,16.06080000,1666742669662,False,True
39877722,16.73000000,0.60000000,10.03800000,1666742669662,False,True
39877723,16.73000000,1.45000000,24.25850000,1666742669662,False,True
39877724,16.73000000,1.30000000,21.74900000,1666742669715,True,True
39877725,16.73000000,101.26000000,1694.07980000,1666742671451,True,True
39877726,16.72000000,186.60000000,3119.95200000,1666742672407,True,True
39877727,16.72000000,39.90000000,667.12800000,1666742672407,True,True
39877728,16.72000000,27.80000000,464.81600000,1666742672407,True,True
39877729,16.72000000,20.47000000,342.25840000,1666742672419,True,True
39877730,16.72000000,2.36000000,39.45920000,1666742672491,False,True
39877731,16.71000000,12.02000000,200.85420000,1666742673768,True,True
39877732,16.71000000,0.96000000,16.04160000,1666742673768,True,True
39877733,16.71000000,14.42000000,240.95820000,1666742673768,True,True
39877734,16.71000000,17.07000000,285.23970000,1666742673768,True,True
39877735,16.71000000,57.36000000,958.48560000,1666742678956,True,True
39877736,16.71000000,3.30000000,55.14300000,1666742678956,True,True
39877737,16.71000000,3.76000000,62.82960000,1666742678956,True,True
39877738,16.71000000,11.26000000,188.15460000,1666742678956,True,True
39877739,16.71000000,0.70000000,11.69700000,1666742681268,True,True
39877740,16.70000000,100.00000000,1670.00000000,1666742682348,True,True
39877741,16.70000000,12.02000000,200.73400000,1666742682348,True,True
39877742,16.70000000,10.49000000,175.18300000,1666742682348,True,True
39877743,16.70000000,0.60000000,10.02000000,1666742682348,True,True
39877744,16.70000000,3.30000000,55.11000000,1666742682348,True,True
39877745,16.70000000,25.38000000,423.84600000,1666742683337,False,True
39877746,16.70000000,31.96000000,533.73200000,1666742683337,False,True
39877747,16.70000000,30.46000000,508.68200000,1666742683344,False,True
39877748,16.70000000,20.47000000,341.84900000,1666742683345,False,True
39877749,16.70000000,58.09000000,970.10300000,1666742683352,False,True
39877750,16.70000000,82.29000000,1374.24300000,1666742683484,False,True
39877751,16.70000000,148.84000000,2485.62800000,1666742683912,True,True
39877752,16.69000000,0.96000000,16.02240000,1666742683982,True,True
39877753,16.69000000,0.49000000,8.17810000,1666742683982,True,True
39877754,16.69000000,1.11000000,18.52590000,1666742686167,True,True
39877755,16.69000000,1.11000000,18.52590000,1666742686167,True,True
39877756,16.69000000,45.89000000,765.90410000,1666742686167,True,True
39877757,16.69000000,3.76000000,62.75440000,1666742686167,True,True
39877758,16.69000000,3.30000000,55.07700000,1666742686167,True,True
39877759,16.69000000,57.94000000,967.01860000,1666742686187,True,True
39877760,16.69000000,23.29000000,388.71010000,1666742686199,True,True
39877761,16.69000000,1.51000000,25.20190000,1666742686211,True,True
39877762,16.69000000,2.43000000,40.55670000,1666742686344,False,True
39877763,16.69000000,23.29000000,388.71010000,1666742689113,False,True
39877764,16.69000000,123.12000000,2054.87280000,1666742689134,False,True
39877765,16.69000000,148.84000000,2484.13960000,1666742690759,True,True
39877766,16.69000000,31.62000000,527.73780000,1666742690759,True,True
39877767,16.69000000,148.84000000,2484.13960000,1666742693043,False,True
39877768,16.69000000,29.68000000,495.35920000,1666742693043,False,True
39877769,16.70000000,28.11000000,469.43700000,1666742694602,False,True
39877770,16.70000000,21.44000000,358.04800000,1666742694602,False,True
39877771,16.70000000,19.97000000,333.49900000,1666742694602,False,True
39877772,16.70000000,18.08000000,301.93600000,1666742694602,False,True
39877773,16.70000000,25.53000000,426.35100000,1666742694602,False,True
39877774,16.70000000,18.10000000,302.27000000,1666742694620,False,True
39877775,16.70000000,1.88000000,31.39600000,1666742694628,False,True
39877776,16.70000000,18.11000000,302.43700000,1666742694628,False,True
39877777,16.70000000,38.63000000,645.12100000,1666742694628,False,True
39877778,16.70000000,30.46000000,508.68200000,1666742694638,False,True
39877779,16.70000000,30.46000000,508.68200000,1666742701820,True,True
39877780,16.70000000,1.09000000,18.20300000,1666742701820,True,True
39877781,16.70000000,1.09000000,18.20300000,1666742701820,True,True
39877782,16.70000000,276.90000000,4624.23000000,1666742701820,True,True
39877783,16.70000000,3.14000000,52.43800000,1666742702394,False,True
39877784,16.70000000,57.27000000,956.40900000,1666742709317,True,True
39877785,16.69000000,35.72000000,596.16680000,1666742721715,True,True
39877786,16.69000000,113.12000000,1887.97280000,1666742722258,True,True
39877787,16.69000000,0.85000000,14.18650000,1666742722258,True,True
39877788,16.69000000,18.19000000,303.59110000,1666742727293,False,True
39877789,16.69000000,130.65000000,2180.54850000,1666742727643,False,True
39877790,16.69000000,25.38000000,423.59220000,1666742731160,True,True
39877791,16.69000000,105.48000000,1760.46120000,1666742731160,True,True
39877792,16.69000000,40.96000000,683.62240000,1666742731160,True,True
39877793,16.69000000,12.32000000,205.62080000,1666742743044,False,True
39877794,16.69000000,39.96000000,666.93240000,1666742743044,False,True
39877795,16.69000000,52.28000000,872.55320000,1666742747007,True,True
39877796,16.69000000,17.12000000,285.73280000,1666742760476,False,True
39877797,16.69000000,34.09000000,568.96210000,1666742762778,False,True
39877798,16.69000000,30.46000000,508.37740000,1666742764105,True,True
39877799,16.69000000,16.11000000,268.87590000,1666742764120,True,True
39877800,16.68000000,2.49000000,41.53320000,1666742773870,True,True
39877801,16.68000000,1.31000000,21.85080000,1666742773870,True,True
39877802,16.68000000,0.60000000,10.00800000,1666742773870,True,True
39877803,16.68000000,3.30000000,55.04400000,1666742773870,True,True
39877804,16.68000000,11.98000000,199.82640000,1666742773870,True,True
39877805,16.68000000,3.76000000,62.71680000,1666742773870,True,True
39877806,16.68000000,95.01000000,1584.76680000,1666742773870,True,True
39877807,16.68000000,2.00000000,33.36000000,1666742785660,True,True
39877808,16.69000000,112.35000000,1875.12150000,1666742786556,False,True
39877809,16.69000000,24.67000000,411.74230000,1666742786556,False,True
39877810,16.69000000,12.81000000,213.79890000,1666742786556,False,True
39877811,16.69000000,12.51000000,208.79190000,1666742786556,False,True
39877812,16.69000000,23.68000000,395.21920000,1666742786556,False,True
39877813,16.69000000,2.36000000,39.38840000,1666742800526,True,True
39877814,16.70000000,14.42000000,240.81400000,1666742807658,False,True
39877815,16.70000000,23.06000000,385.10200000,1666742807658,False,True
39877816,16.70000000,3.76000000,62.79200000,1666742807658,False,True
39877817,16.70000000,3.30000000,55.11000000,1666742807658,False,True
39877818,16.70000000,6.17000000,103.03900000,1666742807678,False,True
39877819,16.70000000,6.17000000,103.03900000,1666742807682,False,True
39877820,16.70000000,5.60000000,93.52000000,1666742807685,False,True
39877821,16.70000000,32.52000000,543.08400000,1666742807685,False,True
39877822,16.70000000,6.17000000,103.03900000,1666742807685,False,True
39877823,16.70000000,5.60000000,93.52000000,1666742807691,False,True
39877824,16.70000000,23.13000000,386.27100000,1666742807710,False,True
39877825,16.70000000,14.36000000,239.81200000,1666742807724,False,True
39877826,16.70000000,2.28000000,38.07600000,1666742807771,True,True
39877827,16.70000000,2.35000000,39.24500000,1666742807812,True,True
39877828,16.70000000,2.35000000,39.24500000,1666742807863,True,True
39877829,16.70000000,13.11000000,218.93700000,1666742807897,True,True
39877830,16.70000000,1.87000000,31.22900000,1666742807897,True,True
39877831,16.70000000,48.82000000,815.29400000,1666742810047,False,True
39877832,16.70000000,37.40000000,624.58000000,1666742811966,True,True
39877833,16.70000000,13.86000000,231.46200000,1666742811966,True,True
39877834,16.70000000,53.29000000,889.94300000,1666742811966,True,True
39877835,16.70000000,14.98000000,250.16600000,1666742813256,False,True
39877836,16.70000000,10.28000000,171.67600000,1666742813532,False,True
39877837,16.70000000,12.27000000,204.90900000,1666742813532,False,True
39877838,16.70000000,17.15000000,286.40500000,1666742825483,True,True
39877839,16.70000000,18.84000000,314.62800000,1666742825483,True,True
39877840,16.70000000,11.58000000,193.38600000,1666742825483,True,True
39877841,16.69000000,23.24000000,387.87560000,1666742834605,True,True
39877842,16.69000000,91.90000000,1533.81100000,1666742834622,True,True
39877843,16.69000000,31.34000000,523.06460000,1666742835514,True,True
39877844,16.69000000,12.22000000,203.95180000,1666742835514,True,True
39877845,16.69000000,5.99000000,99.97310000,1666742835514,True,True
39877846,16.69000000,12.17000000,203.11730000,1666742835514,True,True
39877847,16.69000000,2.39000000,39.88910000,1666742852472,False,True
39877848,16.69000000,15.03000000,250.85070000,1666742852486,False,True
39877849,16.69000000,44.00000000,734.36000000,1666742865605,True,True
39877850,16.69000000,5.60000000,93.46400000,1666742865614,True,True
39877851,16.69000000,148.84000000,2484.13960000,1666742866791,False,True
39877852,16.70000000,0.60000000,10.02000000,1666742873517,False,True
39877853,16.70000000,5.00000000,83.50000000,1666742873517,False,True
39877854,16.70000000,2.35000000,39.24500000,1666742873573,True,True
39877855,16.70000000,2.35000000,39.24500000,1666742874033,True,True
39877856,16.70000000,10.37000000,173.17900000,1666742875530,True,True
39877857,16.70000000,46.12000000,770.20400000,1666742875598,True,True
39877858,16.70000000,125.74000000,2099.85800000,1666742875598,True,True
39877859,16.70000000,9.18000000,153.30600000,1666742876812,False,True
39877860,16.70000000,8.08000000,134.93600000,1666742876816,False,True
39877861,16.70000000,40.08000000,669.33600000,1666742876823,False,True
39877862,16.70000000,28.24000000,471.60800000,1666742884912,True,True
39877863,16.70000000,5.09000000,85.00300000,1666742884912,True,True
39877864,16.70000000,40.00000000,668.00000000,1666742884912,True,True
39877865,16.70000000,21.90000000,365.73000000,1666742888995,False,True
39877866,16.70000000,15.57000000,260.01900000,1666742888995,False,True
39877867,16.70000000,22.41000000,374.24700000,1666742888995,False,True
39877868,16.69000000,9.18000000,153.21420000,1666742902056,True,True
39877869,16.69000000,42.17000000,703.81730000,1666742902470,True,True
39877870,16.69000000,77.49000000,1293.30810000,1666742902559,True,True
39877871,16.69000000,20.00000000,333.80000000,1666742902563,True,True
39877872,16.68000000,3.30000000,55.04400000,1666742910226,True,True
39877873,16.68000000,3.76000000,62.71680000,1666742910226,True,True
39877874,16.68000000,50.65000000,844.84200000,1666742910226,True,True
39877875,16.68000000,34.78000000,580.13040000,1666742911189,False,True
39877876,16.68000000,4.66000000,77.72880000,1666742911423,False,True
39877877,16.68000000,144.18000000,2404.92240000,1666742911426,False,True
39877878,16.69000000,22.09000000,368.68210000,1666742912746,False,True
39877879,16.68000000,0.60000000,10.00800000,1666742919895,True,True
39877880,16.69000000,20.73000000,345.98370000,1666742921217,False,True
39877881,16.69000000,16.82000000,280.72580000,1666742921217,False,True
39877882,16.69000000,37.11000000,619.36590000,1666742921217,False,True
39877883,16.69000000,18.60000000,310.43400000,1666742921217,False,True
39877884,16.69000000,2.39000000,39.88910000,1666742921217,False,True
39877885,16.69000000,40.06000000,668.60140000,1666742921217,False,True
39877886,16.69000000,2.35000000,39.22150000,1666742921300,True,True
39877887,16.69000000,2.35000000,39.22150000,1666742932288,True,True
39877888,16.69000000,144.14000000,2405.69660000,1666742937657,True,True
39877889,16.69000000,37.46000000,625.20740000,1666742937657,True,True
39877890,16.68000000,3.48000000,58.04640000,1666742944739,True,True
39877891,16.69000000,3.24000000,54.07560000,1666742955228,False,True
39877892,16.69000000,118.59000000,1979.26710000,1666742955241,False,True
39877893,16.69000000,4.57000000,76.27330000,1666742971644,True,True
39877894,16.69000000,33.75000000,563.28750000,1666742987467,True,True
39877895,16.69000000,29.34000000,489.68460000,1666742987477,True,True
39877896,16.69000000,6.22000000,103.81180000,1666742987488,True,True
39877897,16.69000000,11.54000000,192.60260000,1666742987517,True,True
39877898,16.69000000,3.42000000,57.07980000,1666742987533,True,True
39877899,16.69000000,7.36000000,122.83840000,1666742987546,True,True
39877900,16.69000000,30.20000000,504.03800000,1666742987562,True,True
39877901,16.69000000,37.48000000,625.54120000,1666742987562,True,True
39877902,16.69000000,3.92000000,65.42480000,1666742997414,False,True
39877903,16.69000000,57.34000000,957.00460000,1666742997426,False,True
39877904,16.69000000,39.74000000,663.26060000,1666742997433,False,True
39877905,16.69000000,27.76000000,463.31440000,1666742998158,True,True
39877906,16.69000000,11.77000000,196.44130000,1666742998158,True,True
39877907,16.69000000,1.09000000,18.19210000,1666742998158,True,True
39877908,16.69000000,1.09000000,18.19210000,1666742998158,True,True
39877909,16.69000000,15.52000000,259.02880000,1666742998158,True,True
39877910,16.69000000,1.09000000,18.19210000,1666742998158,True,True
39877911,16.69000000,1.09000000,18.19210000,1666742998158,True,True
39877912,16.69000000,68.23000000,1138.75870000,1666743000876,False,True
39877913,16.69000000,1.41000000,23.53290000,1666743003133,True,True
39877914,16.70000000,3.81000000,63.62700000,1666743010726,False,True
39877915,16.70000000,21.92000000,366.06400000,1666743010726,False,True
39877916,16.70000000,19.67000000,328.48900000,1666743010726,False,True
39877917,16.70000000,18.34000000,306.27800000,1666743010726,False,True
39877918,16.70000000,10.14000000,169.33800000,1666743010726,False,True
39877919,16.70000000,25.38000000,423.84600000,1666743010726,False,True
39877920,16.70000000,56.36000000,941.21200000,1666743010726,False,True
39877921,16.70000000,29.78000000,497.32600000,1666743010726,False,True
39877922,16.70000000,10.49000000,175.18300000,1666743010726,False,True
39877923,16.70000000,26.05000000,435.03500000,1666743010726,False,True
39877924,16.70000000,3.30000000,55.11000000,1666743010726,False,True
39877925,16.70000000,3.76000000,62.79200000,1666743010726,False,True
39877926,16.70000000,26.00000000,434.20000000,1666743010726,False,True
39877927,16.70000000,83.88000000,1400.79600000,1666743010726,False,True
39877928,16.70000000,88.00000000,1469.60000000,1666743010726,False,True
39877929,16.70000000,18.60000000,310.62000000,1666743010726,False,True
39877930,16.70000000,6.20000000,103.54000000,1666743010726,False,True
39877931,16.70000000,355.39000000,5935.01300000,1666743010726,False,True
39877932,16.70000000,2.39000000,39.91300000,1666743010726,False,True
39877933,16.70000000,1.09000000,18.20300000,1666743010726,False,True
39877934,16.70000000,1.09000000,18.20300000,1666743010726,False,True
39877935,16.70000000,1.09000000,18.20300000,1666743010726,False,True
39877936,16.70000000,1.09000000,18.20300000,1666743010726,False,True
39877937,16.70000000,8.98000000,149.96600000,1666743010726,False,True
39877938,16.70000000,118.73000000,1982.79100000,1666743010726,False,True
39877939,16.70000000,11.98000000,200.06600000,1666743010726,False,True
39877940,16.71000000,52.66000000,879.94860000,1666743010726,False,True
39877941,16.71000000,33.30000000,556.44300000,1666743010726,False,True
39877942,16.71000000,0.96000000,16.04160000,1666743010726,False,True
39877943,16.71000000,82.97000000,1386.42870000,1666743010726,False,True
39877944,16.71000000,25.38000000,424.09980000,1666743010726,False,True
39877945,16.71000000,33.66000000,562.45860000,1666743010726,False,True
39877946,16.71000000,39.81000000,665.22510000,1666743010726,False,True
39877947,16.71000000,10.07000000,168.26970000,1666743010726,False,True
39877948,16.71000000,10.49000000,175.28790000,1666743010726,False,True
39877949,16.71000000,1.00000000,16.71000000,1666743010726,False,True
39877950,16.71000000,10.60000000,177.12600000,1666743010726,False,True
39877951,16.71000000,43.44000000,725.88240000,1666743010726,False,True
39877952,16.71000000,12.02000000,200.85420000,1666743010726,False,True
39877953,16.71000000,49.77000000,831.65670000,1666743010726,False,True
39877954,16.71000000,69.00000000,1152.99000000,1666743010726,False,True
39877955,16.71000000,137.32000000,2294.61720000,1666743010726,False,True
39877956,16.71000000,2.99000000,49.96290000,1666743010726,False,True
39877957,16.71000000,4.01000000,67.00710000,1666743010726,False,True
39877958,16.71000000,125.15000000,2091.25650000,1666743010726,False,True
39877959,16.71000000,125.14000000,2091.08940000,1666743010726,False,True
39877960,16.71000000,29.92000000,499.96320000,1666743010726,False,True
39877961,16.71000000,163.00000000,2723.73000000,1666743010726,False,True
39877962,16.71000000,15.40000000,257.33400000,1666743010726,False,True
39877963,16.71000000,93.15000000,1556.53650000,1666743010726,False,True
39877964,16.71000000,68.02000000,1136.61420000,1666743010726,False,True
39877965,16.71000000,29.92000000,499.96320000,1666743010726,False,True
39877966,16.71000000,7.67000000,128.16570000,1666743010726,False,True
39877967,16.72000000,163.47000000,2733.21840000,1666743010726,False,True
39877968,16.72000000,16.48000000,275.54560000,1666743010726,False,True
39877969,16.72000000,21.06000000,352.12320000,1666743010726,False,True
39877970,16.72000000,52.16000000,872.11520000,1666743010726,False,True
39877971,16.72000000,10.49000000,175.39280000,1666743010726,False,True
39877972,16.72000000,0.60000000,10.03200000,1666743010726,False,True
39877973,16.72000000,60.22000000,1006.87840000,1666743010726,False,True
39877974,16.72000000,12.02000000,200.97440000,1666743010726,False,True
39877975,16.72000000,25.94000000,433.71680000,1666743010726,False,True
39877976,16.70000000,27.94000000,466.59800000,1666743010767,False,True
39877977,16.70000000,30.46000000,508.68200000,1666743010843,False,True
39877978,16.70000000,1.20000000,20.04000000,1666743010940,False,True
39877979,16.70000000,0.83000000,13.86100000,1666743010940,False,True
39877980,16.70000000,2.34000000,39.07800000,1666743011031,True,True
39877981,16.70000000,11.41000000,190.54700000,1666743011219,True,True
39877982,16.70000000,10.17000000,169.83900000,1666743011452,True,True
39877983,16.70000000,19.42000000,324.31400000,1666743012677,False,True
39877984,16.71000000,10.49000000,175.28790000,1666743013939,False,True
39877985,16.71000000,6.12000000,102.26520000,1666743013939,False,True
39877986,16.71000000,34.27000000,572.65170000,1666743014031,False,True
39877987,16.71000000,0.08000000,1.33680000,1666743014031,False,True
39877988,16.71000000,7.30000000,121.98300000,1666743016657,False,True
39877989,16.71000000,4.59000000,76.69890000,1666743016707,False,True
39877990,16.71000000,5.25000000,87.72750000,1666743016707,False,True
39877991,16.71000000,8.29000000,138.52590000,1666743016717,False,True
39877992,16.71000000,4.59000000,76.69890000,1666743016739,False,True
39877993,16.71000000,14.80000000,247.30800000,1666743016770,False,True
39877994,16.72000000,3.30000000,55.17600000,1666743026943,False,True
39877995,16.72000000,3.76000000,62.86720000,1666743026943,False,True
39877996,16.72000000,1.06000000,17.72320000,1666743026966,True,True
39877997,16.72000000,124.16000000,2075.95520000,1666743031751,True,True
39877998,16.72000000,12.70000000,212.34400000,1666743031751,True,True
39877999,16.72000000,117.44000000,1963.59680000,1666743031751,True,True
39878000,16.72000000,44.00000000,735.68000000,1666743031787,True,True
39878001,16.73000000,0.96000000,16.06080000,1666743041972,False,True
39878002,16.73000000,1.31000000,21.91630000,1666743041972,False,True
39878003,16.73000000,2.49000000,41.65770000,1666743041972,False,True
39878004,16.73000000,3.30000000,55.20900000,1666743041972,False,True
39878005,16.73000000,3.76000000,62.90480000,1666743041972,False,True
39878006,16.73000000,2.57000000,42.99610000,1666743042032,True,True
39878007,16.73000000,2.47000000,41.32310000,1666743043833,True,True
39878008,16.73000000,7.66000000,128.15180000,1666743043843,True,True
39878009,16.73000000,4.16000000,69.59680000,1666743043843,True,True
39878010,16.73000000,57.34000000,959.29820000,1666743043850,True,True
39878011,16.73000000,3.06000000,51.19380000,1666743043903,True,True
39878012,16.73000000,31.44000000,525.99120000,1666743043907,True,True
39878013,16.73000000,58.47000000,978.20310000,1666743043907,True,True
39878014,16.73000000,219.84000000,3677.92320000,1666743043907,True,True
39878015,16.73000000,6.20000000,103.72600000,1666743043927,True,True
39878016,16.73000000,36.41000000,609.13930000,1666743043927,True,True
39878017,16.73000000,12.30000000,205.77900000,1666743044108,True,True
39878018,16.73000000,43.14000000,721.73220000,1666743044108,True,True
39878019,16.72000000,11.39000000,190.44080000,1666743044130,True,True
39878020,16.74000000,0.69000000,11.55060000,1666743056128,False,True
39878021,16.74000000,0.71000000,11.88540000,1666743056128,False,True
39878022,16.74000000,0.91000000,15.23340000,1666743056128,False,True
39878023,16.74000000,2.92000000,48.88080000,1666743056128,False,True
39878024,16.74000000,1.63000000,27.28620000,1666743056128,False,True
39878025,16.74000000,2.37000000,39.67380000,1666743056128,False,True
39878026,16.74000000,25.00000000,418.50000000,1666743056128,False,True
39878027,16.74000000,50.00000000,837.00000000,1666743056128,False,True
39878028,16.74000000,0.95000000,15.90300000,1666743056128,False,True
39878029,16.74000000,11.67000000,195.35580000,1666743056128,False,True
39878030,16.74000000,3.30000000,55.24200000,1666743056128,False,True
39878031,16.74000000,148.84000000,2491.58160000,1666743056128,False,True
39878032,16.74000000,34.53000000,578.03220000,1666743060750,True,True
39878033,16.74000000,42.68000000,714.46320000,1666743060750,True,True
39878034,16.74000000,54.13000000,906.13620000,1666743060750,True,True
39878035,16.74000000,34.45000000,576.69300000,1666743060750,True,True
39878036,16.74000000,31.88000000,533.67120000,1666743060750,True,True
39878037,16.74000000,51.32000000,859.09680000,1666743060750,True,True
39878038,16.74000000,36.03000000,603.14220000,1666743060804,True,True
39878039,16.74000000,3.60000000,60.26400000,1666743060806,True,True
39878040,16.74000000,26.86000000,449.63640000,1666743060806,True,True
39878041,16.74000000,17.99000000,301.15260000,1666743060809,True,True
39878042,16.74000000,23.66000000,396.06840000,1666743060815,True,True
39878043,16.74000000,21.39000000,358.06860000,1666743060874,True,True
39878044,16.73000000,14.98000000,250.61540000,1666743062752,True,True
39878045,16.74000000,34.12000000,571.16880000,1666743072291,False,True
39878046,16.74000000,55.78000000,933.75720000,1666743072308,False,True
39878047,16.74000000,4.59000000,76.83660000,1666743072308,False,True
39878048,16.74000000,23.92000000,400.42080000,1666743072308,False,True
39878049,16.74000000,23.92000000,400.42080000,1666743072318,False,True
39878050,16.74000000,23.92000000,400.42080000,1666743072338,False,True
39878051,16.74000000,23.92000000,400.42080000,1666743072348,False,True
39878052,16.74000000,23.92000000,400.42080000,1666743072351,False,True
39878053,16.74000000,0.02000000,0.33480000,1666743072359,False,True
39878054,16.74000000,11.95000000,200.04300000,1666743072405,True,True
39878055,16.74000000,32.10000000,537.35400000,1666743073543,True,True
39878056,16.75000000,0.66000000,11.05500000,1666743074268,False,True
39878057,16.75000000,0.71000000,11.89250000,1666743074268,False,True
39878058,16.75000000,0.71000000,11.89250000,1666743074268,False,True
39878059,16.75000000,0.05000000,0.83750000,1666743074268,False,True
39878060,16.74000000,2.34000000,39.17160000,1666743075054,True,True
39878061,16.74000000,148.84000000,2491.58160000,1666743075054,True,True
39878062,16.74000000,0.66000000,11.04840000,1666743075054,True,True
39878063,16.74000000,4.21000000,70.47540000,1666743075054,True,True
39878064,16.74000000,15.35000000,256.95900000,1666743075061,True,True
39878065,16.73000000,2.07000000,34.63110000,1666743075073,True,True
39878066,16.73000000,17.40000000,291.10200000,1666743075112,True,True
39878067,16.73000000,16.72000000,279.72560000,1666743075112,True,True
39878068,16.73000000,0.95000000,15.89350000,1666743099697,True,True
39878069,16.73000000,40.30000000,674.21900000,1666743099697,True,True
39878070,16.73000000,2.57000000,42.99610000,1666743099697,True,True
39878071,16.73000000,23.15000000,387.29950000,1666743099749,True,True
39878072,16.72000000,12.65000000,211.50800000,1666743106731,True,True
39878073,16.72000000,25.41000000,424.85520000,1666743106731,True,True
39878074,16.72000000,3.30000000,55.17600000,1666743106731,True,True
39878075,16.72000000,3.76000000,62.86720000,1666743106731,True,True
39878076,16.71000000,0.61000000,10.19310000,1666743107734,True,True
39878077,16.72000000,148.84000000,2488.60480000,1666743107937,False,True
39878078,16.72000000,119.07000000,1990.85040000,1666743108335,True,True
39878079,16.72000000,34.46000000,576.17120000,1666743108335,True,True
39878080,16.72000000,0.01000000,0.16720000,1666743108381,True,True
39878081,16.71000000,14.19000000,237.11490000,1666743108381,True,True
39878082,16.71000000,1.85000000,30.91350000,1666743108381,True,True
39878083,16.71000000,1.47000000,24.56370000,1666743110978,True,True
39878084,16.72000000,37.47000000,626.49840000,1666743111480,False,True
39878085,16.72000000,0.65000000,10.86800000,1666743111943,False,True
39878086,16.72000000,6.08000000,101.65760000,1666743112386,False,True
39878087,16.72000000,34.56000000,577.84320000,1666743112396,False,True
39878088,16.72000000,16.49000000,275.71280000,1666743112400,False,True
39878089,16.72000000,12.37000000,206.82640000,1666743112400,False,True
39878090,16.72000000,2.34000000,39.12480000,1666743118213,True,True
39878091,16.72000000,14.54000000,243.10880000,1666743118354,True,True
39878092,16.72000000,17.56000000,293.60320000,1666743118354,True,True
39878093,16.72000000,6.19000000,103.49680000,1666743119520,True,True
39878094,16.72000000,6.19000000,103.49680000,1666743119521,True,True
39878095,16.72000000,6.19000000,103.49680000,1666743119521,True,True
39878096,16.72000000,6.19000000,103.49680000,1666743119521,True,True
39878097,16.72000000,6.19000000,103.49680000,1666743119521,True,True
39878098,16.72000000,22.60000000,377.87200000,1666743119529,True,True
39878099,16.72000000,22.60000000,377.87200000,1666743119532,True,True
39878100,16.71000000,1.47000000,24.56370000,1666743124607,True,True
39878101,16.72000000,19.25000000,321.86000000,1666743128984,True,True
39878102,16.72000000,3.67000000,61.36240000,1666743129096,True,True
39878103,16.72000000,3.67000000,61.36240000,1666743129097,True,True
39878104,16.72000000,3.67000000,61.36240000,1666743129097,True,True
39878105,16.72000000,3.67000000,61.36240000,1666743129100,True,True
39878106,16.72000000,3.67000000,61.36240000,1666743129100,True,True
39878107,16.72000000,3.67000000,61.36240000,1666743129105,True,True
39878108,16.72000000,14.19000000,237.25680000,1666743129113,True,True
39878109,16.71000000,2.14000000,35.75940000,1666743129214,True,True
39878110,16.71000000,0.96000000,16.04160000,1666743143454,True,True
39878111,16.71000000,0.60000000,10.02600000,1666743143454,True,True
39878112,16.71000000,3.30000000,55.14300000,1666743143454,True,True
39878113,16.71000000,11.96000000,199.85160000,1666743143454,True,True
39878114,16.71000000,17.74000000,296.43540000,1666743143454,True,True
39878115,16.71000000,16.25000000,271.53750000,1666743143455,True,True
39878116,16.70000000,0.94000000,15.69800000,1666743144892,True,True
39878117,16.70000000,3.76000000,62.79200000,1666743144892,True,True
39878118,16.70000000,19.45000000,324.81500000,1666743144892,True,True
39878119,16.70000000,15.14000000,252.83800000,1666743154143,False,True
39878120,16.70000000,0.94000000,15.69800000,1666743154190,False,True
39878121,16.70000000,46.66000000,779.22200000,1666743154190,False,True
39878122,16.70000000,1.83000000,30.56100000,1666743155191,True,True
39878123,16.70000000,119.07000000,1988.46900000,1666743163986,False,True
39878124,16.69000000,0.96000000,16.02240000,1666743205045,True,True
39878125,16.69000000,0.66000000,11.01540000,1666743205045,True,True
39878126,16.69000000,6.00000000,100.14000000,1666743205045,True,True
39878127,16.69000000,3.30000000,55.07700000,1666743205045,True,True
39878128,16.69000000,1.06000000,17.69140000,1666743205045,True,True
39878129,16.69000000,119.06000000,1987.11140000,1666743205087,True,True
39878130,16.68000000,2.49000000,41.53320000,1666743207762,True,True
39878131,16.68000000,1.31000000,21.85080000,1666743207762,True,True
39878132,16.68000000,0.69000000,11.50920000,1666743207762,True,True
39878133,16.68000000,22.81000000,380.47080000,1666743207762,True,True
39878134,16.68000000,11.63000000,193.98840000,1666743207775,True,True
39878135,16.68000000,3.30000000,55.04400000,1666743207775,True,True
39878136,16.68000000,166.53000000,2777.72040000,1666743208771,False,True
39878137,16.68000000,119.06000000,1985.92080000,1666743208771,False,True
39878138,16.68000000,1.22000000,20.34960000,1666743209342,True,True
39878139,16.68000000,117.84000000,1965.57120000,1666743209474,True,True
39878140,16.68000000,9.74000000,162.46320000,1666743209474,True,True
39878141,16.67000000,0.96000000,16.00320000,1666743221301,True,True
39878142,16.67000000,0.66000000,11.00220000,1666743221301,True,True
39878143,16.67000000,2.49000000,41.50830000,1666743221301,True,True
39878144,16.67000000,0.71000000,11.83570000,1666743221301,True,True
39878145,16.67000000,0.71000000,11.83570000,1666743221301,True,True
39878146,16.67000000,0.94000000,15.66980000,1666743221301,True,True
39878147,16.67000000,1.52000000,25.33840000,1666743221301,True,True
39878148,16.67000000,3.26000000,54.34420000,1666743221301,True,True
39878149,16.68000000,24.15000000,402.82200000,1666743231761,False,True
39878150,16.68000000,34.21000000,570.62280000,1666743232456,False,True
39878151,16.68000000,7.82000000,130.43760000,1666743232472,False,True
39878152,16.68000000,52.88000000,882.03840000,1666743232503,False,True
39878153,16.68000000,12.00000000,200.16000000,1666743232503,False,True
39878154,16.68000000,0.94000000,15.67920000,1666743232503,False,True
39878155,16.69000000,34.48000000,575.47120000,1666743234173,False,True
39878156,16.69000000,10.49000000,175.07810000,1666743234173,False,True
39878157,16.69000000,0.96000000,16.02240000,1666743234173,False,True
39878158,16.69000000,2.35000000,39.22150000,1666743234245,True,True
39878159,16.69000000,111.75000000,1865.10750000,1666743234962,True,True
39878160,16.69000000,4.96000000,82.78240000,1666743234972,True,True
39878161,16.69000000,195.08000000,3255.88520000,1666743234972,True,True
39878162,16.69000000,53.52000000,893.24880000,1666743234972,True,True
39878163,16.68000000,20.99000000,350.11320000,1666743235221,True,True
39878164,16.68000000,17.20000000,286.89600000,1666743235221,True,True
39878165,16.68000000,12.59000000,210.00120000,1666743235221,True,True
39878166,16.68000000,6.56000000,109.42080000,1666743235221,True,True
39878167,16.68000000,6.96000000,116.09280000,1666743235235,True,True
39878168,16.68000000,40.39000000,673.70520000,1666743235235,True,True
39878169,16.68000000,8.84000000,147.45120000,1666743235350,True,True
39878170,16.68000000,1.00000000,16.68000000,1666743236770,True,True
39878171,16.68000000,33.51000000,558.94680000,1666743245517,False,True
39878172,16.68000000,14.02000000,233.85360000,1666743245608,False,True
39878173,16.68000000,10.14000000,169.13520000,1666743246435,True,True
39878174,16.68000000,57.34000000,956.43120000,1666743254314,False,True
39878175,16.68000000,12.43000000,207.33240000,1666743254327,False,True
39878176,16.68000000,18.03000000,300.74040000,1666743254327,False,True
39878177,16.68000000,1.55000000,25.85400000,1666743254361,False,True
39878178,16.68000000,25.90000000,432.01200000,1666743254361,False,True
39878179,16.68000000,18.60000000,310.24800000,1666743254361,False,True
39878180,16.68000000,10.29000000,171.63720000,1666743254361,False,True
39878181,16.68000000,73.46000000,1225.31280000,1666743254409,False,True
39878182,16.69000000,114.10000000,1904.32900000,1666743266537,False,True
39878183,16.69000000,15.79000000,263.53510000,1666743266537,False,True
39878184,16.69000000,2.35000000,39.22150000,1666743266675,True,True
39878185,16.70000000,3.30000000,55.11000000,1666743300330,False,True
39878186,16.70000000,12.50000000,208.75000000,1666743300330,False,True
39878187,16.70000000,3.76000000,62.79200000,1666743300330,False,True
39878188,16.70000000,13.02000000,217.43400000,1666743300330,False,True
39878189,16.70000000,2.70000000,45.09000000,1666743300353,True,True
39878190,16.71000000,39.97000000,667.89870000,1666743301677,False,True
39878191,16.71000000,10.49000000,175.28790000,1666743301677,False,True
39878192,16.71000000,0.96000000,16.04160000,1666743301677,False,True
39878193,16.71000000,2.99000000,49.96290000,1666743301677,False,True
39878194,16.71000000,1.00000000,16.71000000,1666743301677,False,True
39878195,16.71000000,56.10000000,937.43100000,1666743302550,True,True
39878196,16.71000000,58.00000000,969.18000000,1666743302557,True,True
39878197,16.71000000,1.20000000,20.05200000,1666743302557,True,True
39878198,16.71000000,13.20000000,220.57200000,1666743302557,True,True
39878199,16.71000000,2.46000000,41.10660000,1666743303161,False,True
39878200,16.71000000,61.06000000,1020.31260000,1666743308036,False,True
39878201,16.71000000,4.73000000,79.03830000,1666743308036,False,True
39878202,16.71000000,5.07000000,84.71970000,1666743308048,False,True
39878203,16.71000000,2.46000000,41.10660000,1666743308051,False,True
39878204,16.71000000,12.64000000,211.21440000,1666743308121,False,True
39878205,16.72000000,10.49000000,175.39280000,1666743309944,False,True
39878206,16.72000000,3.18000000,53.16960000,1666743309944,False,True
39878207,16.72000000,0.66000000,11.03520000,1666743309944,False,True
39878208,16.72000000,3.76000000,62.86720000,1666743309944,False,True
39878209,16.72000000,3.30000000,55.17600000,1666743309944,False,True
39878210,16.72000000,83.75000000,1400.30000000,1666743309944,False,True
39878211,16.72000000,30.46000000,509.29120000,1666743309980,False,True
39878212,16.72000000,20.07000000,335.57040000,1666743310191,True,True
39878213,16.72000000,30.69000000,513.13680000,1666743310323,True,True
39878214,16.72000000,1.41000000,23.57520000,1666743310323,True,True
39878215,16.72000000,15.92000000,266.18240000,1666743311965,True,True
39878216,16.72000000,14.09000000,235.58480000,1666743311965,True,True
39878217,16.72000000,1.40000000,23.40800000,1666743311965,True,True
39878218,16.72000000,20.05000000,335.23600000,1666743311980,True,True
39878219,16.72000000,108.82000000,1819.47040000,1666743311980,True,True
39878220,16.72000000,44.00000000,735.68000000,1666743311987,True,True
39878221,16.72000000,57.34000000,958.72480000,1666743311995,True,True
39878222,16.72000000,16.34000000,273.20480000,1666743312039,True,True
39878223,16.72000000,13.35000000,223.21200000,1666743313503,False,True
39878224,16.72000000,12.13000000,202.81360000,1666743313503,False,True
39878225,16.72000000,8.46000000,141.45120000,1666743313503,False,True
39878226,16.72000000,5.85000000,97.81200000,1666743313512,False,True
39878227,16.72000000,5.85000000,97.81200000,1666743313612,True,True
39878228,16.72000000,7.65000000,127.90800000,1666743313633,True,True
39878229,16.72000000,1.09000000,18.22480000,1666743316572,False,True
39878230,16.72000000,1.09000000,18.22480000,1666743316572,False,True
39878231,16.72000000,3.27000000,54.67440000,1666743317453,True,True
39878232,16.72000000,1.06000000,17.72320000,1666743317453,True,True
39878233,16.73000000,39.91000000,667.69430000,1666743317742,False,True
39878234,16.73000000,10.49000000,175.49770000,1666743317742,False,True
39878235,16.73000000,0.60000000,10.03800000,1666743317742,False,True
39878236,16.73000000,0.96000000,16.06080000,1666743317742,False,True
39878237,16.73000000,1.31000000,21.91630000,1666743317742,False,True
39878238,16.73000000,2.49000000,41.65770000,1666743317742,False,True
39878239,16.73000000,15.31000000,256.13630000,1666743317742,False,True
39878240,16.73000000,3.30000000,55.20900000,1666743317742,False,True
39878241,16.73000000,3.75000000,62.73750000,1666743317742,False,True
39878242,16.73000000,0.01000000,0.16730000,1666743317758,False,True
39878243,16.73000000,50.48000000,844.53040000,1666743317758,False,True
39878244,16.73000000,12.27000000,205.27710000,1666743317758,False,True
39878245,16.73000000,14.83000000,248.10590000,1666743317777,False,True
39878246,16.73000000,33.51000000,560.62230000,1666743317867,True,True
39878247,16.73000000,8.75000000,146.38750000,1666743318022,True,True
39878248,16.73000000,8.22000000,137.52060000,1666743318029,True,True
39878249,16.73000000,68.59000000,1147.51070000,1666743318029,True,True
39878250,16.73000000,14.27000000,238.73710000,1666743319202,False,True
39878251,16.73000000,39.84000000,666.52320000,1666743319202,False,True
39878252,16.73000000,16.45000000,275.20850000,1666743327330,True,True
39878253,16.72000000,16.34000000,273.20480000,1666743329520,True,True
39878254,16.72000000,18.14000000,303.30080000,1666743329520,True,True
39878255,16.72000000,3.76000000,62.86720000,1666743329520,True,True
39878256,16.72000000,0.73000000,12.20560000,1666743329520,True,True
39878257,16.72000000,0.73000000,12.20560000,1666743329520,True,True
39878258,16.72000000,0.73000000,12.20560000,1666743329520,True,True
39878259,16.72000000,48.34000000,808.24480000,1666743329520,True,True
39878260,16.72000000,14.75000000,246.62000000,1666743329520,True,True
39878261,16.72000000,15.81000000,264.34320000,1666743330201,False,True
39878262,16.72000000,17.19000000,287.41680000,1666743330201,False,True
39878263,16.72000000,33.77000000,564.63440000,1666743330211,False,True
39878264,16.72000000,57.34000000,958.72480000,1666743330212,False,True
39878265,16.72000000,10.76000000,179.90720000,1666743330215,False,True
39878266,16.72000000,17.01000000,284.40720000,1666743331087,True,True
39878267,16.72000000,11.96000000,199.97120000,1666743331616,False,True
39878268,16.72000000,1.19000000,19.89680000,1666743331616,False,True
39878269,16.72000000,7.65000000,127.90800000,1666743334854,False,True
39878270,16.72000000,6.20000000,103.66400000,1666743335177,False,True
39878271,16.72000000,13.91000000,232.57520000,1666743335362,True,True
39878272,16.72000000,36.56000000,611.28320000,1666743340525,True,True
39878273,16.72000000,273.19000000,4567.73680000,1666743340525,True,True
39878274,16.72000000,50.08000000,837.33760000,1666743360805,True,True
39878275,16.72000000,2.35000000,39.29200000,1666743377722,True,True
39878276,16.72000000,31.14000000,520.66080000,1666743377931,True,True
39878277,16.72000000,2.34000000,39.12480000,1666743379433,True,True
39878278,16.72000000,49.81000000,832.82320000,1666743379445,True,True
39878279,16.72000000,12.30000000,205.65600000,1666743385568,True,True
39878280,16.73000000,14.69000000,245.76370000,1666743405036,False,True
39878281,16.73000000,24.06000000,402.52380000,1666743406631,True,True
39878282,16.73000000,6.40000000,107.07200000,1666743406632,True,True
39878283,16.73000000,12.90000000,215.81700000,1666743406632,True,True
39878284,16.73000000,10.53000000,176.16690000,1666743406643,True,True
39878285,16.72000000,16.90000000,282.56800000,1666743425472,False,True
39878286,16.72000000,18.63000000,311.49360000,1666743425472,False,True
39878287,16.72000000,8.47000000,141.61840000,1666743425472,False,True
39878288,16.72000000,7.37000000,123.22640000,1666743425477,False,True
39878289,16.72000000,9.15000000,152.98800000,1666743425477,False,True
39878290,16.72000000,8.96000000,149.81120000,1666743427186,True,True
39878291,16.72000000,8.96000000,149.81120000,1666743427186,True,True
39878292,16.72000000,8.96000000,149.81120000,1666743427187,True,True
39878293,16.72000000,8.96000000,149.81120000,1666743427187,True,True
39878294,16.72000000,9.33000000,155.99760000,1666743427474,True,True
39878295,16.72000000,21.88000000,365.83360000,1666743427474,True,True
39878296,16.73000000,15.24000000,254.96520000,1666743439529,False,True
39878297,16.73000000,16.58000000,277.38340000,1666743439612,False,True
39878298,16.73000000,6.62000000,110.75260000,1666743439612,False,True
39878299,16.73000000,7.63000000,127.64990000,1666743439627,False,True
39878300,16.73000000,51.00000000,853.23000000,1666743439638,False,True
39878301,16.73000000,65.24000000,1091.46520000,1666743449413,True,True
39878302,16.72000000,1.74000000,29.09280000,1666743465037,True,True
39878303,16.73000000,53.83000000,900.57590000,1666743476618,False,True
39878304,16.73000000,2.39000000,39.98470000,1666743476618,False,True
39878305,16.73000000,65.23000000,1091.29790000,1666743476618,False,True
39878306,16.73000000,34.52000000,577.51960000,1666743476618,False,True
39878307,16.73000000,40.27000000,673.71710000,1666743476618,False,True
39878308,16.73000000,53.84000000,900.74320000,1666743477851,True,True
39878309,16.73000000,8.71000000,145.71830000,1666743477851,True,True
39878310,16.73000000,44.00000000,736.12000000,1666743477862,True,True
39878311,16.73000000,2.71000000,45.33830000,1666743479527,False,True
39878312,16.73000000,6.58000000,110.08340000,1666743486072,False,True
39878313,16.73000000,58.06000000,971.34380000,1666743486103,False,True
39878314,16.73000000,41.91000000,701.15430000,1666743486113,False,True
39878315,16.74000000,0.95000000,15.90300000,1666743501269,False,True
39878316,16.74000000,0.66000000,11.04840000,1666743501269,False,True
39878317,16.74000000,0.69000000,11.55060000,1666743501269,False,True
39878318,16.74000000,3.30000000,55.24200000,1666743501269,False,True
39878319,16.74000000,34.46000000,576.86040000,1666743501269,False,True
39878320,16.74000000,5.11000000,85.54140000,1666743501269,False,True
39878321,16.74000000,3.76000000,62.94240000,1666743501269,False,True
39878322,16.75000000,3.19000000,53.43250000,1666743505339,False,True
39878323,16.75000000,2.57000000,43.04750000,1666743505339,False,True
39878324,16.75000000,11.45000000,191.78750000,1666743505339,False,True
39878325,16.75000000,0.64000000,10.72000000,1666743505339,False,True
39878326,16.75000000,0.70000000,11.72500000,1666743505339,False,True
39878327,16.75000000,1.20000000,20.10000000,1666743505339,False,True
39878328,16.75000000,2.11000000,35.34250000,1666743505339,False,True
39878329,16.75000000,5.47000000,91.62250000,1666743505339,False,True
39878330,16.75000000,1.13000000,18.92750000,1666743505339,False,True
39878331,16.75000000,2.98000000,49.91500000,1666743505339,False,True
39878332,16.75000000,0.60000000,10.05000000,1666743505339,False,True
39878333,16.75000000,25.00000000,418.75000000,1666743505339,False,True
39878334,16.75000000,33.44000000,560.12000000,1666743505339,False,True
39878335,16.75000000,39.78000000,666.31500000,1666743505339,False,True
39878336,16.75000000,0.71000000,11.89250000,1666743505339,False,True
39878337,16.75000000,0.71000000,11.89250000,1666743505339,False,True
39878338,16.75000000,2.98000000,49.91500000,1666743505339,False,True
39878339,16.75000000,12.02000000,201.33500000,1666743505339,False,True
39878340,16.75000000,18.60000000,311.55000000,1666743505339,False,True
39878341,16.75000000,3.30000000,55.27500000,1666743505339,False,True
39878342,16.75000000,3.76000000,62.98000000,1666743505339,False,True
39878343,16.75000000,1.65000000,27.63750000,1666743505365,True,True
39878344,16.75000000,12.95000000,216.91250000,1666743505390,True,True
39878345,16.75000000,3.95000000,66.16250000,1666743505392,True,True
39878346,16.75000000,2.34000000,39.19500000,1666743505472,True,True
39878347,16.75000000,2.34000000,39.19500000,1666743505572,True,True
39878348,16.75000000,28.68000000,480.39000000,1666743507155,True,True
39878349,16.75000000,28.13000000,471.17750000,1666743507164,True,True
39878350,16.75000000,25.49000000,426.95750000,1666743512265,False,True
39878351,16.75000000,8.97000000,150.24750000,1666743513983,False,True
39878352,16.75000000,11.31000000,189.44250000,1666743513983,False,True
39878353,16.75000000,2.02000000,33.83500000,1666743519952,False,True
39878354,16.75000000,66.71000000,1117.39250000,1666743539539,False,True
39878355,16.75000000,30.46000000,510.20500000,1666743539539,False,True
39878356,16.75000000,3.83000000,64.15250000,1666743539539,False,True
39878357,16.75000000,1.19000000,19.93250000,1666743543448,False,True
39878358,16.75000000,34.83000000,583.40250000,1666743549390,False,True
39878359,16.75000000,53.65000000,898.63750000,1666743549390,False,True
39878360,16.75000000,5.68000000,95.14000000,1666743549528,False,True
39878361,16.75000000,1.18000000,19.76500000,1666743549528,False,True
39878362,16.75000000,10.77000000,180.39750000,1666743549531,False,True
39878363,16.75000000,2.38000000,39.86500000,1666743549531,False,True
39878364,16.75000000,10.50000000,175.87500000,1666743549666,True,True
39878365,16.76000000,1.31000000,21.95560000,1666743550949,False,True
39878366,16.76000000,2.48000000,41.56480000,1666743550949,False,True
39878367,16.76000000,0.71000000,11.89960000,1666743550949,False,True
39878368,16.76000000,0.75000000,12.57000000,1666743550949,False,True
39878369,16.76000000,1.87000000,31.34120000,1666743550949,False,True
39878370,16.76000000,0.72000000,12.06720000,1666743550949,False,True
39878371,16.76000000,0.74000000,12.40240000,1666743550949,False,True
39878372,16.76000000,0.83000000,13.91080000,1666743550949,False,True
39878373,16.76000000,25.00000000,419.00000000,1666743550949,False,True
39878374,16.76000000,1.15000000,19.27400000,1666743550949,False,True
39878375,16.76000000,9.55000000,160.05800000,1666743550949,False,True
39878376,16.76000000,1.61000000,26.98360000,1666743552788,False,True
39878377,16.76000000,0.95000000,15.92200000,1666743552788,False,True
39878378,16.76000000,3.03000000,50.78280000,1666743552788,False,True
39878379,16.76000000,83.46000000,1398.78960000,1666743552788,False,True
39878380,16.77000000,5.39000000,90.39030000,1666743553225,False,True
39878381,16.77000000,1.20000000,20.12400000,1666743553225,False,True
39878382,16.77000000,1.13000000,18.95010000,1666743553225,False,True
39878383,16.77000000,2.37000000,39.74490000,1666743553235,False,True
39878384,16.77000000,2.40000000,40.24800000,1666743553235,False,True
39878385,16.77000000,1.86000000,31.19220000,1666743553235,False,True
39878386,16.77000000,1.90000000,31.86300000,1666743553306,False,True
39878387,16.77000000,1.31000000,21.96870000,1666743553306,False,True
39878388,16.77000000,25.00000000,419.25000000,1666743553306,False,True
39878389,16.77000000,0.73000000,12.24210000,1666743553306,False,True
39878390,16.77000000,1.52000000,25.49040000,1666743553306,False,True
39878391,16.77000000,17.23000000,288.94710000,1666743553346,False,True
39878392,16.77000000,0.65000000,10.90050000,1666743553346,False,True
39878393,16.77000000,29.84000000,500.41680000,1666743553346,False,True
39878394,16.77000000,127.77000000,2142.70290000,1666743553354,False,True
39878395,16.77000000,0.66000000,11.06820000,1666743553354,False,True
39878396,16.77000000,10.49000000,175.91730000,1666743553354,False,True
39878397,16.77000000,3.30000000,55.34100000,1666743553354,False,True
39878398,16.77000000,12.02000000,201.57540000,1666743553354,False,True
39878399,16.77000000,3.76000000,63.05520000,1666743553354,False,True
39878400,16.77000000,4.01000000,67.24770000,1666743553354,False,True
39878401,16.77000000,26.00000000,436.02000000,1666743553354,False,True
39878402,16.77000000,6.20000000,103.97400000,1666743553354,False,True
39878403,16.77000000,18.60000000,311.92200000,1666743553354,False,True
39878404,16.77000000,1.02000000,17.10540000,1666743553988,True,True
39878405,16.78000000,1.31000000,21.98180000,1666743554050,False,True
39878406,16.78000000,7.45000000,125.01100000,1666743554050,False,True
39878407,16.78000000,1.58000000,26.51240000,1666743554050,False,True
39878408,16.78000000,0.27000000,4.53060000,1666743554355,False,True
39878409,16.78000000,0.76000000,12.75280000,1666743554355,False,True
39878410,16.78000000,1.82000000,30.53960000,1666743554355,False,True
39878411,16.78000000,3.33000000,55.87740000,1666743554355,False,True
39878412,16.78000000,13.79000000,231.39620000,1666743554355,False,True
39878413,16.78000000,11.21000000,188.10380000,1666743554396,False,True
39878414,16.78000000,0.95000000,15.94100000,1666743554396,False,True
39878415,16.78000000,2.55000000,42.78900000,1666743554396,False,True
39878416,16.78000000,1.00000000,16.78000000,1666743554396,False,True
39878417,16.78000000,0.88000000,14.76640000,1666743554396,False,True
39878418,16.78000000,2.10000000,35.23800000,1666743554405,False,True
39878419,16.78000000,10.49000000,176.02220000,1666743554405,False,True
39878420,16.78000000,18.49000000,310.26220000,1666743554405,False,True
39878421,16.78000000,48.48000000,813.49440000,1666743554405,False,True
39878422,16.78000000,2.23000000,37.41940000,1666743554605,True,True
39878423,16.78000000,2.23000000,37.41940000,1666743554605,True,True
39878424,16.78000000,2.23000000,37.41940000,1666743554605,True,True
39878425,16.78000000,2.23000000,37.41940000,1666743554607,True,True
39878426,16.78000000,2.23000000,37.41940000,1666743554609,True,True
39878427,16.78000000,2.23000000,37.41940000,1666743554612,True,True
39878428,16.78000000,1.52000000,25.50560000,1666743554665,True,True
39878429,16.78000000,1.52000000,25.50560000,1666743554669,True,True
39878430,16.78000000,1.52000000,25.50560000,1666743554670,True,True
39878431,16.78000000,1.52000000,25.50560000,1666743554672,True,True
39878432,16.78000000,1.52000000,25.50560000,1666743554672,True,True
39878433,16.78000000,1.52000000,25.50560000,1666743554680,True,True
39878434,16.78000000,3.33000000,55.87740000,1666743554992,True,True
39878435,16.78000000,58.72000000,985.32160000,1666743555262,True,True
39878436,16.78000000,13.15000000,220.65700000,1666743555265,True,True
39878437,16.78000000,47.19000000,791.84820000,1666743555267,True,True
39878438,16.78000000,1.03000000,17.28340000,1666743556003,False,True
39878439,16.77000000,115.24000000,1932.57480000,1666743557059,True,True
39878440,16.77000000,119.06000000,1996.63620000,1666743557059,True,True
39878441,16.77000000,34.49000000,578.39730000,1666743557059,True,True
39878442,16.77000000,36.53000000,612.60810000,1666743557059,True,True
39878443,16.77000000,88.00000000,1475.76000000,1666743557059,True,True
39878444,16.77000000,29.34000000,492.03180000,1666743557059,True,True
39878445,16.77000000,0.66000000,11.06820000,1666743557059,True,True
39878446,16.77000000,37.50000000,628.87500000,1666743557059,True,True
39878447,16.77000000,1.09000000,18.27930000,1666743557059,True,True
39878448,16.77000000,1.09000000,18.27930000,1666743557059,True,True
39878449,16.77000000,1.09000000,18.27930000,1666743557059,True,True
39878450,16.77000000,1.09000000,18.27930000,1666743557059,True,True
39878451,16.77000000,56.45000000,946.66650000,1666743557059,True,True
39878452,16.77000000,166.34000000,2789.52180000,1666743557059,True,True
39878453,16.78000000,1.81000000,30.37180000,1666743557693,False,True
39878454,16.77000000,8.61000000,144.38970000,1666743560618,True,True
39878455,16.77000000,1.58000000,26.49660000,1666743560618,True,True
39878456,16.78000000,23.89000000,400.87420000,1666743561410,False,True
39878457,16.78000000,23.89000000,400.87420000,1666743561410,False,True
39878458,16.78000000,0.44000000,7.38320000,1666743561410,False,True
39878459,16.78000000,23.45000000,393.49100000,1666743561450,False,True
39878460,16.78000000,23.89000000,400.87420000,1666743561450,False,True
39878461,16.78000000,23.89000000,400.87420000,1666743561450,False,True
39878462,16.78000000,0.01000000,0.16780000,1666743561450,False,True
39878463,16.78000000,30.46000000,511.11880000,1666743561710,False,True
39878464,16.78000000,30.46000000,511.11880000,1666743562954,True,True
39878465,16.78000000,1.09000000,18.29020000,1666743562954,True,True
39878466,16.78000000,1.09000000,18.29020000,1666743562954,True,True
39878467,16.78000000,21.46000000,360.09880000,1666743562954,True,True
39878468,16.78000000,31.01000000,520.34780000,1666743562954,True,True
39878469,16.78000000,3.48000000,58.39440000,1666743563088,True,True
39878470,16.78000000,1.09000000,18.29020000,1666743563088,True,True
39878471,16.78000000,9.03000000,151.52340000,1666743563088,True,True
39878472,16.78000000,32.02000000,537.29560000,1666743563605,True,True
39878473,16.78000000,39.75000000,667.00500000,1666743564986,True,True
39878474,16.78000000,39.75000000,667.00500000,1666743571394,False,True
39878475,16.78000000,0.59000000,9.90020000,1666743571816,False,True
39878476,16.77000000,7.67000000,128.62590000,1666743575616,True,True
39878477,16.77000000,11.92000000,199.89840000,1666743575616,True,True
39878478,16.78000000,1.24000000,20.80720000,1666743578259,True,True
39878479,16.78000000,2.75000000,46.14500000,1666743581894,True,True
39878480,16.79000000,2.48000000,41.63920000,1666743584800,False,True
39878481,16.79000000,3.23000000,54.23170000,1666743584800,False,True
39878482,16.79000000,0.63000000,10.57770000,1666743584800,False,True
39878483,16.78000000,11.77000000,197.50060000,1666743584993,True,True
39878484,16.78000000,15.67000000,262.94260000,1666743584993,True,True
39878485,16.78000000,1.09000000,18.29020000,1666743584993,True,True
39878486,16.78000000,1.09000000,18.29020000,1666743584993,True,True
39878487,16.78000000,1.09000000,18.29020000,1666743584993,True,True
39878488,16.78000000,1.11000000,18.62580000,1666743584993,True,True
39878489,16.78000000,1.09000000,18.29020000,1666743584993,True,True
39878490,16.78000000,0.90000000,15.10200000,1666743585376,False,True
39878491,16.78000000,30.46000000,511.11880000,1666743585586,False,True
39878492,16.78000000,2.38000000,39.93640000,1666743587219,True,True
39878493,16.78000000,39.74000000,666.83720000,1666743587219,True,True
39878494,16.78000000,1.09000000,18.29020000,1666743589295,True,True
39878495,16.78000000,39.81000000,668.01180000,1666743589295,True,True
39878496,16.78000000,30.46000000,511.11880000,1666743590795,True,True
39878497,16.77000000,11.59000000,194.36430000,1666743597383,True,True
39878498,16.77000000,2.38000000,39.91260000,1666743597383,True,True
39878499,16.77000000,11.11000000,186.31470000,1666743597383,True,True
39878500,16.77000000,30.46000000,510.81420000,1666743597423,False,True
39878501,16.77000000,62.91000000,1055.00070000,1666743597423,False,True
39878502,16.77000000,2.45000000,41.08650000,1666743601564,False,True
39878503,16.77000000,9.58000000,160.65660000,1666743601596,False,True
39878504,16.77000000,3.00000000,50.31000000,1666743602558,False,True
39878505,16.77000000,23.29000000,390.57330000,1666743602894,False,True
39878506,16.76000000,0.95000000,15.92200000,1666743614455,True,True
39878507,16.76000000,3.30000000,55.30800000,1666743614455,True,True
39878508,16.76000000,21.50000000,360.34000000,1666743614455,True,True
39878509,16.76000000,16.65000000,279.05400000,1666743618064,False,True
39878510,16.75000000,0.60000000,10.05000000,1666743626068,True,True
39878511,16.75000000,3.76000000,62.98000000,1666743626068,True,True
39878512,16.75000000,3.30000000,55.27500000,1666743626068,True,True
39878513,16.75000000,13.91000000,232.99250000,1666743627327,False,True
39878514,16.75000000,13.91000000,232.99250000,1666743627327,False,True
39878515,16.75000000,6.60000000,110.55000000,1666743627327,False,True
39878516,16.75000000,2.71000000,45.39250000,1666743628661,True,True
39878517,16.75000000,7.66000000,128.30500000,1666743633434,False,True
39878518,16.75000000,19.59000000,328.13250000,1666743633470,False,True
39878519,16.75000000,10.87000000,182.07250000,1666743633470,False,True
39878520,16.75000000,5.01000000,83.91750000,1666743633580,False,True
39878521,16.74000000,12.23000000,204.73020000,1666743641249,True,True
39878522,16.74000000,0.95000000,15.90300000,1666743641249,True,True
39878523,16.74000000,0.77000000,12.88980000,1666743641249,True,True
39878524,16.74000000,1.71000000,28.62540000,1666743641577,True,True
39878525,16.74000000,3.30000000,55.24200000,1666743641577,True,True
39878526,16.74000000,3.75000000,62.77500000,1666743641577,True,True
39878527,16.74000000,0.01000000,0.16740000,1666743641584,True,True
39878528,16.74000000,25.03000000,419.00220000,1666743641606,False,True
39878529,16.74000000,7.72000000,129.23280000,1666743641846,False,True
39878530,16.74000000,1.04000000,17.40960000,1666743641846,False,True
39878531,16.74000000,20.58000000,344.50920000,1666743643737,False,True
39878532,16.74000000,6.01000000,100.60740000,1666743643744,False,True
39878533,16.74000000,52.71000000,882.36540000,1666743643744,False,True
39878534,16.74000000,13.91000000,232.85340000,1666743643952,False,True
39878535,16.74000000,14.70000000,246.07800000,1666743643957,False,True
39878536,16.74000000,2.65000000,44.36100000,1666743643959,False,True
39878537,16.74000000,13.37000000,223.81380000,1666743643966,False,True
39878538,16.73000000,3.83000000,64.07590000,1666743644046,True,True
39878539,16.74000000,13.91000000,232.85340000,1666743645530,False,True
39878540,16.74000000,35.37000000,592.09380000,1666743645530,False,True
39878541,16.74000000,0.72000000,12.05280000,1666743646361,True,True
39878542,16.74000000,7.82000000,130.90680000,1666743652773,False,True
39878543,16.73000000,0.95000000,15.89350000,1666743662788,True,True
39878544,16.73000000,1.31000000,21.91630000,1666743662788,True,True
39878545,16.73000000,3.23000000,54.03790000,1666743662788,True,True
39878546,16.73000000,0.60000000,10.03800000,1666743662788,True,True
39878547,16.73000000,3.30000000,55.20900000,1666743662788,True,True
39878548,16.73000000,2.07000000,34.63110000,1666743662788,True,True
39878549,16.74000000,59.73000000,999.88020000,1666743666567,False,True
39878550,16.73000000,7.41000000,123.96930000,1666743667844,True,True
39878551,16.74000000,2.98000000,49.88520000,1666743672132,False,True
39878552,16.73000000,46.67000000,780.78910000,1666743678458,True,True
39878553,16.73000000,58.28000000,975.02440000,1666743678458,True,True
39878554,16.74000000,3.19000000,53.40060000,1666743683714,False,True
39878555,16.73000000,1.71000000,28.60830000,1666743683733,True,True
39878556,16.74000000,26.54000000,444.27960000,1666743685839,False,True
39878557,16.74000000,7.70000000,128.89800000,1666743685839,False,True
39878558,16.74000000,7.16000000,119.85840000,1666743685899,False,True
39878559,16.74000000,5.98000000,100.10520000,1666743686189,False,True
39878560,16.74000000,2.55000000,42.68700000,1666743686336,False,True
39878561,16.74000000,9.36000000,156.68640000,1666743686650,False,True
39878562,16.74000000,0.95000000,15.90300000,1666743686650,False,True
39878563,16.74000000,9.69000000,162.21060000,1666743686650,False,True
39878564,16.74000000,0.93000000,15.56820000,1666743686939,False,True
39878565,16.74000000,19.55000000,327.26700000,1666743687280,False,True
39878566,16.74000000,0.45000000,7.53300000,1666743687280,False,True
39878567,16.74000000,1.41000000,23.60340000,1666743688010,False,True
39878568,16.74000000,2.04000000,34.14960000,1666743689382,False,True
39878569,16.74000000,9.38000000,157.02120000,1666743689446,False,True
39878570,16.74000000,1.61000000,26.95140000,1666743689660,False,True
39878571,16.74000000,9.01000000,150.82740000,1666743689660,False,True
39878572,16.73000000,15.06000000,251.95380000,1666743690273,True,True
39878573,16.74000000,7.09000000,118.68660000,1666743690603,False,True
39878574,16.74000000,0.61000000,10.21140000,1666743690638,False,True
39878575,16.74000000,6.23000000,104.29020000,1666743690638,False,True
39878576,16.74000000,1.95000000,32.64300000,1666743690640,False,True
39878577,16.74000000,5.74000000,96.08760000,1666743690649,False,True
39878578,16.74000000,14.26000000,238.71240000,1666743690649,False,True
39878579,16.74000000,5.75000000,96.25500000,1666743690667,False,True
39878580,16.74000000,2.39000000,40.00860000,1666743690667,False,True
39878581,16.74000000,13.65000000,228.50100000,1666743690667,False,True
39878582,16.74000000,1.21000000,20.25540000,1666743697845,True,True
39878583,16.74000000,10.69000000,178.95060000,1666743700967,True,True
39878584,16.74000000,3.21000000,53.73540000,1666743709653,True,True
39878585,16.74000000,6.98000000,116.84520000,1666743714306,True,True
39878586,16.74000000,4.96000000,83.03040000,1666743715483,True,True
39878587,16.74000000,11.94000000,199.87560000,1666743715483,True,True
39878588,16.74000000,0.65000000,10.88100000,1666743715483,True,True
39878589,16.73000000,1.41000000,23.58930000,1666743715676,True,True
39878590,16.74000000,2.34000000,39.17160000,1666743715874,False,True
39878591,16.74000000,2.34000000,39.17160000,1666743716385,False,True
39878592,16.74000000,19.95000000,333.96300000,1666743718130,True,True
39878593,16.73000000,0.90000000,15.05700000,1666743722720,True,True
39878594,16.73000000,0.91000000,15.22430000,1666743724695,True,True
39878595,16.73000000,1.18000000,19.74140000,1666743728036,True,True
39878596,16.74000000,0.59000000,9.87660000,1666743732349,False,True
39878597,16.73000000,1.80000000,30.11400000,1666743735335,True,True
39878598,16.74000000,18.34000000,307.01160000,1666743741918,False,True
39878599,16.74000000,1.20000000,20.08800000,1666743747041,False,True
39878600,16.74000000,12.84000000,214.94160000,1666743748496,True,True
39878601,16.74000000,12.84000000,214.94160000,1666743748496,True,True
39878602,16.74000000,18.93000000,316.88820000,1666743748496,True,True
39878603,16.73000000,3.51000000,58.72230000,1666743748496,True,True
39878604,16.73000000,1.60000000,26.76800000,1666743753174,True,True
39878605,16.73000000,4.09000000,68.42570000,1666743753174,True,True
39878606,16.73000000,1.52000000,25.42960000,1666743755572,True,True
39878607,16.74000000,5.04000000,84.36960000,1666743771791,True,True
39878608,16.73000000,6.10000000,102.05300000,1666743783076,True,True
39878609,16.73000000,2.25000000,37.64250000,1666743783902,True,True
39878610,16.73000000,2.79000000,46.67670000,1666743790721,True,True
39878611,16.73000000,22.33000000,373.58090000,1666743793341,True,True
39878612,16.73000000,0.95000000,15.89350000,1666743794536,True,True
39878613,16.73000000,2.81000000,47.01130000,1666743794536,True,True
39878614,16.72000000,2.06000000,34.44320000,1666743798938,True,True
39878615,16.73000000,15.85000000,265.17050000,1666743799461,False,True
39878616,16.73000000,6.83000000,114.26590000,1666743802873,True,True
39878617,16.74000000,6.22000000,104.12280000,1666743837365,False,True
39878618,16.73000000,42.67000000,713.86910000,1666743847074,True,True
39878619,16.73000000,20.17000000,337.44410000,1666743847074,True,True
39878620,16.74000000,9.50000000,159.03000000,1666743854700,False,True
39878621,16.73000000,20.35000000,340.45550000,1666743859550,True,True
39878622,16.74000000,4.90000000,82.02600000,1666743861205,False,True
39878623,16.73000000,7.62000000,127.48260000,1666743861387,True,True
39878624,16.73000000,26.74000000,447.36020000,1666743861387,True,True
39878625,16.73000000,25.38000000,424.60740000,1666743861387,True,True
39878626,16.73000000,12.07000000,201.93110000,1666743874973,True,True
39878627,16.73000000,11.95000000,199.92350000,1666743874973,True,True
39878628,16.73000000,11.95000000,199.92350000,1666743874973,True,True
39878629,16.73000000,11.95000000,199.92350000,1666743874973,True,True
39878630,16.73000000,11.95000000,199.92350000,1666743874973,True,True
39878631,16.73000000,20.62000000,344.97260000,1666743879755,True,True
39878632,16.73000000,233.67000000,3909.29910000,1666743879755,True,True
39878633,16.73000000,30.46000000,509.59580000,1666743879810,False,True
39878634,16.73000000,20.62000000,344.97260000,1666743906064,False,True
39878635,16.73000000,23.29000000,389.64170000,1666743906064,False,True
39878636,16.73000000,17.48000000,292.44040000,1666743906064,False,True
39878637,16.73000000,15.24000000,254.96520000,1666743906064,False,True
39878638,16.73000000,18.88000000,315.86240000,1666743906064,False,True
39878639,16.74000000,3.05000000,51.05700000,1666743906645,False,True
39878640,16.72000000,38.31000000,640.54320000,1666743914243,True,True
39878641,16.72000000,0.66000000,11.03520000,1666743914243,True,True
39878642,16.72000000,3.23000000,54.00560000,1666743914243,True,True
39878643,16.72000000,0.07000000,1.17040000,1666743914369,True,True
39878644,16.72000000,5.41000000,90.45520000,1666743914369,True,True
39878645,16.72000000,3.76000000,62.86720000,1666743914369,True,True
39878646,16.72000000,12.20000000,203.98400000,1666743914369,True,True
39878647,16.72000000,95.51000000,1596.92720000,1666743914377,True,True
39878648,16.72000000,41.99000000,702.07280000,1666743914380,True,True
39878649,16.72000000,206.84000000,3458.36480000,1666743914391,True,True
39878650,16.72000000,102.91000000,1720.65520000,1666743914391,True,True
39878651,16.72000000,19.75000000,330.22000000,1666743914393,True,True
39878652,16.72000000,57.55000000,962.23600000,1666743914398,True,True
39878653,16.72000000,44.00000000,735.68000000,1666743914409,True,True
39878654,16.71000000,0.96000000,16.04160000,1666743923192,True,True
39878655,16.71000000,0.73000000,12.19830000,1666743923192,True,True
39878656,16.71000000,0.65000000,10.86150000,1666743923192,True,True
39878657,16.71000000,1.19000000,19.88490000,1666743923192,True,True
39878658,16.71000000,0.75000000,12.53250000,1666743923192,True,True
39878659,16.72000000,34.55000000,577.67600000,1666743937310,False,True
39878660,16.72000000,0.85000000,14.21200000,1666743937380,False,True
39878661,16.72000000,39.69000000,663.61680000,1666743937380,False,True
39878662,16.73000000,0.96000000,16.06080000,1666743939929,False,True
39878663,16.73000000,0.53000000,8.86690000,1666743939929,False,True
39878664,16.72000000,40.54000000,677.82880000,1666743940316,True,True
39878665,16.73000000,25.30000000,423.26900000,1666743949574,False,True
39878666,16.73000000,1.61000000,26.93530000,1666743949626,True,True
39878667,16.74000000,33.65000000,563.30100000,1666743953939,False,True
39878668,16.74000000,7.70000000,128.89800000,1666743962432,False,True
39878669,16.74000000,7.43000000,124.37820000,1666743962551,False,True
39878670,16.74000000,0.95000000,15.90300000,1666743962661,False,True
39878671,16.74000000,5.07000000,84.87180000,1666743962661,False,True
39878672,16.74000000,6.88000000,115.17120000,1666743962669,False,True
39878673,16.74000000,3.30000000,55.24200000,1666743962669,False,True
39878674,16.74000000,3.76000000,62.94240000,1666743962669,False,True
39878675,16.74000000,23.72000000,397.07280000,1666743962669,False,True
39878676,16.74000000,14.27000000,238.87980000,1666743962669,False,True
39878677,16.74000000,11.94000000,199.87560000,1666743962753,True,True
39878678,16.75000000,0.60000000,10.05000000,1666743983896,False,True
39878679,16.75000000,3.30000000,55.27500000,1666743983896,False,True
39878680,16.75000000,64.55000000,1081.21250000,1666743983896,False,True
39878681,16.76000000,10.49000000,175.81240000,1666743989724,False,True
39878682,16.76000000,0.95000000,15.92200000,1666743989724,False,True
39878683,16.76000000,2.98000000,49.94480000,1666743989724,False,True
39878684,16.76000000,18.60000000,311.73600000,1666743989724,False,True
39878685,16.76000000,3.44000000,57.65440000,1666743989724,False,True
39878686,16.76000000,3.30000000,55.30800000,1666743989724,False,True
39878687,16.76000000,3.76000000,63.01760000,1666743989724,False,True
39878688,16.76000000,2.38000000,39.88880000,1666743989724,False,True
39878689,16.76000000,4.08000000,68.38080000,1666743989746,True,True
39878690,16.76000000,1.83000000,30.67080000,1666743989782,True,True
39878691,16.76000000,1.83000000,30.67080000,1666743989816,True,True
39878692,16.76000000,1.87000000,31.34120000,1666743989865,True,True
39878693,16.76000000,1.39000000,23.29640000,1666743989935,True,True
39878694,16.76000000,1.20000000,20.11200000,1666743990031,True,True
39878695,16.76000000,106.86000000,1790.97360000,1666743990041,True,True
39878696,16.75000000,0.99000000,16.58250000,1666743995370,True,True
39878697,16.75000000,44.19000000,740.18250000,1666744040598,True,True
39878698,16.75000000,15.23000000,255.10250000,1666744040598,True,True
39878699,16.75000000,0.75000000,12.56250000,1666744040621,True,True
39878700,16.75000000,3.30000000,55.27500000,1666744040621,True,True
39878701,16.75000000,3.76000000,62.98000000,1666744040621,True,True
39878702,16.75000000,1.09000000,18.25750000,1666744040621,True,True
39878703,16.75000000,10.54000000,176.54500000,1666744040621,True,True
39878704,16.75000000,11.93000000,199.82750000,1666744040621,True,True
39878705,16.75000000,16.00000000,268.00000000,1666744040621,True,True
39878706,16.75000000,2.77000000,46.39750000,1666744040645,False,True
39878707,16.75000000,54.93000000,920.07750000,1666744051284,False,True
39878708,16.75000000,35.25000000,590.43750000,1666744051845,False,True
39878709,16.75000000,2.38000000,39.86500000,1666744051867,False,True
39878710,16.76000000,12.10000000,202.79600000,1666744054368,False,True
39878711,16.76000000,23.61000000,395.70360000,1666744054368,False,True
39878712,16.76000000,3.29000000,55.14040000,1666744054368,False,True
39878713,16.76000000,0.90000000,15.08400000,1666744055729,True,True
39878714,16.76000000,2.34000000,39.21840000,1666744055787,True,True
39878715,16.75000000,1.74000000,29.14500000,1666744069482,True,True
39878716,16.76000000,5.05000000,84.63800000,1666744069802,False,True
39878717,16.76000000,2.38000000,39.88880000,1666744069802,False,True
39878718,16.76000000,20.00000000,335.20000000,1666744069848,True,True
39878719,16.76000000,21.13000000,354.13880000,1666744072122,True,True
39878720,16.76000000,10.97000000,183.85720000,1666744072122,True,True
39878721,16.76000000,46.43000000,778.16680000,1666744075524,True,True
39878722,16.76000000,9.49000000,159.05240000,1666744075539,True,True
39878723,16.76000000,39.79000000,666.88040000,1666744075539,True,True
39878724,16.76000000,8.06000000,135.08560000,1666744075539,True,True
39878725,16.76000000,77.86000000,1304.93360000,1666744075548,True,True
39878726,16.77000000,0.60000000,10.06200000,1666744092140,False,True
39878727,16.77000000,0.66000000,11.06820000,1666744092140,False,True
39878728,16.77000000,22.26000000,373.30020000,1666744092140,False,True
39878729,16.77000000,3.76000000,63.05520000,1666744092140,False,True
39878730,16.77000000,3.30000000,55.34100000,1666744092140,False,True
39878731,16.77000000,41.93000000,703.16610000,1666744092140,False,True
39878732,16.77000000,11.94000000,200.23380000,1666744092140,False,True
39878733,16.77000000,1.09000000,18.27930000,1666744092140,False,True
39878734,16.77000000,2.38000000,39.91260000,1666744092140,False,True
39878735,16.77000000,2.30000000,38.57100000,1666744092166,True,True
39878736,16.77000000,92.95000000,1558.77150000,1666744093215,True,True
39878737,16.77000000,10.97000000,183.96690000,1666744095542,False,True
39878738,16.77000000,119.06000000,1996.63620000,1666744095542,False,True
39878739,16.77000000,20.59000000,345.29430000,1666744095542,False,True
39878740,16.77000000,15.76000000,264.29520000,1666744095542,False,True
39878741,16.77000000,12.18000000,204.25860000,1666744095564,False,True
39878742,16.77000000,2.38000000,39.91260000,1666744095564,False,True
39878743,16.77000000,35.25000000,591.14250000,1666744097425,True,True
39878744,16.77000000,66.98000000,1123.25460000,1666744097427,True,True
39878745,16.77000000,16.83000000,282.23910000,1666744097435,True,True
39878746,16.76000000,1.70000000,28.49200000,1666744097464,True,True
39878747,16.77000000,32.81000000,550.22370000,1666744105113,False,True
39878748,16.77000000,3.84000000,64.39680000,1666744105801,True,True
39878749,16.77000000,1.14000000,19.11780000,1666744134094,False,True
39878750,16.76000000,91.25000000,1529.35000000,1666744141045,True,True
39878751,16.76000000,12.86000000,215.53360000,1666744141045,True,True
39878752,16.76000000,3.30000000,55.30800000,1666744141045,True,True
39878753,16.76000000,11.57000000,193.91320000,1666744141045,True,True
39878754,16.76000000,51.03000000,855.26280000,1666744141045,True,True
39878755,16.76000000,11.93000000,199.94680000,1666744141045,True,True
39878756,16.76000000,11.93000000,199.94680000,1666744141045,True,True
39878757,16.76000000,11.93000000,199.94680000,1666744141045,True,True
39878758,16.76000000,14.11000000,236.48360000,1666744152200,False,True
39878759,16.76000000,18.61000000,311.90360000,1666744152200,False,True
39878760,16.76000000,15.27000000,255.92520000,1666744152200,False,True
39878761,16.76000000,11.67000000,195.58920000,1666744152200,False,True
39878762,16.76000000,2.38000000,39.88880000,1666744152634,False,True
39878763,16.76000000,91.25000000,1529.35000000,1666744152634,False,True
39878764,16.77000000,119.62000000,2006.02740000,1666744161401,False,True
39878765,16.77000000,12.25000000,205.43250000,1666744161401,False,True
39878766,16.77000000,39.71000000,665.93670000,1666744161401,False,True
39878767,16.77000000,5.88000000,98.60760000,1666744161401,False,True
39878768,16.77000000,18.60000000,311.92200000,1666744161401,False,True
39878769,16.77000000,35.03000000,587.45310000,1666744161575,True,True
39878770,16.77000000,14.56000000,244.17120000,1666744162147,True,True
39878771,16.77000000,25.15000000,421.76550000,1666744162150,True,True
39878772,16.77000000,44.32000000,743.24640000,1666744162154,True,True
39878773,16.77000000,1.09000000,18.27930000,1666744168858,False,True
39878774,16.77000000,18.60000000,311.92200000,1666744168858,False,True
39878775,16.77000000,2.38000000,39.91260000,1666744168858,False,True
39878776,16.77000000,13.05000000,218.84850000,1666744171494,True,True
39878777,16.77000000,17.41000000,291.96570000,1666744171741,True,True
39878778,16.77000000,1.64000000,27.50280000,1666744171741,True,True
39878779,16.77000000,49.13000000,823.91010000,1666744176520,True,True
39878780,16.77000000,15.82000000,265.30140000,1666744176520,True,True
39878781,16.77000000,2.87000000,48.12990000,1666744185846,False,True
39878782,16.77000000,116.19000000,1948.50630000,1666744216122,False,True
39878783,16.77000000,30.46000000,510.81420000,1666744216122,False,True
39878784,16.77000000,2.38000000,39.91260000,1666744216122,False,True
39878785,16.77000000,2.38000000,39.91260000,1666744227187,False,True
39878786,16.78000000,0.95000000,15.94100000,1666744228505,False,True
39878787,16.78000000,1.31000000,21.98180000,1666744228505,False,True
39878788,16.78000000,3.76000000,63.09280000,1666744228505,False,True
39878789,16.78000000,8.94000000,150.01320000,1666744228569,False,True
39878790,16.78000000,25.38000000,425.87640000,1666744228569,False,True
39878791,16.78000000,3.30000000,55.37400000,1666744228569,False,True
39878792,16.78000000,15.06000000,252.70680000,1666744228569,False,True
39878793,16.78000000,3.76000000,63.09280000,1666744228569,False,True
39878794,16.78000000,12.70000000,213.10600000,1666744228569,False,True
39878795,16.78000000,2.34000000,39.26520000,1666744228618,True,True
39878796,16.78000000,2.34000000,39.26520000,1666744228692,True,True
39878797,16.79000000,0.07000000,1.17530000,1666744232505,False,True
39878798,16.79000000,1.19000000,19.98010000,1666744232505,False,True
39878799,16.79000000,0.71000000,11.92090000,1666744232505,False,True
39878800,16.79000000,1.46000000,24.51340000,1666744232505,False,True
39878801,16.79000000,0.70000000,11.75300000,1666744232505,False,True
39878802,16.79000000,0.78000000,13.09620000,1666744232505,False,True
39878803,16.79000000,6.83000000,114.67570000,1666744232505,False,True
39878804,16.78000000,114.38000000,1919.29640000,1666744234981,True,True
39878805,16.78000000,17.75000000,297.84500000,1666744234981,True,True
39878806,16.78000000,57.34000000,962.16520000,1666744235649,False,True
39878807,16.78000000,61.72000000,1035.66160000,1666744235657,False,True
39878808,16.78000000,34.43000000,577.73540000,1666744241779,True,True
39878809,16.78000000,57.35000000,962.33300000,1666744241779,True,True
39878810,16.78000000,44.97000000,754.59660000,1666744241779,True,True
39878811,16.78000000,47.14000000,791.00920000,1666744241779,True,True
39878812,16.78000000,14.57000000,244.48460000,1666744241789,True,True
39878813,16.78000000,10.73000000,180.04940000,1666744241789,True,True
39878814,16.78000000,16.58000000,278.21240000,1666744241790,True,True
39878815,16.78000000,46.57000000,781.44460000,1666744241790,True,True
39878816,16.77000000,40.04000000,671.47080000,1666744249067,True,True
39878817,16.77000000,12.09000000,202.74930000,1666744249336,False,True
39878818,16.76000000,0.95000000,15.92200000,1666744266641,True,True
39878819,16.76000000,3.30000000,55.30800000,1666744266641,True,True
39878820,16.76000000,3.76000000,63.01760000,1666744266641,True,True
39878821,16.76000000,12.67000000,212.34920000,1666744266641,True,True
39878822,16.76000000,34.55000000,579.05800000,1666744268630,False,True
39878823,16.76000000,84.51000000,1416.38760000,1666744268637,False,True
39878824,16.77000000,20.34000000,341.10180000,1666744268646,False,True
39878825,16.77000000,14.24000000,238.80480000,1666744268646,False,True
39878826,16.76000000,34.56000000,579.22560000,1666744270176,True,True
39878827,16.76000000,23.09000000,386.98840000,1666744270176,True,True
39878828,16.76000000,25.51000000,427.54760000,1666744273737,True,True
39878829,16.76000000,35.90000000,601.68400000,1666744273746,True,True
39878830,16.76000000,38.08000000,638.22080000,1666744273746,True,True
39878831,16.76000000,20.63000000,345.75880000,1666744274470,False,True
39878832,16.76000000,4.88000000,81.78880000,1666744276376,False,True
39878833,16.76000000,164.91000000,2763.89160000,1666744276376,False,True
39878834,16.76000000,44.00000000,737.44000000,1666744276391,False,True
39878835,16.76000000,14.75000000,247.21000000,1666744283330,False,True
39878836,16.76000000,34.83000000,583.75080000,1666744283332,False,True
39878837,16.76000000,69.48000000,1164.48480000,1666744283338,False,True
39878838,16.77000000,9.02000000,151.26540000,1666744288911,False,True
39878839,16.77000000,2.90000000,48.63300000,1666744288925,False,True
39878840,16.77000000,5.11000000,85.69470000,1666744288925,False,True
39878841,16.77000000,1.20000000,20.12400000,1666744289211,False,True
39878842,16.77000000,5.62000000,94.24740000,1666744289325,False,True
39878843,16.77000000,11.92000000,199.89840000,1666744289325,False,True
39878844,16.77000000,2.54000000,42.59580000,1666744289325,False,True
39878845,16.77000000,9.40000000,157.63800000,1666744289331,False,True
39878846,16.77000000,10.60000000,177.76200000,1666744289331,False,True
39878847,16.77000000,1.33000000,22.30410000,1666744289333,False,True
39878848,16.77000000,11.93000000,200.06610000,1666744289333,False,True
39878849,16.77000000,11.94000000,200.23380000,1666744289333,False,True
39878850,16.77000000,5.70000000,95.58900000,1666744289333,False,True
39878851,16.77000000,1.98000000,33.20460000,1666744289336,False,True
39878852,16.77000000,4.24000000,71.10480000,1666744289339,False,True
39878853,16.78000000,1.50000000,25.17000000,1666744294101,False,True
39878854,16.78000000,0.95000000,15.94100000,1666744294101,False,True
39878855,16.78000000,3.30000000,55.37400000,1666744294101,False,True
39878856,16.78000000,3.76000000,63.09280000,1666744294101,False,True
39878857,16.78000000,119.06000000,1997.82680000,1666744301171,True,True
39878858,16.78000000,34.44000000,577.90320000,1666744301171,True,True
39878859,16.78000000,34.46000000,578.23880000,1666744301171,True,True
39878860,16.78000000,11.91000000,199.84980000,1666744301171,True,True
39878861,16.78000000,11.91000000,199.84980000,1666744301171,True,True
39878862,16.78000000,11.91000000,199.84980000,1666744301171,True,True
39878863,16.78000000,55.32000000,928.26960000,1666744301171,True,True
39878864,16.78000000,30.74000000,515.81720000,1666744301171,True,True
39878865,16.78000000,15.40000000,258.41200000,1666744301172,True,True
39878866,16.78000000,2.00000000,33.56000000,1666744312137,False,True
39878867,16.77000000,34.46000000,577.89420000,1666744315098,True,True
39878868,16.77000000,34.48000000,578.22960000,1666744315098,True,True
39878869,16.77000000,13.59000000,227.90430000,1666744315098,True,True
39878870,16.77000000,39.78000000,667.11060000,1666744315098,True,True
39878871,16.77000000,5.96000000,99.94920000,1666744315098,True,True
39878872,16.77000000,22.23000000,372.79710000,1666744315098,True,True
39878873,16.77000000,21.31000000,357.36870000,1666744315296,True,True
39878874,16.77000000,11.92000000,199.89840000,1666744315296,True,True
39878875,16.77000000,11.92000000,199.89840000,1666744315296,True,True
39878876,16.77000000,11.92000000,199.89840000,1666744315296,True,True
39878877,16.77000000,11.92000000,199.89840000,1666744315296,True,True
39878878,16.77000000,11.92000000,199.89840000,1666744315296,True,True
39878879,16.77000000,9.74000000,163.33980000,1666744315296,True,True
39878880,16.77000000,49.84000000,835.81680000,1666744315313,True,True
39878881,16.77000000,9.56000000,160.32120000,1666744315325,True,True
39878882,16.77000000,104.25000000,1748.27250000,1666744315331,True,True
39878883,16.77000000,9.42000000,157.97340000,1666744315435,True,True
39878884,16.77000000,9.29000000,155.79330000,1666744315455,True,True
39878885,16.77000000,12.27000000,205.76790000,1666744315502,False,True
39878886,16.77000000,10.14000000,170.04780000,1666744316142,False,True
39878887,16.77000000,1.83000000,30.68910000,1666744316439,False,True
39878888,16.77000000,10.14000000,170.04780000,1666744321016,True,True
39878889,16.77000000,15.71000000,263.45670000,1666744331504,False,True
39878890,16.77000000,18.41000000,308.73570000,1666744331504,False,True
39878891,16.77000000,1.09000000,18.27930000,1666744331504,False,True
39878892,16.77000000,30.96000000,519.19920000,1666744331504,False,True
39878893,16.77000000,1.09000000,18.27930000,1666744331504,False,True
39878894,16.77000000,1.09000000,18.27930000,1666744331504,False,True
39878895,16.77000000,1.09000000,18.27930000,1666744331504,False,True
39878896,16.77000000,29.72000000,498.40440000,1666744331504,False,True
39878897,16.76000000,0.95000000,15.92200000,1666744333341,True,True
39878898,16.76000000,3.30000000,55.30800000,1666744333341,True,True
39878899,16.76000000,3.76000000,63.01760000,1666744333341,True,True
39878900,16.75000000,0.60000000,10.05000000,1666744359014,True,True
39878901,16.75000000,3.30000000,55.27500000,1666744359014,True,True
39878902,16.75000000,3.76000000,62.98000000,1666744359014,True,True
39878903,16.75000000,2.97000000,49.74750000,1666744359036,False,True
39878904,16.75000000,12.21000000,204.51750000,1666744360990,False,True
39878905,16.75000000,4.68000000,78.39000000,1666744360990,False,True
39878906,16.75000000,20.65000000,345.88750000,1666744381772,False,True
39878907,16.74000000,0.95000000,15.90300000,1666744423420,True,True
39878908,16.73000000,67.37000000,1127.10010000,1666744423420,True,True
39878909,16.73000000,0.95000000,15.89350000,1666744426027,True,True
39878910,16.73000000,12.02000000,201.09460000,1666744426027,True,True
39878911,16.73000000,0.94000000,15.72620000,1666744426027,True,True
39878912,16.73000000,1.31000000,21.91630000,1666744426027,True,True
39878913,16.73000000,0.60000000,10.03800000,1666744426027,True,True
39878914,16.73000000,3.30000000,55.20900000,1666744426027,True,True
39878915,16.73000000,3.76000000,62.90480000,1666744426027,True,True
39878916,16.73000000,34.43000000,576.01390000,1666744426027,True,True
39878917,16.73000000,32.74000000,547.74020000,1666744426099,True,True
39878918,16.73000000,3.41000000,57.04930000,1666744426109,False,True
