851741,24.00240000,0.66000000,15.84158400,1614556803437,False,True
851742,24.03940000,1.75000000,42.06895000,1614556813718,False,True
851743,24.04710000,0.69000000,16.59249900,1614556813718,False,True
851744,24.08650000,59.75000000,1439.16837500,1614556813718,False,True
851745,24.08690000,1.00000000,24.08690000,1614556813718,False,True
851746,24.11020000,0.65000000,15.67163000,1614556813718,False,True
851747,24.13080000,18.20000000,439.18056000,1614556813718,False,True
851748,24.14990000,113.70000000,2745.84363000,1614556813718,False,True
851749,24.15000000,8.15000000,196.82250000,1614556813718,False,True
851750,24.16780000,10.55000000,254.97029000,1614556813718,False,True
851751,24.19360000,0.69000000,16.69358400,1614556813718,False,True
851752,24.21850000,0.65000000,15.74202500,1614556813718,False,True
851753,24.25750000,10.48000000,254.21860000,1614556813718,False,True
851754,24.06200000,0.65000000,15.64030000,1614556820419,True,True
851755,24.12960000,1.86000000,44.88105600,1614556826576,False,True
851756,24.21850000,0.65000000,15.74202500,1614556907621,False,True
851757,24.06200000,0.65000000,15.64030000,1614556978885,True,True
851758,24.16100000,0.84000000,20.29524000,1614556987281,False,True
851759,24.16100000,61.45000000,1484.69345000,1614556987281,False,True
851760,24.16110000,17.73000000,428.37630300,1614556987281,False,True
851761,24.16120000,21.78000000,526.23093600,1614556987281,False,True
851762,24.16100000,0.84000000,20.29524000,1614557001053,False,True
851763,24.16110000,58.06000000,1402.79346600,1614557001053,False,True
851764,24.16100000,0.42000000,10.14762000,1614557005617,True,True
851765,24.04710000,0.69000000,16.59249900,1614557029233,True,True
851766,24.01750000,18.74000000,450.08795000,1614557033179,True,True
851767,24.01750000,4.08000000,97.99140000,1614557033192,True,True
851768,23.97980000,0.63000000,15.10727400,1614557040413,True,True
851769,23.97980000,1.15000000,27.57677000,1614557041044,True,True
851770,23.97980000,0.69000000,16.54606200,1614557041163,True,True
851771,23.97980000,2.09000000,50.11778200,1614557041172,True,True
851772,23.97980000,1.08000000,25.89818400,1614557041717,True,True
851773,23.97980000,0.65000000,15.58687000,1614557041801,True,True
851774,23.97970000,0.63000000,15.10721100,1614557041801,True,True
851775,23.95930000,0.65000000,15.57354500,1614557041808,True,True
851776,23.95940000,1.00000000,23.95940000,1614557042417,True,True
851777,23.95940000,1.66000000,39.77260400,1614557042509,True,True
851778,23.95910000,1.66000000,39.77210600,1614557042526,True,True
851779,23.95920000,4.78000000,114.52497600,1614557043439,True,True
851780,23.95920000,4.78000000,114.52497600,1614557043440,True,True
851781,23.95920000,10.78000000,258.28017600,1614557043449,True,True
851782,23.95910000,0.47000000,11.26077700,1614557043717,True,True
851783,23.95910000,4.30000000,103.02413000,1614557044200,True,True
851784,23.95910000,0.01000000,0.23959100,1614557044201,True,True
851785,23.95770000,1.22000000,29.22839400,1614557044355,True,True
851786,23.95770000,2.50000000,59.89425000,1614557044805,True,True
851787,23.95770000,1.20000000,28.74924000,1614557044840,True,True
851788,23.95770000,0.03000000,0.71873100,1614557044899,True,True
851789,23.95530000,4.10000000,98.21673000,1614557044923,True,True
851790,23.95440000,0.65000000,15.57036000,1614557045003,True,True
851791,23.95300000,5.25000000,125.75325000,1614557046027,False,True
851792,23.92850000,4.67000000,111.74609500,1614557056159,False,True
851793,23.93320000,6.52000000,156.04446400,1614557061160,False,True
851794,23.93180000,21.21000000,507.59347800,1614557062513,False,True
851795,23.94160000,16.61000000,397.66997600,1614557062605,False,True
851796,23.94160000,5.00000000,119.70800000,1614557062608,False,True
851797,23.94160000,1.47000000,35.19415200,1614557062612,False,True
851798,23.94830000,24.60000000,589.12818000,1614557063478,False,True
851799,23.99200000,0.65000000,15.59480000,1614557069106,False,True
851800,24.00560000,20.34000000,488.27390400,1614557085049,False,True
851801,23.91300000,1.00000000,23.91300000,1614557111294,True,True
851802,23.90160000,0.69000000,16.49210400,1614557113075,True,True
851803,23.89730000,5.00000000,119.48650000,1614557115995,False,True
851804,23.91250000,6.28000000,150.17050000,1614557116163,False,True
851805,23.91250000,6.28000000,150.17050000,1614557116169,False,True
851806,23.91250000,5.00000000,119.56250000,1614557116178,False,True
851807,23.88380000,5.00000000,119.41900000,1614557124716,False,True
851808,23.88380000,5.00000000,119.41900000,1614557124719,False,True
851809,23.88380000,11.07000000,264.39366600,1614557124723,False,True
851810,23.86980000,20.18000000,481.69256400,1614557127760,True,True
851811,23.86040000,6.43000000,153.42237200,1614557127840,True,True
851812,23.86030000,18.57000000,443.08577100,1614557127840,True,True
851813,23.86030000,1.77000000,42.23273100,1614557144199,True,True
851814,23.85960000,23.23000000,554.25850800,1614557144199,True,True
851815,23.84800000,3.24000000,77.26752000,1614557158167,True,True
851816,23.84730000,0.66000000,15.73921800,1614557158184,True,True
851817,23.84730000,5.24000000,124.95985200,1614557166757,False,True
851818,23.88610000,20.18000000,482.02149800,1614557178573,False,True
851819,23.88680000,6.43000000,153.59212400,1614557178746,False,True
851820,23.88690000,1.66000000,39.65225400,1614557178801,False,True
851821,23.88690000,1.00000000,23.88690000,1614557178801,False,True
851822,23.86180000,4.90000000,116.92282000,1614557182130,True,True
851823,23.86180000,20.20000000,482.00836000,1614557182130,True,True
851824,23.85970000,6.28000000,149.83891600,1614557182134,True,True
851825,23.85970000,6.28000000,149.83891600,1614557182134,True,True
851826,23.85970000,32.05000000,764.70338500,1614557182141,True,True
851827,23.85960000,2.09000000,49.86656400,1614557182157,True,True
851828,23.77700000,24.77000000,588.95629000,1614557182320,False,True
851829,23.76910000,9.58000000,227.70797800,1614557182877,True,True
851830,23.76910000,11.05000000,262.64855500,1614557182877,True,True
851831,23.76900000,5.17000000,122.88573000,1614557183428,True,True
851832,23.76900000,4.78000000,113.61582000,1614557183439,True,True
851833,23.76890000,11.26000000,267.63781400,1614557183448,True,True
851834,23.76890000,73.74000000,1752.71868600,1614557183449,True,True
851835,23.76850000,3.24000000,77.00994000,1614557183460,True,True
851836,23.76840000,4.75000000,112.89990000,1614557183468,True,True
851837,23.75960000,5.00000000,118.79800000,1614557187191,True,True
851838,23.75950000,1.26000000,29.93697000,1614557187191,True,True
851839,23.75690000,0.69000000,16.39226100,1614557187191,True,True
851840,23.74070000,0.66000000,15.66886200,1614557187191,True,True
851841,23.73910000,1.00000000,23.73910000,1614557187387,True,True
851842,23.74880000,24.70000000,586.59536000,1614557223885,False,True
851843,23.69010000,0.59000000,13.97715900,1614557250744,True,True
851844,23.69010000,0.59000000,13.97715900,1614557250744,True,True
851845,23.69010000,0.59000000,13.97715900,1614557250744,True,True
851846,23.69010000,0.59000000,13.97715900,1614557250744,True,True
851847,23.69010000,0.59000000,13.97715900,1614557250744,True,True
851848,23.69010000,0.59000000,13.97715900,1614557250744,True,True
851849,23.69010000,0.59000000,13.97715900,1614557250744,True,True
851850,23.69010000,0.59000000,13.97715900,1614557250744,True,True
851851,23.69010000,0.34000000,8.05463400,1614557250744,True,True
851852,23.69000000,2.52000000,59.69880000,1614557250744,True,True
851853,23.73350000,4.44000000,105.37674000,1614557255417,False,True
851854,23.73350000,0.46000000,10.91741000,1614557257485,False,True
851855,23.73350000,0.38000000,9.01873000,1614557257485,False,True
851856,23.69010000,4.90000000,116.08149000,1614557283072,True,True
851857,23.68820000,2.48000000,58.74673600,1614557283086,True,True
851858,23.68550000,12.67000000,300.09528500,1614557283095,True,True
851859,23.67040000,0.59000000,13.96553600,1614557298016,True,True
851860,23.67040000,0.59000000,13.96553600,1614557298016,True,True
851861,23.67040000,0.59000000,13.96553600,1614557298016,True,True
851862,23.67040000,0.59000000,13.96553600,1614557298016,True,True
851863,23.67040000,0.59000000,13.96553600,1614557298016,True,True
851864,23.67040000,0.59000000,13.96553600,1614557298016,True,True
851865,23.67040000,0.59000000,13.96553600,1614557298016,True,True
851866,23.67040000,0.59000000,13.96553600,1614557298016,True,True
851867,23.67040000,0.34000000,8.04793600,1614557298016,True,True
851868,23.67030000,10.98000000,259.89989400,1614557298016,True,True
851869,23.67030000,15.00000000,355.05450000,1614557298033,True,True
851870,23.67030000,5.00000000,118.35150000,1614557298033,True,True
851871,23.67030000,38.16000000,903.25864800,1614557298045,True,True
851872,23.67000000,56.33000000,1333.33110000,1614557298055,True,True
851873,23.67000000,10.00000000,236.70000000,1614557298059,True,True
851874,23.67000000,10.00000000,236.70000000,1614557298066,True,True
851875,23.67000000,3.72000000,88.05240000,1614557298074,True,True
851876,23.65540000,1.08000000,25.54783200,1614557303065,True,True
851877,23.64500000,1.30000000,30.73850000,1614557303065,True,True
851878,23.64430000,0.59000000,13.95013700,1614557303065,True,True
851879,23.64430000,0.59000000,13.95013700,1614557303065,True,True
851880,23.64430000,0.59000000,13.95013700,1614557303065,True,True
851881,23.64430000,0.59000000,13.95013700,1614557303065,True,True
851882,23.64430000,0.59000000,13.95013700,1614557303065,True,True
851883,23.64430000,0.59000000,13.95013700,1614557303065,True,True
851884,23.64430000,0.59000000,13.95013700,1614557303065,True,True
851885,23.64430000,0.59000000,13.95013700,1614557303065,True,True
851886,23.64430000,0.34000000,8.03906200,1614557303065,True,True
851887,23.64420000,0.94000000,22.22554800,1614557303065,True,True
851888,23.69410000,19.82000000,469.61706200,1614557314434,False,True
851889,23.69410000,0.59000000,13.97951900,1614557315000,False,True
851890,23.69410000,0.59000000,13.97951900,1614557315000,False,True
851891,23.69410000,0.59000000,13.97951900,1614557315000,False,True
851892,23.69410000,0.59000000,13.97951900,1614557315000,False,True
851893,23.69410000,0.59000000,13.97951900,1614557315000,False,True
851894,23.69410000,0.59000000,13.97951900,1614557315000,False,True
851895,23.69410000,0.59000000,13.97951900,1614557315000,False,True
851896,23.69410000,0.10000000,2.36941000,1614557315000,False,True
851897,23.69410000,0.49000000,11.61010900,1614557315004,False,True
851898,23.69410000,0.34000000,8.05599400,1614557315004,False,True
851899,23.69420000,4.78000000,113.25827600,1614557316656,False,True
851900,23.69420000,9.58000000,226.99043600,1614557316656,False,True
851901,23.69420000,5.17000000,122.49901400,1614557316656,False,True
851902,23.69560000,11.05000000,261.83638000,1614557316656,False,True
851903,23.69570000,4.63000000,109.71109100,1614557316656,False,True
851904,23.66880000,44.61000000,1055.86516800,1614557334333,True,True
851905,23.66880000,14.88000000,352.19174400,1614557334333,True,True
851906,23.66870000,22.46000000,531.59900200,1614557334333,True,True
851907,23.64460000,5.50000000,130.04530000,1614557334333,True,True
851908,23.64450000,59.27000000,1401.40951500,1614557334333,True,True
851909,23.64440000,4.63000000,109.47357200,1614557334333,True,True
851910,23.64100000,2.11000000,49.88251000,1614557334333,True,True
851911,23.63450000,0.66000000,15.59877000,1614557334333,True,True
851912,23.62920000,1.18000000,27.88245600,1614557334333,True,True
851913,23.61320000,36.50000000,861.88180000,1614557334333,True,True
851914,23.66870000,44.61000000,1055.86070700,1614557341571,True,True
851915,23.66860000,19.79000000,468.40159400,1614557341571,True,True
851916,23.73840000,0.59000000,14.00565600,1614557351317,False,True
851917,23.73840000,0.59000000,14.00565600,1614557351317,False,True
851918,23.73840000,0.59000000,14.00565600,1614557351317,False,True
851919,23.73840000,0.59000000,14.00565600,1614557351317,False,True
851920,23.73840000,0.59000000,14.00565600,1614557351317,False,True
851921,23.73840000,0.59000000,14.00565600,1614557351317,False,True
851922,23.73840000,0.59000000,14.00565600,1614557351317,False,True
851923,23.73840000,0.09000000,2.13645600,1614557351317,False,True
851924,23.73840000,0.50000000,11.86920000,1614557351318,False,True
851925,23.73840000,0.34000000,8.07105600,1614557351318,False,True
851926,23.71240000,44.61000000,1057.81016400,1614557377681,True,True
851927,23.71230000,14.09000000,334.10630700,1614557377681,True,True
851928,23.71800000,54.72000000,1297.84896000,1614557405791,True,True
851929,23.71700000,6.28000000,148.94276000,1614557405791,True,True
851930,23.68360000,16.51000000,391.01623600,1614557425596,True,True
851931,23.68360000,5.10000000,120.78636000,1614557425606,True,True
851932,23.68480000,0.59000000,13.97403200,1614557462276,True,True
851933,23.68480000,0.59000000,13.97403200,1614557462276,True,True
851934,23.68480000,0.59000000,13.97403200,1614557462276,True,True
851935,23.68480000,0.59000000,13.97403200,1614557462276,True,True
851936,23.68480000,0.59000000,13.97403200,1614557462276,True,True
851937,23.68480000,0.59000000,13.97403200,1614557462276,True,True
851938,23.68480000,0.59000000,13.97403200,1614557462276,True,True
851939,23.68480000,0.59000000,13.97403200,1614557462276,True,True
851940,23.68480000,0.34000000,8.05283200,1614557462276,True,True
851941,23.68470000,18.44000000,436.74586800,1614557462276,True,True
851942,23.69180000,7.67000000,181.71610600,1614557519043,True,True
851943,23.68430000,22.02000000,521.52828600,1614557519212,True,True
851944,23.68280000,0.59000000,13.97285200,1614557519212,True,True
851945,23.68280000,0.59000000,13.97285200,1614557519212,True,True
851946,23.68280000,0.59000000,13.97285200,1614557519212,True,True
851947,23.68280000,0.59000000,13.97285200,1614557519212,True,True
851948,23.68280000,0.59000000,13.97285200,1614557519212,True,True
851949,23.68280000,0.59000000,13.97285200,1614557519212,True,True
851950,23.68280000,0.59000000,13.97285200,1614557519212,True,True
851951,23.68280000,0.51000000,12.07822800,1614557519212,True,True
851952,23.67470000,10.57000000,250.24157900,1614557528475,True,True
851953,23.72360000,7.67000000,181.96001200,1614557608435,True,True
851954,23.70580000,8.63000000,204.58105400,1614557608435,True,True
851955,23.78820000,0.66000000,15.70021200,1614557658643,False,True
851956,23.82620000,20.34000000,484.62490800,1614557658701,False,True
851957,23.82620000,0.58000000,13.81919600,1614557658701,False,True
851958,23.82620000,0.58000000,13.81919600,1614557658704,False,True
851959,23.82620000,0.58000000,13.81919600,1614557658704,False,True
851960,23.82620000,0.58000000,13.81919600,1614557658704,False,True
851961,23.82620000,0.58000000,13.81919600,1614557658704,False,True
851962,23.82620000,0.58000000,13.81919600,1614557658704,False,True
851963,23.82620000,0.58000000,13.81919600,1614557658704,False,True
851964,23.82620000,0.58000000,13.81919600,1614557658704,False,True
851965,23.82620000,0.40000000,9.53048000,1614557658704,False,True
851966,23.82620000,4.90000000,116.74838000,1614557658828,False,True
851967,23.82630000,10.40000000,247.79352000,1614557658847,False,True
851968,23.83000000,1.18000000,28.11940000,1614557660286,False,True
851969,23.83860000,37.93000000,904.19809800,1614557663999,True,True
851970,23.82650000,5.00000000,119.13250000,1614557664488,True,True
851971,23.82650000,5.00000000,119.13250000,1614557664492,True,True
851972,23.82650000,5.00000000,119.13250000,1614557664500,True,True
851973,23.82650000,4.69000000,111.74628500,1614557664507,True,True
851974,23.82650000,4.90000000,116.74985000,1614557664537,True,True
851975,23.88410000,0.58000000,13.85277800,1614557700902,False,True
851976,23.88410000,0.58000000,13.85277800,1614557700902,False,True
851977,23.88410000,0.58000000,13.85277800,1614557700902,False,True
851978,23.88410000,0.58000000,13.85277800,1614557700902,False,True
851979,23.88410000,0.58000000,13.85277800,1614557700902,False,True
851980,23.88410000,0.58000000,13.85277800,1614557700902,False,True
851981,23.88410000,0.58000000,13.85277800,1614557700902,False,True
851982,23.88410000,0.12000000,2.86609200,1614557700902,False,True
851983,23.88410000,0.46000000,10.98668600,1614557700903,False,True
851984,23.88410000,0.39000000,9.31479900,1614557700903,False,True
851985,23.88420000,8.59000000,205.16527800,1614557700945,False,True
851986,23.89510000,0.66000000,15.77076600,1614557701985,False,True
851987,23.90160000,0.69000000,16.49210400,1614557703841,False,True
851988,23.89500000,4.58000000,109.43910000,1614557706296,True,True
851989,23.89500000,20.00000000,477.90000000,1614557706304,True,True
851990,23.88290000,5.00000000,119.41450000,1614557706622,True,True
851991,23.88290000,5.00000000,119.41450000,1614557706623,True,True
851992,23.88290000,10.00000000,238.82900000,1614557706638,True,True
851993,23.88290000,1.85000000,44.18336500,1614557706639,True,True
851994,23.91290000,6.29000000,150.41214100,1614557710937,False,True
851995,23.91300000,1.00000000,23.91300000,1614557712305,False,True
851996,23.93030000,0.58000000,13.87957400,1614557712312,False,True
851997,23.93030000,0.58000000,13.87957400,1614557712312,False,True
851998,23.93030000,0.58000000,13.87957400,1614557712312,False,True
851999,23.93030000,0.58000000,13.87957400,1614557712312,False,True
852000,23.93030000,0.58000000,13.87957400,1614557712312,False,True
852001,23.93030000,0.58000000,13.87957400,1614557712312,False,True
852002,23.93030000,0.58000000,13.87957400,1614557712312,False,True
852003,23.93030000,0.58000000,13.87957400,1614557712312,False,True
852004,23.93030000,0.38000000,9.09351400,1614557712312,False,True
852005,23.93040000,5.09000000,121.80573600,1614557712312,False,True
852006,23.93040000,79.91000000,1912.27826400,1614557712327,False,True
852007,23.93040000,1.26000000,30.15230400,1614557712327,False,True
852008,23.93180000,10.60000000,253.67708000,1614557712331,False,True
852009,23.93180000,5.97000000,142.87284600,1614557712336,False,True
852010,23.93180000,68.43000000,1637.65307400,1614557712339,False,True
852011,23.94660000,2.13000000,51.00625800,1614557742436,False,True
852012,23.95680000,4.90000000,117.38832000,1614557758698,False,True
852013,23.99510000,38.27000000,918.29247700,1614557768042,False,True
852014,24.00240000,0.66000000,15.84158400,1614557774932,False,True
852015,24.04710000,0.69000000,16.59249900,1614557785358,False,True
852016,24.07890000,11.19000000,269.44289100,1614557811088,False,True
852017,24.08690000,1.00000000,24.08690000,1614557811301,False,True
852018,24.08970000,22.31000000,537.44120700,1614557841819,False,True
852019,24.08740000,5.00000000,120.43700000,1614557842866,True,True
852020,24.08740000,7.33000000,176.56064200,1614557842866,True,True
852021,24.08740000,5.00000000,120.43700000,1614557842867,True,True
852022,24.08740000,5.00000000,120.43700000,1614557842867,True,True
852023,24.08740000,135.00000000,3251.79900000,1614557842869,True,True
852024,24.08740000,30.00000000,722.62200000,1614557842871,True,True
852025,24.08740000,15.00000000,361.31100000,1614557842871,True,True
852026,24.08740000,5.25000000,126.45885000,1614557842877,True,True
852027,24.04310000,5.50000000,132.23705000,1614557842885,True,True
852028,24.11020000,0.65000000,15.67163000,1614557852720,False,True
852029,24.12290000,4.65000000,112.17148500,1614557856498,False,True
852030,24.16020000,8.19000000,197.87203800,1614557872957,False,True
852031,24.16780000,9.82000000,237.32779600,1614557872973,False,True
852032,24.11710000,20.34000000,490.54181400,1614557873191,True,True
852033,24.11710000,4.90000000,118.17379000,1614557873191,True,True
852034,24.11700000,24.02000000,579.29034000,1614557873191,True,True
852035,24.10470000,56.73000000,1367.45963100,1614557873203,False,True
852036,24.19350000,7.00000000,169.35450000,1614557879907,False,True
852037,24.19340000,44.61000000,1079.26757400,1614557900074,False,True
852038,24.19360000,0.69000000,16.69358400,1614557904476,False,True
852039,24.21850000,0.65000000,15.74202500,1614557904486,False,True
852040,24.21850000,4.13000000,100.02240500,1614557904491,False,True
852041,24.21850000,0.77000000,18.64824500,1614557904492,False,True
852042,24.23950000,19.99000000,484.54760500,1614557905029,True,True
852043,24.24300000,19.98000000,484.37514000,1614557905075,True,True
852044,24.24300000,0.01000000,0.24243000,1614557905075,True,True
852045,24.26080000,1.00000000,24.26080000,1614557935092,False,True
852046,24.29040000,13.34000000,324.03393600,1614557935934,False,True
852047,24.29220000,19.77000000,480.25679400,1614557936830,True,True
852048,24.31100000,10.28000000,249.91708000,1614557943717,False,True
852049,24.25080000,0.69000000,16.73305200,1614557946230,True,True
852050,24.25080000,5.00000000,121.25400000,1614557946237,True,True
852051,24.25080000,13.94000000,338.05615200,1614557946247,True,True
852052,24.24280000,20.62000000,499.88653600,1614557946663,False,True
852053,24.24240000,15.00000000,363.63600000,1614557950800,True,True
852054,24.24800000,0.50000000,12.12400000,1614557973023,True,True
852055,24.24800000,0.43000000,10.42664000,1614557985990,True,True
852056,24.24280000,8.24000000,199.76067200,1614557986011,True,True
852057,24.16370000,0.84000000,20.29750800,1614557991924,True,True
852058,24.28850000,0.50000000,12.14425000,1614558049827,False,True
852059,24.32480000,3.61000000,87.81252800,1614558049827,False,True
852060,24.20000000,0.74000000,17.90800000,1614558153228,True,True
852061,24.22320000,4.90000000,118.69368000,1614558228726,True,True
852062,24.20220000,0.57000000,13.79525400,1614558232144,True,True
852063,24.20220000,0.57000000,13.79525400,1614558232144,True,True
852064,24.20220000,0.57000000,13.79525400,1614558232144,True,True
852065,24.20220000,0.57000000,13.79525400,1614558232144,True,True
852066,24.20220000,0.57000000,13.79525400,1614558232144,True,True
852067,24.20220000,0.57000000,13.79525400,1614558232144,True,True
852068,24.20220000,0.57000000,13.79525400,1614558232144,True,True
852069,24.20220000,0.57000000,13.79525400,1614558232144,True,True
852070,24.20220000,0.38000000,9.19683600,1614558232144,True,True
852071,24.20250000,0.58000000,14.03745000,1614558236475,True,True
852072,24.23550000,6.88000000,166.74024000,1614558468338,True,True
852073,24.23320000,0.57000000,13.81292400,1614558468431,True,True
852074,24.23320000,0.57000000,13.81292400,1614558468439,True,True
852075,24.23320000,0.57000000,13.81292400,1614558468439,True,True
852076,24.23320000,0.57000000,13.81292400,1614558468439,True,True
852077,24.23320000,0.57000000,13.81292400,1614558468439,True,True
852078,24.23320000,0.57000000,13.81292400,1614558468439,True,True
852079,24.23320000,0.57000000,13.81292400,1614558468439,True,True
852080,24.23320000,0.57000000,13.81292400,1614558468439,True,True
852081,24.23320000,0.13000000,3.15031600,1614558468439,True,True
852082,24.23260000,100.00000000,2423.26000000,1614558468472,True,True
852083,24.11750000,0.57000000,13.74697500,1614558511889,True,True
852084,24.11750000,51.23000000,1235.53952500,1614558511889,True,True
852085,24.20250000,10.30000000,249.28575000,1614558549714,True,True
852086,24.20250000,0.02000000,0.48405000,1614558549719,True,True
852087,24.20620000,0.57000000,13.79753400,1614558602425,False,True
852088,24.20620000,16.02000000,387.78332400,1614558602425,False,True
852089,24.20620000,0.57000000,13.79753400,1614558602427,False,True
852090,24.20620000,0.57000000,13.79753400,1614558602427,False,True
852091,24.20620000,0.57000000,13.79753400,1614558602427,False,True
852092,24.20620000,0.57000000,13.79753400,1614558602427,False,True
852093,24.20620000,0.57000000,13.79753400,1614558602427,False,True
852094,24.20620000,0.57000000,13.79753400,1614558602427,False,True
852095,24.20620000,0.57000000,13.79753400,1614558602427,False,True
852096,24.20620000,0.40000000,9.68248000,1614558602427,False,True
852097,24.20640000,0.57000000,13.79764800,1614558604035,False,True
852098,24.20640000,0.57000000,13.79764800,1614558604035,False,True
852099,24.20640000,0.57000000,13.79764800,1614558604035,False,True
852100,24.20640000,0.57000000,13.79764800,1614558604035,False,True
852101,24.20640000,0.57000000,13.79764800,1614558604035,False,True
852102,24.20640000,0.57000000,13.79764800,1614558604035,False,True
852103,24.20640000,0.57000000,13.79764800,1614558604035,False,True
852104,24.20640000,0.57000000,13.79764800,1614558604035,False,True
852105,24.20640000,0.40000000,9.68256000,1614558604035,False,True
852106,24.20650000,87.29000000,2112.98538500,1614558604035,False,True
852107,24.22240000,105.90000000,2565.15216000,1614558605998,False,True
852108,24.32730000,0.65000000,15.81274500,1614558638552,False,True
852109,24.34090000,0.69000000,16.79522100,1614558642717,False,True
852110,24.37300000,5.97000000,145.50681000,1614558673738,False,True
852111,24.37300000,4.90000000,119.42770000,1614558673738,False,True
852112,24.37320000,44.61000000,1087.28845200,1614558673741,False,True
852113,24.37390000,1.80000000,43.87302000,1614558673763,False,True
852114,24.43470000,1.00000000,24.43470000,1614558704838,False,True
852115,24.43660000,0.64000000,15.63942400,1614558704848,False,True
852116,24.45000000,10.00000000,244.50000000,1614558778491,False,True
852117,24.48910000,0.69000000,16.89747900,1614558796220,False,True
852118,24.48910000,49.31000000,1207.55752100,1614558796236,True,True
852119,24.54630000,0.64000000,15.70963200,1614558854334,False,True
852120,24.48910000,20.40000000,499.57764000,1614558893020,True,True
852121,24.48910000,0.01000000,0.24489100,1614558893020,True,True
852122,24.46650000,0.57000000,13.94590500,1614558930616,True,True
852123,24.46650000,0.57000000,13.94590500,1614558930616,True,True
852124,24.46650000,0.57000000,13.94590500,1614558930616,True,True
852125,24.46650000,0.57000000,13.94590500,1614558930616,True,True
852126,24.46650000,0.57000000,13.94590500,1614558930616,True,True
852127,24.46650000,0.57000000,13.94590500,1614558930616,True,True
852128,24.46650000,0.57000000,13.94590500,1614558930616,True,True
852129,24.46650000,0.57000000,13.94590500,1614558930616,True,True
852130,24.46650000,0.33000000,8.07394500,1614558930616,True,True
852131,24.46640000,15.11000000,369.68730400,1614558930616,True,True
852132,24.43660000,15.10000000,368.99266000,1614558975424,True,True
852133,24.43660000,0.50000000,12.21830000,1614558981043,True,True
852134,24.43660000,1.70000000,41.54222000,1614558981126,True,True
852135,24.43660000,30.90000000,755.09094000,1614558984467,True,True
852136,24.46750000,0.50000000,12.23375000,1614558984498,False,True
852137,24.43660000,0.04000000,0.97746400,1614559035399,True,True
852138,24.42580000,4.90000000,119.68642000,1614559078566,True,True
852139,24.42580000,5.80000000,141.66964000,1614559115366,False,True
852140,24.41930000,22.08000000,539.17814400,1614559117959,True,True
852141,24.40730000,72.25000000,1763.42742500,1614559117959,True,True
852142,24.40720000,13.59000000,331.69384800,1614559117959,True,True
852143,24.47150000,0.72000000,17.61948000,1614559155760,False,True
852144,24.50800000,0.57000000,13.96956000,1614559166172,False,True
852145,24.50800000,0.57000000,13.96956000,1614559166172,False,True
852146,24.50800000,0.57000000,13.96956000,1614559166172,False,True
852147,24.50800000,0.57000000,13.96956000,1614559166172,False,True
852148,24.50800000,0.57000000,13.96956000,1614559166172,False,True
852149,24.50800000,0.57000000,13.96956000,1614559166172,False,True
852150,24.50800000,0.57000000,13.96956000,1614559166172,False,True
852151,24.50800000,0.09000000,2.20572000,1614559166172,False,True
852152,24.50800000,0.48000000,11.76384000,1614559166177,False,True
852153,24.50800000,0.09000000,2.20572000,1614559166177,False,True
852154,24.50800000,0.25000000,6.12700000,1614559166242,False,True
852155,24.50810000,14.61000000,358.06334100,1614559166265,False,True
852156,24.44810000,5.00000000,122.24050000,1614559222079,False,True
852157,24.44810000,7.29000000,178.22664900,1614559222099,False,True
852158,24.44810000,10.00000000,244.48100000,1614559222100,False,True
852159,24.56230000,44.60000000,1095.47858000,1614559330878,False,True
852160,24.56230000,0.01000000,0.24562300,1614559350922,False,True
852161,24.58030000,1.00000000,24.58030000,1614559362622,False,True
852162,24.56390000,44.61000000,1095.79557900,1614559367124,True,True
852163,24.56380000,1.43000000,35.12623400,1614559367131,True,True
852164,24.56230000,6.04000000,148.35629200,1614559400657,True,True
852165,24.56230000,15.00000000,368.43450000,1614559400675,True,True
852166,24.56230000,6.32000000,155.23373600,1614559403810,True,True
852167,24.56230000,1.00000000,24.56230000,1614559404040,True,True
852168,24.56230000,1.29000000,31.68536700,1614559404041,True,True
852169,24.56230000,3.75000000,92.10862500,1614559405546,True,True
852170,24.58180000,9.40000000,231.06892000,1614559440197,False,True
852171,24.60790000,0.42000000,10.33531800,1614559490766,False,True
852172,24.51780000,19.48000000,477.60674400,1614559550738,True,True
852173,24.51730000,19.40000000,475.63562000,1614559551738,True,True
852174,24.52400000,19.40000000,475.76560000,1614559561845,False,True
852175,24.52400000,19.40000000,475.76560000,1614559561845,False,True
852176,24.52400000,0.08000000,1.96192000,1614559565737,False,True
852177,24.53670000,19.40000000,476.01198000,1614559565748,False,True
852178,24.50010000,0.57000000,13.96505700,1614559585654,True,True
852179,24.50010000,0.57000000,13.96505700,1614559585654,True,True
852180,24.50010000,0.57000000,13.96505700,1614559585654,True,True
852181,24.50010000,0.57000000,13.96505700,1614559585654,True,True
852182,24.50010000,0.57000000,13.96505700,1614559585654,True,True
852183,24.50010000,0.57000000,13.96505700,1614559585654,True,True
852184,24.50010000,0.57000000,13.96505700,1614559585654,True,True
852185,24.50010000,0.57000000,13.96505700,1614559585654,True,True
852186,24.50010000,0.33000000,8.08503300,1614559585654,True,True
852187,24.50000000,5.61000000,137.44500000,1614559585654,True,True
852188,24.50000000,24.39000000,597.55500000,1614559586932,True,True
852189,24.47010000,0.50000000,12.23505000,1614559593847,True,True
852190,24.51730000,26.26000000,643.82429800,1614559821529,True,True
852191,24.49000000,26.26000000,643.10740000,1614559821540,True,True
852192,24.49000000,8.27000000,202.53230000,1614559834370,True,True
852193,24.43920000,0.57000000,13.93034400,1614559865144,True,True
852194,24.43920000,0.57000000,13.93034400,1614559865144,True,True
852195,24.43920000,0.57000000,13.93034400,1614559865144,True,True
852196,24.43920000,0.57000000,13.93034400,1614559865144,True,True
852197,24.43920000,0.57000000,13.93034400,1614559865144,True,True
852198,24.43920000,0.57000000,13.93034400,1614559865144,True,True
852199,24.43920000,0.57000000,13.93034400,1614559865144,True,True
852200,24.43920000,0.11000000,2.68831200,1614559865144,True,True
852201,24.43920000,0.46000000,11.24203200,1614559865148,True,True
852202,24.43920000,0.34000000,8.30932800,1614559865148,True,True
852203,24.43910000,31.25000000,763.72187500,1614559865156,True,True
852204,24.43910000,13.36000000,326.50637600,1614559865159,True,True
852205,24.41800000,21.10000000,515.21980000,1614559865350,False,True
852206,24.42630000,0.57000000,13.92299100,1614559868298,False,True
852207,24.42630000,5.00000000,122.13150000,1614559868298,False,True
852208,24.42630000,0.57000000,13.92299100,1614559868298,False,True
852209,24.42630000,0.57000000,13.92299100,1614559868298,False,True
852210,24.42630000,0.57000000,13.92299100,1614559868298,False,True
852211,24.42630000,0.57000000,13.92299100,1614559868298,False,True
852212,24.42630000,0.57000000,13.92299100,1614559868298,False,True
852213,24.42630000,0.57000000,13.92299100,1614559868298,False,True
852214,24.42630000,0.57000000,13.92299100,1614559868298,False,True
852215,24.42630000,0.35000000,8.54920500,1614559868298,False,True
852216,24.42640000,33.60000000,820.72704000,1614559868298,False,True
852217,24.42650000,22.62000000,552.52743000,1614559868324,False,True
852218,24.56300000,0.57000000,14.00091000,1614559921700,False,True
852219,24.56300000,0.57000000,14.00091000,1614559921700,False,True
852220,24.56300000,0.57000000,14.00091000,1614559921700,False,True
852221,24.56300000,0.57000000,14.00091000,1614559921700,False,True
852222,24.56300000,0.57000000,14.00091000,1614559921700,False,True
852223,24.56300000,0.57000000,14.00091000,1614559921700,False,True
852224,24.56300000,0.57000000,14.00091000,1614559921700,False,True
852225,24.56300000,0.08000000,1.96504000,1614559921700,False,True
852226,24.56300000,0.49000000,12.03587000,1614559921700,False,True
852227,24.56300000,0.33000000,8.10579000,1614559921700,False,True
852228,24.56310000,6.29000000,154.50189900,1614559921769,False,True
852229,24.60860000,1.00000000,24.60860000,1614559928684,False,True
852230,24.63810000,5.50000000,135.50955000,1614559942158,False,True
852231,24.63820000,0.69000000,17.00035800,1614559942201,False,True
852232,24.65660000,0.64000000,15.78022400,1614559946592,False,True
852233,24.69050000,22.96000000,566.89388000,1614559979212,False,True
852234,24.70960000,1.00000000,24.70960000,1614559982438,False,True
852235,24.72280000,0.59000000,14.58645200,1614559982450,False,True
852236,24.73320000,90.99000000,2250.47386800,1614559982463,False,True
852237,24.73950000,2.03000000,50.22118500,1614559982480,False,True
852238,24.74380000,19.68000000,486.95798400,1614559982594,True,True
852239,24.76730000,0.64000000,15.85107200,1614559982652,False,True
852240,24.74470000,6.00000000,148.46820000,1614559982683,True,True
852241,24.74470000,13.89000000,343.70388300,1614559982687,True,True
852242,24.74460000,6.08000000,150.44716800,1614559982687,True,True
852243,24.78260000,1.00000000,24.78260000,1614559982814,False,True
852244,24.77770000,4.30000000,106.54411000,1614559982840,True,True
852245,24.78830000,0.69000000,17.10392700,1614559982871,False,True
852246,24.83020000,6.29000000,156.18195800,1614559982947,False,True
852247,24.81440000,19.07000000,473.21060800,1614559983183,True,True
852248,24.83020000,4.13000000,102.54872600,1614559983279,False,True
852249,24.71030000,20.34000000,502.60750200,1614559990737,True,True
852250,24.71000000,10.34000000,255.50140000,1614559990979,True,True
852251,24.69850000,0.42000000,10.37337000,1614560069014,True,True
852252,24.73500000,1.26000000,31.16610000,1614560125106,True,True
852253,24.63820000,0.69000000,17.00035800,1614560197205,True,True
852254,24.60860000,1.00000000,24.60860000,1614560200423,True,True
852255,24.60730000,0.64000000,15.74867200,1614560210490,True,True
852256,24.57020000,5.87000000,144.22707400,1614560213640,True,True
852257,24.54700000,23.91000000,586.91877000,1614560235536,True,True
852258,24.54700000,2.60000000,63.82220000,1614560235536,True,True
852259,24.71050000,3.80000000,93.89990000,1614560404666,False,True
852260,24.76730000,0.64000000,15.85107200,1614560429124,False,True
852261,24.78250000,44.61000000,1105.54732500,1614560437571,False,True
852262,24.78260000,1.00000000,24.78260000,1614560437591,False,True
852263,24.78830000,0.69000000,17.10392700,1614560437604,False,True
852264,24.76730000,1.80000000,44.58114000,1614560498925,True,True
852265,24.70100000,20.23000000,499.70123000,1614560565094,True,True
852266,24.70100000,0.01000000,0.24701000,1614560565094,True,True
852267,24.63820000,0.69000000,17.00035800,1614560649210,True,True
852268,24.63000000,1.00000000,24.63000000,1614560649246,True,True
852269,24.61360000,0.56000000,13.78361600,1614560649278,True,True
852270,24.61360000,0.56000000,13.78361600,1614560649278,True,True
852271,24.61360000,0.56000000,13.78361600,1614560649278,True,True
852272,24.61360000,0.56000000,13.78361600,1614560649278,True,True
852273,24.61360000,0.56000000,13.78361600,1614560649278,True,True
852274,24.61360000,0.56000000,13.78361600,1614560649278,True,True
852275,24.61360000,0.56000000,13.78361600,1614560649278,True,True
852276,24.61360000,0.15000000,3.69204000,1614560649278,True,True
852277,24.61360000,0.41000000,10.09157600,1614560649282,True,True
852278,24.61360000,0.38000000,9.35316800,1614560649282,True,True
852279,24.60730000,0.64000000,15.74867200,1614560649694,True,True
852280,24.52560000,0.56000000,13.73433600,1614560656440,True,True
852281,24.52560000,0.56000000,13.73433600,1614560656440,True,True
852282,24.52560000,0.56000000,13.73433600,1614560656440,True,True
852283,24.52560000,0.56000000,13.73433600,1614560656440,True,True
852284,24.52560000,0.56000000,13.73433600,1614560656440,True,True
852285,24.52560000,0.56000000,13.73433600,1614560656440,True,True
852286,24.52560000,0.56000000,13.73433600,1614560656440,True,True
852287,24.52560000,0.56000000,13.73433600,1614560656440,True,True
852288,24.52560000,0.40000000,9.81024000,1614560656440,True,True
852289,24.52550000,14.60000000,358.07230000,1614560656440,True,True
852290,24.52550000,4.88000000,119.68444000,1614560656465,True,True
852291,24.49730000,0.64000000,15.67827200,1614560664365,True,True
852292,24.48910000,0.69000000,16.89747900,1614560664586,True,True
852293,24.58100000,0.57000000,14.01117000,1614560704305,False,True
852294,24.58100000,0.57000000,14.01117000,1614560704305,False,True
852295,24.58100000,0.57000000,14.01117000,1614560704305,False,True
852296,24.58100000,0.57000000,14.01117000,1614560704305,False,True
852297,24.58100000,0.57000000,14.01117000,1614560704305,False,True
852298,24.58100000,0.57000000,14.01117000,1614560704305,False,True
852299,24.58100000,0.57000000,14.01117000,1614560704305,False,True
852300,24.58100000,0.57000000,14.01117000,1614560704305,False,True
852301,24.58100000,0.32000000,7.86592000,1614560704305,False,True
852302,24.58110000,65.45000000,1608.83299500,1614560704305,False,True
852303,24.58130000,44.61000000,1096.57179300,1614560704305,False,True
852304,24.63370000,20.34000000,501.04945800,1614560704305,False,True
852305,24.63600000,141.80000000,3493.38480000,1614560704305,False,True
852306,24.63820000,0.69000000,17.00035800,1614560704305,False,True
852307,24.65640000,10.37000000,255.68686800,1614560704305,False,True
852308,24.65650000,60.46000000,1490.73199000,1614560704305,False,True
852309,24.65660000,0.64000000,15.78022400,1614560704305,False,True
852310,24.70960000,100.00000000,2470.96000000,1614560704305,False,True
852311,24.70970000,250.00000000,6177.42500000,1614560704305,False,True
852312,24.70980000,6.29000000,155.42464200,1614560704305,False,True
852313,24.71500000,125.12000000,3092.34080000,1614560704305,False,True
852314,24.73020000,18.25000000,451.32615000,1614560704305,False,True
852315,24.74490000,142.55000000,3527.38549500,1614560704305,False,True
852316,24.76720000,34.10000000,844.56152000,1614560704305,False,True
852317,24.76730000,0.64000000,15.85107200,1614560704305,False,True
852318,24.76900000,113.30000000,2806.32770000,1614560704305,False,True
852319,24.77710000,75.04000000,1859.27358400,1614560704305,False,True
852320,24.60730000,0.64000000,15.74867200,1614560707875,True,True
852321,24.58630000,0.57000000,14.01419100,1614560761950,False,True
852322,24.58630000,19.48000000,478.94112400,1614560761950,False,True
852323,24.60710000,0.56000000,13.77997600,1614560764797,False,True
852324,24.60710000,0.44000000,10.82712400,1614560764797,False,True
852325,24.60730000,33.41000000,822.12989300,1614560765149,False,True
852326,24.60490000,2.00000000,49.20980000,1614560776404,True,True
852327,24.58960000,0.41000000,10.08173600,1614560817358,True,True
852328,24.60550000,1.00000000,24.60550000,1614560829732,False,True
852329,24.60550000,1.00000000,24.60550000,1614560829733,False,True
852330,24.60550000,0.56000000,13.77908000,1614560829733,False,True
852331,24.60550000,0.56000000,13.77908000,1614560829733,False,True
852332,24.60550000,0.44000000,10.82642000,1614560829733,False,True
852333,24.56620000,0.56000000,13.75707200,1614560851861,True,True
852334,24.56620000,19.50000000,479.04090000,1614560851861,True,True
852335,24.56620000,0.56000000,13.75707200,1614560851861,True,True
852336,24.56620000,0.56000000,13.75707200,1614560851861,True,True
852337,24.56620000,0.56000000,13.75707200,1614560851861,True,True
852338,24.56620000,0.56000000,13.75707200,1614560851861,True,True
852339,24.56620000,0.56000000,13.75707200,1614560851861,True,True
852340,24.56620000,0.56000000,13.75707200,1614560851861,True,True
852341,24.56620000,0.56000000,13.75707200,1614560851861,True,True
852342,24.56620000,0.39000000,9.58081800,1614560851861,True,True
852343,24.56610000,16.42000000,403.37536200,1614560851861,True,True
852344,24.56390000,47.10000000,1156.95969000,1614560851891,True,True
852345,24.61300000,0.56000000,13.78328000,1614560861867,False,True
852346,24.61300000,0.41000000,10.09133000,1614560861867,False,True
852347,24.54750000,4.30000000,105.55425000,1614560989009,True,True
852348,24.54720000,0.41000000,10.06435200,1614561079576,False,True
852349,24.54740000,36.51000000,896.22557400,1614561079576,False,True
852350,24.54750000,1.80000000,44.18550000,1614561089443,False,True
852351,24.52310000,0.61000000,14.95909100,1614561132429,True,True
852352,24.49730000,0.64000000,15.67827200,1614561136511,True,True
852353,24.48910000,0.69000000,16.89747900,1614561141192,True,True
852354,24.45260000,0.57000000,13.93798200,1614561141309,True,True
852355,24.45260000,7.11000000,173.85798600,1614561141309,True,True
852356,24.45260000,3.26000000,79.71547600,1614561141314,True,True
852357,24.43950000,0.68000000,16.61886000,1614561164789,True,True
852358,24.44020000,1.00000000,24.44020000,1614561172246,True,True
852359,24.43470000,1.00000000,24.43470000,1614561201895,True,True
852360,24.47300000,0.57000000,13.94961000,1614561211499,False,True
852361,24.47300000,0.62000000,15.17326000,1614561211499,False,True
852362,24.38900000,2.00000000,48.77800000,1614561253516,True,True
852363,24.44310000,0.57000000,13.93256700,1614561265074,False,True
852364,24.44310000,1.10000000,26.88741000,1614561265074,False,True
852365,24.47150000,0.41000000,10.03331500,1614561310912,False,True
852366,24.57620000,19.50000000,479.23590000,1614561337133,False,True
852367,24.51750000,10.00000000,245.17500000,1614561371145,True,True
852368,24.50150000,1.42000000,34.79213000,1614561442382,True,True
852369,24.38770000,0.64000000,15.60812800,1614561686014,True,True
852370,24.35500000,5.14000000,125.18470000,1614561715978,True,True
852371,24.35050000,44.60000000,1086.03230000,1614561716246,True,True
852372,24.35050000,0.01000000,0.24350500,1614561718945,True,True
852373,24.34090000,0.69000000,16.79522100,1614561718954,True,True
852374,24.38050000,0.42000000,10.23981000,1614561815476,False,True
852375,24.43480000,44.61000000,1090.03642800,1614561817070,False,True
852376,24.43480000,1.40000000,34.20872000,1614561817070,False,True
852377,24.46750000,0.57000000,13.94647500,1614561817648,False,True
852378,24.46750000,0.30000000,7.34025000,1614561817648,False,True
852379,24.48910000,0.69000000,16.89747900,1614561872488,False,True
852380,24.49280000,0.57000000,13.96089600,1614561873443,False,True
852381,24.49280000,0.57000000,13.96089600,1614561875409,False,True
852382,24.49280000,0.57000000,13.96089600,1614561875409,False,True
852383,24.49280000,0.57000000,13.96089600,1614561875409,False,True
852384,24.49280000,0.57000000,13.96089600,1614561875409,False,True
852385,24.49280000,0.57000000,13.96089600,1614561875409,False,True
852386,24.49280000,0.57000000,13.96089600,1614561875409,False,True
852387,24.49280000,0.57000000,13.96089600,1614561875409,False,True
852388,24.49280000,0.34000000,8.32755200,1614561875409,False,True
852389,24.49290000,6.17000000,151.12119300,1614561875409,False,True
852390,24.49290000,3.83000000,93.80780700,1614561875430,False,True
852391,24.43860000,4.29000000,104.84159400,1614561950709,True,True
852392,24.43860000,14.21000000,347.27250600,1614561950709,True,True
852393,24.47030000,0.57000000,13.94807100,1614562095837,True,True
852394,24.47030000,0.57000000,13.94807100,1614562095837,True,True
852395,24.47030000,0.57000000,13.94807100,1614562095837,True,True
852396,24.47030000,0.57000000,13.94807100,1614562095837,True,True
852397,24.47030000,0.57000000,13.94807100,1614562095837,True,True
852398,24.47030000,0.57000000,13.94807100,1614562095837,True,True
852399,24.47030000,0.57000000,13.94807100,1614562095837,True,True
852400,24.47030000,0.57000000,13.94807100,1614562095837,True,True
852401,24.47030000,0.34000000,8.31990200,1614562095837,True,True
852402,24.54600000,14.21000000,348.79866000,1614562172349,False,True
852403,24.54610000,26.31000000,645.80789100,1614562172349,False,True
852404,24.54600000,0.57000000,13.99122000,1614562172839,False,True
852405,24.54600000,0.44000000,10.80024000,1614562172839,False,True
852406,24.54580000,3.00000000,73.63740000,1614562200994,False,True
852407,24.54630000,0.64000000,15.70963200,1614562209414,False,True
852408,24.57030000,10.70000000,262.90221000,1614562225069,True,True
852409,24.57040000,0.56000000,13.75942400,1614562225433,True,True
852410,24.57040000,0.56000000,13.75942400,1614562225433,True,True
852411,24.57040000,0.56000000,13.75942400,1614562225433,True,True
852412,24.57040000,0.56000000,13.75942400,1614562225433,True,True
852413,24.57040000,0.56000000,13.75942400,1614562225433,True,True
852414,24.57040000,0.56000000,13.75942400,1614562225433,True,True
852415,24.57040000,0.56000000,13.75942400,1614562225433,True,True
852416,24.57040000,0.14000000,3.43985600,1614562225433,True,True
852417,24.57040000,0.42000000,10.31956800,1614562225436,True,True
852418,24.57040000,0.40000000,9.82816000,1614562225436,True,True
852419,24.60860000,1.00000000,24.60860000,1614562247220,False,True
852420,24.63820000,0.69000000,17.00035800,1614562253698,False,True
852421,24.65660000,0.64000000,15.78022400,1614562259109,False,True
852422,24.69480000,0.61000000,15.06382800,1614562277567,False,True
852423,24.76630000,10.70000000,264.99941000,1614562287414,False,True
852424,24.76640000,44.60000000,1104.58144000,1614562287414,False,True
852425,24.73460000,0.70000000,17.31422000,1614562343559,False,True
852426,24.72460000,7.66000000,189.39043600,1614562346786,False,True
852427,24.72350000,401.63000000,9929.69930500,1614562352738,True,True
852428,24.72350000,19.60000000,484.58060000,1614562352738,True,True
852429,24.67610000,0.41000000,10.11720100,1614562370298,True,True
852430,24.60000000,2.13000000,52.39800000,1614562488416,True,True
852431,24.58780000,4.54000000,111.62861200,1614562548320,False,True
852432,24.61340000,0.41000000,10.09149400,1614562596814,False,True
852433,24.54470000,0.61000000,14.97226700,1614562755092,True,True
852434,24.54470000,1.00000000,24.54470000,1614562814212,True,True
852435,24.54470000,3.06000000,75.10678200,1614562814867,True,True
852436,24.60210000,0.57000000,14.02319700,1614562822029,False,True
852437,24.60210000,0.43000000,10.57890300,1614562822029,False,True
852438,24.49730000,0.64000000,15.67827200,1614562858843,True,True
852439,24.55820000,0.57000000,13.99817400,1614562946800,False,True
852440,24.55820000,19.53000000,479.62164600,1614562946800,False,True
852441,24.55820000,0.07000000,1.71907400,1614562948219,False,True
852442,24.55870000,15.98000000,392.44802600,1614562948236,False,True
852443,24.55870000,34.49000000,847.02956300,1614562948500,False,True
852444,24.55880000,0.41000000,10.06910800,1614562948707,False,True
852445,24.60190000,0.41000000,10.08677900,1614562999635,False,True
852446,24.56010000,44.61000000,1095.62606100,1614563056115,True,True
852447,24.56010000,4.90000000,120.34449000,1614563056115,True,True
852448,24.56000000,3.00000000,73.68000000,1614563056115,True,True
852449,24.55970000,19.81000000,486.52765700,1614563056115,True,True
852450,24.54050000,7.10000000,174.23755000,1614563056115,True,True
852451,24.52680000,7.84000000,192.29011200,1614563056115,True,True
852452,24.59190000,4.90000000,120.50031000,1614563103961,False,True
852453,24.61280000,0.41000000,10.09124800,1614563114434,False,True
852454,24.60360000,4.90000000,120.55764000,1614563280296,True,True
852455,24.60360000,1.34000000,32.96882400,1614563280296,True,True
852456,24.60370000,3.31000000,81.43824700,1614563289201,True,True
852457,24.63390000,0.41000000,10.09989900,1614563303845,False,True
852458,24.63430000,0.41000000,10.10006300,1614563303845,False,True
852459,24.65660000,0.64000000,15.78022400,1614563303845,False,True
852460,24.67810000,0.56000000,13.81973600,1614563303845,False,True
852461,24.67810000,0.56000000,13.81973600,1614563303845,False,True
852462,24.67810000,0.56000000,13.81973600,1614563303845,False,True
852463,24.67810000,0.56000000,13.81973600,1614563303845,False,True
852464,24.67810000,0.56000000,13.81973600,1614563303845,False,True
852465,24.67810000,0.56000000,13.81973600,1614563303845,False,True
852466,24.67810000,0.56000000,13.81973600,1614563303845,False,True
852467,24.67810000,0.56000000,13.81973600,1614563303845,False,True
852468,24.67810000,0.39000000,9.62445900,1614563303845,False,True
852469,24.67820000,23.67000000,584.13299400,1614563303845,False,True
852470,24.67730000,3.29000000,81.18831700,1614563351235,False,True
852471,24.67730000,4.90000000,120.91877000,1614563351235,False,True
852472,24.67740000,0.81000000,19.98869400,1614563351235,False,True
852473,24.66010000,0.56000000,13.80965600,1614563480577,False,True
852474,24.66010000,0.56000000,13.80965600,1614563480577,False,True
852475,24.66010000,0.56000000,13.80965600,1614563480577,False,True
852476,24.66010000,0.56000000,13.80965600,1614563480577,False,True
852477,24.66010000,0.56000000,13.80965600,1614563480577,False,True
852478,24.66010000,0.56000000,13.80965600,1614563480577,False,True
852479,24.66010000,0.56000000,13.80965600,1614563480577,False,True
852480,24.66010000,0.56000000,13.80965600,1614563480577,False,True
852481,24.66010000,0.39000000,9.61743900,1614563480577,False,True
852482,24.66020000,15.13000000,373.10882600,1614563480577,False,True
852483,24.63790000,7.12000000,175.42184800,1614563575525,False,True
852484,24.66020000,12.40000000,305.78648000,1614563587032,True,True
852485,24.61540000,4.90000000,120.61546000,1614563587059,True,True
852486,24.60510000,7.50000000,184.53825000,1614563587059,True,True
852487,24.60510000,0.56000000,13.77885600,1614563628834,True,True
852488,24.60510000,9.54000000,234.73265400,1614563628834,True,True
852489,24.62630000,0.48000000,11.82062400,1614563648782,False,True
852490,24.60510000,10.02000000,246.54310200,1614563654299,True,True
852491,24.60510000,0.56000000,13.77885600,1614563654299,True,True
852492,24.60510000,0.56000000,13.77885600,1614563654299,True,True
852493,24.60510000,0.56000000,13.77885600,1614563654299,True,True
852494,24.60510000,0.56000000,13.77885600,1614563654299,True,True
852495,24.60510000,0.56000000,13.77885600,1614563654299,True,True
852496,24.60510000,0.56000000,13.77885600,1614563654299,True,True
852497,24.60510000,0.56000000,13.77885600,1614563654299,True,True
852498,24.60510000,0.39000000,9.59598900,1614563654299,True,True
852499,24.60500000,0.57000000,14.02485000,1614563654299,True,True
852500,24.60500000,40.07000000,985.92235000,1614563656177,True,True
852501,24.60360000,20.56000000,505.85001600,1614563656209,True,True
852502,24.60360000,28.49000000,700.95656400,1614563656237,True,True
852503,24.62610000,0.56000000,13.79061600,1614563660001,False,True
852504,24.62610000,4.24000000,104.41466400,1614563660001,False,True
852505,24.62610000,0.16000000,3.94017600,1614563660007,False,True
852506,24.62610000,0.56000000,13.79061600,1614563660007,False,True
852507,24.62610000,0.56000000,13.79061600,1614563660007,False,True
852508,24.62610000,0.56000000,13.79061600,1614563660007,False,True
852509,24.62610000,0.56000000,13.79061600,1614563660007,False,True
852510,24.62610000,0.56000000,13.79061600,1614563660007,False,True
852511,24.62610000,0.56000000,13.79061600,1614563660007,False,True
852512,24.62610000,0.56000000,13.79061600,1614563660007,False,True
852513,24.62610000,0.39000000,9.60417900,1614563660007,False,True
852514,24.62620000,9.35000000,230.25497000,1614563660007,False,True
852515,24.55840000,21.10000000,518.18224000,1614563703746,True,True
852516,24.55840000,13.00000000,319.25920000,1614563705211,True,True
852517,24.55690000,9.30000000,228.37917000,1614563705624,True,True
852518,24.55690000,0.08000000,1.96455200,1614563705863,True,True
852519,24.53390000,1.52000000,37.29152800,1614563705863,True,True
852520,24.53390000,24.90000000,610.89411000,1614563707027,True,True
852521,24.49740000,1.90000000,46.54506000,1614563719714,True,True
852522,24.49730000,0.64000000,15.67827200,1614563734786,True,True
852523,24.48910000,0.64000000,15.67302400,1614563734810,True,True
852524,24.48920000,4.39000000,107.50758800,1614563740052,True,True
852525,24.48910000,0.05000000,1.22445500,1614563740052,True,True
852526,24.43480000,4.09000000,99.93833200,1614563740082,True,True
852527,24.43480000,6.29000000,153.69489200,1614563745811,True,True
852528,24.43480000,1.97000000,48.13655600,1614563745815,True,True
852529,24.43480000,6.41000000,156.62706800,1614563745933,True,True
852530,24.43480000,5.94000000,145.14271200,1614563745942,True,True
852531,24.43480000,0.45000000,10.99566000,1614563746183,True,True
852532,24.43480000,11.60000000,283.44368000,1614563746201,True,True
852533,24.43470000,1.00000000,24.43470000,1614563746505,True,True
852534,24.45700000,0.84000000,20.54388000,1614563797844,False,True
852535,24.45700000,5.45000000,133.29065000,1614563797844,False,True
852536,24.45700000,6.29000000,153.83453000,1614563797845,False,True
852537,24.45710000,36.11000000,883.14588100,1614563797907,False,True
852538,24.46230000,20.03000000,489.97986900,1614563798088,True,True
852539,24.57080000,1.63000000,40.05040400,1614564006423,False,True
852540,24.57080000,48.90000000,1201.51212000,1614564006891,False,True
852541,24.57080000,0.07000000,1.71995600,1614564010306,False,True
852542,24.58220000,6.26000000,153.88457200,1614564010337,False,True
852543,24.58220000,13.30000000,326.94326000,1614564010338,False,True
852544,24.57090000,4.90000000,120.39741000,1614564037093,True,True
852545,24.56880000,18.85000000,463.12188000,1614564037093,True,True
852546,24.54870000,14.50000000,355.95615000,1614564037093,True,True
852547,24.50840000,4.90000000,120.09116000,1614564158809,False,True
852548,24.53120000,102.13000000,2505.37145600,1614564159017,False,True
852549,24.60630000,2.00000000,49.21260000,1614564288807,False,True
852550,24.60630000,4.02000000,98.91732600,1614564404736,False,True
852551,24.60860000,1.00000000,24.60860000,1614564404736,False,True
852552,24.61560000,73.63000000,1812.44662800,1614564404736,False,True
852553,24.61560000,1.00000000,24.61560000,1614564489082,True,True
852554,24.61560000,0.44000000,10.83086400,1614564494468,True,True
852555,24.61560000,29.89000000,735.76028400,1614564494517,True,True
852556,24.63810000,6.29000000,154.97364900,1614564621420,False,True
852557,24.63820000,0.69000000,17.00035800,1614564621420,False,True
852558,24.64000000,7.93000000,195.39520000,1614564621428,True,True
852559,24.64000000,38.31000000,943.95840000,1614564621429,True,True
852560,24.64000000,236.33000000,5823.17120000,1614564621431,True,True
852561,24.64000000,128.93000000,3176.83520000,1614564621431,True,True
852562,24.64000000,79.46000000,1957.89440000,1614564621432,True,True
852563,24.64000000,11.80000000,290.75200000,1614564621432,True,True
852564,24.64000000,168.87000000,4160.95680000,1614564621433,True,True
852565,24.64000000,690.94000000,17024.76160000,1614564621433,True,True
852566,24.64000000,5.20000000,128.12800000,1614564621447,True,True
852567,24.64000000,18.10000000,445.98400000,1614564621448,True,True
852568,24.64000000,85.60000000,2109.18400000,1614564621486,True,True
852569,24.64000000,64.20000000,1581.88800000,1614564621527,True,True
852570,24.64000000,25.00000000,616.00000000,1614564621944,True,True
852571,24.64000000,50.00000000,1232.00000000,1614564621982,True,True
852572,24.64000000,33.00000000,813.12000000,1614564622034,True,True
852573,24.64000000,33.00000000,813.12000000,1614564622095,True,True
852574,24.64000000,33.00000000,813.12000000,1614564622124,True,True
852575,24.64000000,33.00000000,813.12000000,1614564622167,True,True
852576,24.64000000,12.53000000,308.73920000,1614564622205,True,True
852577,24.64000000,25.00000000,616.00000000,1614564622534,True,True
852578,24.64000000,115.00000000,2833.60000000,1614564622534,True,True
852579,24.64000000,66.26000000,1632.64640000,1614564622546,True,True
852580,24.64000000,5.00000000,123.20000000,1614564622588,True,True
852581,24.64000000,10.00000000,246.40000000,1614564622628,True,True
852582,24.64000000,18.01000000,443.76640000,1614564622647,True,True
852583,24.64000000,19.69000000,485.16160000,1614564628446,True,True
852584,24.64000000,16.69000000,411.24160000,1614564631509,True,True
852585,24.64000000,20.69000000,509.80160000,1614564631548,True,True
852586,24.64000000,19.13000000,471.36320000,1614564635881,True,True
852587,24.64000000,3.57000000,87.96480000,1614564647526,True,True
852588,24.64000000,1.59000000,39.17760000,1614564671778,True,True
852589,24.64000000,95.17000000,2344.98880000,1614564671865,True,True
852590,24.64000000,89.89000000,2214.88960000,1614564671989,True,True
852591,24.64000000,16.38000000,403.60320000,1614564672610,True,True
852592,24.64000000,18.17000000,447.70880000,1614564672648,True,True
852593,24.64000000,83.40000000,2054.97600000,1614564673214,True,True
852594,24.64000000,13.61000000,335.35040000,1614564673906,True,True
852595,24.64000000,22.60000000,556.86400000,1614564675592,True,True
852596,24.64000000,20.26000000,499.20640000,1614564675671,True,True
852597,24.64000000,15.66000000,385.86240000,1614564675706,True,True
852598,24.64620000,6.10000000,150.34182000,1614564677118,False,True
852599,24.65660000,0.64000000,15.78022400,1614564695132,False,True
852600,24.67500000,124.48000000,3071.54400000,1614564695132,False,True
852601,24.68780000,3.06000000,75.54466800,1614564695132,False,True
852602,24.68780000,128.18000000,3164.48220400,1614564695133,False,True
852603,24.68780000,0.01000000,0.24687800,1614564695135,False,True
852604,24.71650000,0.61000000,15.07706500,1614564758896,False,True
852605,24.76650000,30.58000000,757.35957000,1614564769424,False,True
852606,24.76650000,24.01000000,594.64366500,1614564769424,False,True
852607,24.76730000,0.64000000,15.85107200,1614564769548,False,True
852608,24.77430000,42.74000000,1058.85358200,1614564788467,False,True
852609,24.77430000,42.74000000,1058.85358200,1614564788467,False,True
852610,24.77430000,0.98000000,24.27881400,1614564788467,False,True
852611,24.77430000,41.76000000,1034.57476800,1614564788468,False,True
852612,24.77430000,42.74000000,1058.85358200,1614564788468,False,True
852613,24.77430000,1.96000000,48.55762800,1614564788468,False,True
852614,24.77430000,40.74000000,1009.30498200,1614564788468,False,True
852615,24.77430000,42.70000000,1057.86261000,1614564788468,False,True
852616,24.78260000,1.00000000,24.78260000,1614564788468,False,True
852617,24.78830000,0.69000000,17.10392700,1614564794604,False,True
852618,24.82100000,6.04000000,149.91884000,1614564837358,True,True
852619,24.85580000,1.68000000,41.75774400,1614564867161,False,True
852620,24.85580000,0.84000000,20.87887200,1614564867161,False,True
852621,24.87850000,0.63000000,15.67345500,1614564872637,False,True
852622,24.90570000,1.57000000,39.10194900,1614564884983,False,True
852623,24.91290000,0.43000000,10.71254700,1614564884983,False,True
852624,24.91300000,31.97000000,796.46861000,1614564893166,False,True
852625,24.87550000,44.61000000,1109.69605500,1614564897814,True,True
852626,24.87550000,4.90000000,121.88995000,1614564897814,True,True
852627,24.86770000,6.28000000,156.16915600,1614564897826,True,True
852628,24.86770000,6.28000000,156.16915600,1614564897827,True,True
852629,24.86770000,9.58000000,238.23256600,1614564897831,True,True
852630,24.87550000,1.77000000,44.02963500,1614564897853,False,True
852631,24.85250000,21.12000000,524.88480000,1614564897856,True,True
852632,24.84600000,22.32000000,554.56272000,1614564897976,False,True
852633,24.84600000,19.68000000,488.96928000,1614564897987,True,True
852634,24.84660000,19.80000000,491.96268000,1614564898018,False,True
852635,24.84610000,19.80000000,491.95278000,1614564898060,True,True
852636,24.84610000,70.20000000,1744.19622000,1614564898173,True,True
852637,24.87550000,0.56000000,13.93028000,1614564898611,False,True
852638,24.85070000,18.21000000,452.53124700,1614564898685,False,True
852639,24.87550000,9.67000000,240.54608500,1614564898920,False,True
852640,24.90990000,5.74000000,142.98282600,1614564933872,True,True
852641,24.93860000,2.00000000,49.87720000,1614564936907,False,True
852642,24.93850000,2.13000000,53.11900500,1614564969197,False,True
852643,24.87860000,16.40000000,408.00904000,1614564994905,True,True
852644,24.87860000,2.93000000,72.89429800,1614564995201,True,True
852645,24.87800000,3.01000000,74.88278000,1614565000011,True,True
852646,24.87800000,3.14000000,78.11692000,1614565000011,True,True
852647,24.93720000,0.84000000,20.94724800,1614565004383,False,True
852648,24.93720000,2.80000000,69.82416000,1614565004383,False,True
852649,24.93720000,19.33000000,482.03607600,1614565004383,False,True
852650,24.93820000,20.34000000,507.24298800,1614565004383,False,True
852651,24.93830000,34.29000000,855.13430700,1614565004383,False,True
852652,24.93830000,10.01000000,249.63238300,1614565006170,False,True
852653,24.93920000,0.69000000,17.20804800,1614565013345,False,True
852654,24.95650000,0.97000000,24.20780500,1614565013365,False,True
852655,24.95650000,0.03000000,0.74869500,1614565013384,False,True
852656,24.96660000,0.93000000,23.21893800,1614565013384,False,True
852657,24.98000000,0.53000000,13.23940000,1614565013384,False,True
852658,24.98200000,102.47000000,2559.90554000,1614565013384,False,True
852659,24.99040000,0.63000000,15.74395200,1614565013384,False,True
852660,25.00270000,7.01000000,175.26892700,1614565013384,False,True
852661,25.00000000,20.00000000,500.00000000,1614565013393,True,True
852662,25.00270000,86.93000000,2173.48471100,1614565013394,False,True
852663,25.00270000,50.64000000,1266.13672800,1614565013397,False,True
852664,25.01780000,6.29000000,157.36196200,1614565022672,True,True
852665,25.01780000,0.55000000,13.75979000,1614565022672,True,True
852666,25.01780000,0.55000000,13.75979000,1614565022673,True,True
852667,25.01780000,0.55000000,13.75979000,1614565022673,True,True
852668,25.01780000,0.55000000,13.75979000,1614565022673,True,True
852669,25.01780000,0.55000000,13.75979000,1614565022673,True,True
852670,25.01780000,0.55000000,13.75979000,1614565022673,True,True
852671,25.01780000,0.55000000,13.75979000,1614565022673,True,True
852672,25.01780000,0.55000000,13.75979000,1614565022673,True,True
852673,25.01780000,0.38000000,9.50676400,1614565022673,True,True
852674,25.01770000,6.80000000,170.12036000,1614565022683,True,True
852675,25.01770000,13.50000000,337.73895000,1614565022727,True,True
852676,25.01770000,0.04000000,1.00070800,1614565022825,True,True
852677,25.09040000,6.29000000,157.81861600,1614565032914,False,True
852678,25.09050000,0.55000000,13.79977500,1614565032924,False,True
852679,25.09050000,0.55000000,13.79977500,1614565032924,False,True
852680,25.09050000,0.55000000,13.79977500,1614565032924,False,True
852681,25.09050000,0.55000000,13.79977500,1614565032924,False,True
852682,25.09050000,0.55000000,13.79977500,1614565032924,False,True
852683,25.09050000,0.55000000,13.79977500,1614565032924,False,True
852684,25.09050000,0.55000000,13.79977500,1614565032924,False,True
852685,25.09050000,0.13000000,3.26176500,1614565032924,False,True
852686,25.09050000,0.42000000,10.53801000,1614565032926,False,True
852687,25.09050000,0.39000000,9.78529500,1614565032926,False,True
852688,25.09100000,90.00000000,2258.19000000,1614565032930,False,True
852689,25.09110000,0.69000000,17.31285900,1614565032930,False,True
852690,25.10260000,0.63000000,15.81463800,1614565032930,False,True
852691,25.10670000,0.68000000,17.07255600,1614565032930,False,True
852692,25.10900000,2.00000000,50.21800000,1614565032930,False,True
852693,25.13030000,34.10000000,856.94323000,1614565032960,False,True
852694,25.13040000,1.00000000,25.13040000,1614565032989,False,True
852695,25.14600000,10.37000000,260.76402000,1614565032989,False,True
852696,25.14630000,119.98000000,3017.05307400,1614565032989,False,True
852697,25.15120000,113.70000000,2859.69144000,1614565032989,False,True
852698,25.15930000,49.15000000,1236.57959500,1614565032989,False,True
852699,25.15930000,50.85000000,1279.35040500,1614565032990,False,True
852700,25.19020000,0.58000000,14.61031600,1614565032990,False,True
852701,25.19550000,6.00000000,151.17300000,1614565032990,False,True
852702,25.21530000,0.62000000,15.63348600,1614565032990,False,True
852703,25.24390000,0.69000000,17.41829100,1614565032990,False,True
852704,25.29920000,2.28000000,57.68217600,1614565032990,False,True
852705,25.29920000,35.44000000,896.60364800,1614565032990,False,True
852706,25.29930000,19.16000000,484.73458800,1614565032997,False,True
852707,25.14710000,24.82000000,624.15102200,1614565033369,True,True
852708,25.21090000,17.68000000,445.72871200,1614565033508,False,True
852709,25.21450000,2.84000000,71.60918000,1614565033618,False,True
852710,25.20950000,10.93000000,275.53983500,1614565035343,False,True
852711,25.21370000,0.91000000,22.94446700,1614565035589,False,True
852712,25.30000000,0.84000000,21.25200000,1614565043967,False,True
852713,25.30000000,23.40000000,592.02000000,1614565043967,False,True
852714,25.30000000,25.04000000,633.51200000,1614565043967,False,True
852715,25.30000000,13.03000000,329.65900000,1614565043968,False,True
852716,25.30000000,35.65000000,901.94500000,1614565043968,False,True
852717,25.30000000,9.07000000,229.47100000,1614565043968,False,True
852718,25.30000000,1.68000000,42.50400000,1614565043968,False,True
852719,25.30020000,0.57000000,14.42111400,1614565043984,False,True
852720,25.30430000,1.00000000,25.30430000,1614565043984,False,True
852721,25.31840000,1.00000000,25.31840000,1614565043984,False,True
852722,25.32860000,0.62000000,15.70373200,1614565043984,False,True
852723,25.34870000,0.58000000,14.70224600,1614565043984,False,True
852724,25.19530000,3.49000000,87.93159700,1614565043993,True,True
852725,25.26480000,3.48000000,87.92150400,1614565046787,True,True
852726,25.25010000,19.09000000,482.02440900,1614565049612,True,True
852727,25.25000000,44.61000000,1126.40250000,1614565049620,True,True
852728,25.25040000,3.68000000,92.92147200,1614565050096,False,True
852729,25.31580000,19.09000000,483.27862200,1614565053606,False,True
852730,25.31580000,3.50000000,88.60530000,1614565053606,False,True
852731,25.33150000,107.60000000,2725.66940000,1614565053606,False,True
852732,25.31570000,44.61000000,1129.33337700,1614565053651,False,True
852733,25.30680000,2.04000000,51.62587200,1614565054681,True,True
852734,25.30680000,4.25000000,107.55390000,1614565054803,True,True
852735,25.39740000,6.29000000,159.74964600,1614565060847,False,True
852736,25.39760000,0.69000000,17.52434400,1614565060856,False,True
852737,25.41020000,0.57000000,14.48381400,1614565060859,False,True
852738,25.42300000,1.00000000,25.42300000,1614565060860,False,True
852739,25.44240000,0.62000000,15.77428800,1614565060860,False,True
852740,25.45420000,0.59000000,15.01797800,1614565060860,False,True
852741,25.45820000,35.31000000,898.92904200,1614565060860,False,True
852742,25.45830000,26.68000000,679.22744400,1614565060860,False,True
852743,25.47820000,1.00000000,25.47820000,1614565060874,False,True
852744,25.49990000,20.34000000,518.66796600,1614565060960,False,True
852745,25.50000000,17.22000000,439.11000000,1614565060988,False,True
852746,25.49980000,0.84000000,21.41983200,1614565061141,False,True
852747,25.47420000,23.50000000,598.64370000,1614565061753,False,True
852748,25.49010000,19.01000000,484.56680100,1614565062143,False,True
852749,25.49750000,5.71000000,145.59072500,1614565062176,False,True
852750,25.49750000,4.24000000,108.10940000,1614565062192,False,True
852751,25.50540000,1.17000000,29.84131800,1614565063861,False,True
852752,25.45220000,21.12000000,537.55046400,1614565064549,False,True
852753,25.45560000,1.28000000,32.58316800,1614565064588,False,True
852754,25.52020000,0.56000000,14.29131200,1614565066527,False,True
852755,25.55230000,0.69000000,17.63108700,1614565066547,False,True
852756,25.55660000,0.62000000,15.84509200,1614565066577,False,True
852757,25.63020000,0.56000000,14.35291200,1614565066857,False,True
852758,25.65210000,1.00000000,25.65210000,1614565067786,False,True
852759,25.67150000,0.61000000,15.65961500,1614565067786,False,True
852760,25.70790000,0.69000000,17.73845100,1614565067786,False,True
852761,25.65200000,0.84000000,21.54768000,1614565067801,False,True
852762,25.58460000,20.86000000,533.69475600,1614565070202,True,True
852763,25.58460000,0.29000000,7.41953400,1614565070250,True,True
852764,25.58460000,3.60000000,92.10456000,1614565070250,True,True
852765,25.58460000,1.30000000,33.25998000,1614565070250,True,True
852766,25.58220000,20.29000000,519.06283800,1614565070394,True,True
852767,25.56620000,19.06000000,487.29177200,1614565070655,False,True
852768,25.56790000,22.85000000,584.22651500,1614565070939,False,True
852769,25.55230000,0.69000000,17.63108700,1614565070972,True,True
852770,25.55480000,22.85000000,583.92718000,1614565071543,False,True
852771,25.55610000,19.07000000,487.35482700,1614565071621,False,True
852772,25.53990000,8.75000000,223.47412500,1614565072737,False,True
852773,25.53990000,12.51000000,319.50414900,1614565072757,False,True
852774,25.50950000,18.95000000,483.40502500,1614565073982,True,True
852775,25.50940000,44.61000000,1137.97433400,1614565074046,True,True
852776,25.50910000,0.54000000,13.77491400,1614565074402,True,True
852777,25.50910000,0.54000000,13.77491400,1614565074402,True,True
852778,25.50910000,0.54000000,13.77491400,1614565074402,True,True
852779,25.50910000,0.54000000,13.77491400,1614565074402,True,True
852780,25.50910000,0.54000000,13.77491400,1614565074402,True,True
852781,25.50910000,0.54000000,13.77491400,1614565074402,True,True
852782,25.50910000,0.54000000,13.77491400,1614565074402,True,True
852783,25.50910000,0.15000000,3.82636500,1614565074402,True,True
852784,25.50910000,0.39000000,9.94854900,1614565074406,True,True
852785,25.50910000,0.36000000,9.18327600,1614565074406,True,True
852786,25.50900000,20.34000000,518.85306000,1614565074415,True,True
852787,25.50560000,0.61000000,15.55841600,1614565074425,True,True
852788,25.47820000,1.00000000,25.47820000,1614565075052,True,True
852789,25.54030000,0.54000000,13.79176200,1614565094729,False,True
852790,25.57760000,18.95000000,484.69552000,1614565099575,False,True
852791,25.57760000,4.90000000,125.33024000,1614565099575,False,True
852792,25.57850000,20.34000000,520.26669000,1614565099575,False,True
852793,25.58000000,420.28000000,10750.76240000,1614565099585,True,True
852794,25.58000000,403.52000000,10322.04160000,1614565099586,True,True
852795,25.58000000,275.20000000,7039.61600000,1614565099586,True,True
852796,25.58000000,464.78000000,11889.07240000,1614565099586,True,True
852797,25.58000000,7.73000000,197.73340000,1614565099588,True,True
852798,25.58000000,6.85000000,175.22300000,1614565099599,True,True
852799,25.58010000,6.29000000,160.89882900,1614565099609,True,True
852800,25.58000000,12.51000000,320.00580000,1614565099609,True,True
852801,25.58000000,5.81000000,148.61980000,1614565099610,True,True
852802,25.58000000,5.93000000,151.68940000,1614565099620,True,True
852803,25.58000000,4.90000000,125.34200000,1614565099629,True,True
852804,25.58000000,4.94000000,126.36520000,1614565099639,True,True
852805,25.58000000,12.00000000,306.96000000,1614565099646,True,True
852806,25.58000000,7.00000000,179.06000000,1614565099669,True,True
852807,25.58000000,24.20000000,619.03600000,1614565099707,True,True
852808,25.58000000,33.00000000,844.14000000,1614565099753,True,True
852809,25.58000000,47.60000000,1217.60800000,1614565099790,True,True
852810,25.58010000,12.00000000,306.96120000,1614565099831,True,True
852811,25.58010000,8.34000000,213.33803400,1614565099926,True,True
852812,25.58000000,41.26000000,1055.43080000,1614565099935,True,True
852813,25.58870000,2.74000000,70.11303800,1614565099938,False,True
852814,25.58000000,5.00000000,127.90000000,1614565099943,True,True
852815,25.58000000,5.00000000,127.90000000,1614565099947,True,True
852816,25.58000000,5.00000000,127.90000000,1614565099950,True,True
852817,25.58000000,5.00000000,127.90000000,1614565099951,True,True
852818,25.58000000,658.30000000,16839.31400000,1614565100091,True,True
852819,25.55490000,0.40000000,10.22196000,1614565156461,True,True
852820,25.55490000,4.90000000,125.21901000,1614565156461,True,True
852821,25.63880000,4.90000000,125.63012000,1614565165363,False,True
852822,25.65190000,0.54000000,13.85202600,1614565170960,False,True
852823,25.65190000,0.54000000,13.85202600,1614565170960,False,True
852824,25.65190000,0.54000000,13.85202600,1614565170960,False,True
852825,25.65190000,0.54000000,13.85202600,1614565170960,False,True
852826,25.65190000,0.54000000,13.85202600,1614565170960,False,True
852827,25.65190000,0.54000000,13.85202600,1614565170960,False,True
852828,25.65190000,0.54000000,13.85202600,1614565170960,False,True
852829,25.65190000,0.54000000,13.85202600,1614565170960,False,True
852830,25.65190000,0.36000000,9.23468400,1614565170960,False,True
852831,25.65200000,17.12000000,439.16224000,1614565170960,False,True
852832,25.65210000,1.00000000,25.65210000,1614565171147,False,True
852833,25.67150000,0.61000000,15.65961500,1614565172021,False,True
852834,25.70760000,6.29000000,161.70080400,1614565173961,False,True
852835,25.70770000,3.22000000,82.77879400,1614565173961,False,True
852836,25.70790000,0.69000000,17.73845100,1614565173961,False,True
852837,25.74020000,0.55000000,14.15711000,1614565186856,False,True
852838,25.78670000,0.61000000,15.72988700,1614565186856,False,True
852839,25.81080000,16.33000000,421.49036400,1614565186856,False,True
852840,25.81060000,0.84000000,21.68090400,1614565190440,False,True
852841,25.82600000,1.00000000,25.82600000,1614565191321,False,True
852842,25.85020000,0.55000000,14.21761000,1614565194812,False,True
852843,25.78590000,3.90000000,100.56501000,1614565194812,True,True
852844,25.86430000,6.25000000,161.65187500,1614565198197,False,True
852845,25.86430000,38.36000000,992.15454800,1614565198206,False,True
852846,25.86440000,0.69000000,17.84643600,1614565198216,False,True
852847,25.89480000,0.42000000,10.87581600,1614565208422,False,True
852848,25.90260000,0.61000000,15.80058600,1614565218005,False,True
852849,25.95000000,10.59000000,274.81050000,1614565218514,False,True
852850,25.96020000,0.54000000,14.01850800,1614565218712,False,True
852851,25.99990000,1.00000000,25.99990000,1614565223103,False,True
852852,26.00000000,18.02000000,468.52000000,1614565223431,False,True
852853,26.00000000,5.00000000,130.00000000,1614565223440,False,True
852854,26.00000000,5.00000000,130.00000000,1614565223442,False,True
852855,26.00000000,15.00000000,390.00000000,1614565223442,False,True
852856,26.00000000,5.41000000,140.66000000,1614565223455,False,True
852857,26.00440000,0.87000000,22.62382800,1614565223539,False,True
852858,26.01890000,0.60000000,15.61134000,1614565223873,False,True
852859,26.02190000,0.69000000,17.95511100,1614565223999,False,True
852860,26.04070000,4.25000000,110.67297500,1614565225944,True,True
852861,25.96130000,6.29000000,163.29657700,1614565227864,True,True
852862,25.96130000,6.28000000,163.03696400,1614565227868,True,True
852863,25.96130000,7.77000000,201.71930100,1614565227881,True,True
852864,25.94700000,23.31000000,604.82457000,1614565228142,False,True
852865,26.01950000,6.06000000,157.67817000,1614565241180,True,True
852866,25.97450000,6.39000000,165.97705500,1614565241192,True,True
852867,26.00750000,0.64000000,16.64480000,1614565246631,False,True
852868,25.99710000,4.90000000,127.38579000,1614565250039,True,True
852869,25.99330000,16.48000000,428.36958400,1614565250039,True,True
852870,26.00560000,1.37000000,35.62767200,1614565252152,True,True
852871,25.94760000,18.68000000,484.70116800,1614565261981,True,True
852872,25.94710000,6.29000000,163.20725900,1614565265728,True,True
852873,25.94700000,14.41000000,373.89627000,1614565265728,True,True
852874,25.94700000,48.60000000,1261.02420000,1614565266096,True,True
852875,25.94700000,0.05000000,1.29735000,1614565269086,True,True
852876,25.88890000,9.48000000,245.42677200,1614565269556,True,True
852877,25.88890000,47.50000000,1229.72275000,1614565269672,True,True
852878,25.86440000,0.69000000,17.84643600,1614565271261,True,True
852879,25.85080000,0.60000000,15.51048000,1614565271341,True,True
852880,25.82600000,1.00000000,25.82600000,1614565271636,True,True
852881,25.73530000,1.16000000,29.85294800,1614565275034,True,True
852882,25.73520000,0.61000000,15.69847200,1614565275169,True,True
852883,25.70820000,0.60000000,15.42492000,1614565275185,True,True
852884,25.70790000,0.69000000,17.73845100,1614565283207,True,True
852885,25.83430000,50.83000000,1313.15746900,1614565283544,False,True
852886,25.83430000,4.90000000,126.58807000,1614565283544,False,True
852887,25.83460000,7.82000000,202.02657200,1614565283544,False,True
852888,25.83480000,0.57000000,14.72583600,1614565283544,False,True
852889,25.83440000,0.84000000,21.70089600,1614565289157,False,True
852890,25.83440000,18.68000000,482.58659200,1614565289157,False,True
852891,25.84680000,8.07000000,208.58367600,1614565289191,False,True
852892,25.86440000,0.69000000,17.84643600,1614565289279,False,True
852893,25.88040000,6.29000000,162.78771600,1614565291941,False,True
852894,25.90260000,0.61000000,15.80058600,1614565295095,False,True
852895,25.91110000,0.84000000,21.76532400,1614565307365,False,True
852896,25.83500000,18.68000000,482.59780000,1614565325420,True,True
852897,25.93860000,7.00000000,181.57020000,1614565331064,True,True
852898,25.99100000,0.84000000,21.83244000,1614565336345,False,True
852899,25.99100000,8.96000000,232.87936000,1614565336345,False,True
852900,25.99990000,1.00000000,25.99990000,1614565336659,False,True
852901,26.01890000,0.60000000,15.61134000,1614565337267,False,True
852902,26.02190000,0.69000000,17.95511100,1614565337282,False,True
852903,26.01950000,9.72000000,252.90954000,1614565369486,False,True
852904,26.03330000,0.04000000,1.04133200,1614565369486,False,True
852905,25.87410000,6.29000000,162.74808900,1614565379127,True,True
852906,25.86440000,0.69000000,17.84643600,1614565379270,True,True
852907,25.85080000,0.60000000,15.51048000,1614565382031,True,True
852908,25.82600000,1.00000000,25.82600000,1614565382680,True,True
852909,25.73890000,3.84000000,98.83737600,1614565386138,True,True
852910,25.73870000,109.16000000,2809.63649200,1614565386138,True,True
852911,25.73520000,0.61000000,15.69847200,1614565393440,True,True
852912,25.70790000,0.69000000,17.73845100,1614565395915,True,True
852913,25.67220000,1.36000000,34.91419200,1614565397368,True,True
852914,25.80340000,20.68000000,533.61431200,1614565408138,False,True
852915,25.80340000,1.30000000,33.54442000,1614565408138,False,True
852916,25.80780000,2.68000000,69.16490400,1614565408138,False,True
852917,25.80780000,3.61000000,93.16615800,1614565408144,False,True
852918,25.80790000,20.34000000,524.93268600,1614565408144,False,True
852919,25.81550000,13.65000000,352.38157500,1614565408170,False,True
852920,25.86440000,0.69000000,17.84643600,1614565408791,False,True
852921,25.90260000,0.61000000,15.80058600,1614565409514,False,True
852922,25.99990000,1.00000000,25.99990000,1614565419935,False,True
852923,25.95800000,4.90000000,127.19420000,1614565423096,True,True
852924,25.96130000,3.85000000,99.95100500,1614565431579,False,True
852925,25.96130000,1.05000000,27.25936500,1614565439889,False,True
852926,25.97830000,23.98000000,622.95963400,1614565439891,False,True
852927,26.01890000,0.60000000,15.61134000,1614565439933,False,True
852928,26.02190000,0.69000000,17.95511100,1614565439985,False,True
852929,26.04080000,26.43000000,688.25834400,1614565440161,False,True
852930,26.07020000,0.54000000,14.07790800,1614565441044,False,True
852931,26.07020000,1.16000000,30.24143200,1614565441044,False,True
852932,26.08480000,11.51000000,300.23604800,1614565441044,False,True
852933,26.09120000,0.65000000,16.95928000,1614565441441,False,True
852934,26.12800000,27.87000000,728.18736000,1614565442954,False,True
852935,26.13580000,0.60000000,15.68148000,1614565442962,False,True
852936,25.99700000,1.93000000,50.17421000,1614565449889,True,True
852937,25.99700000,11.71000000,304.42487000,1614565449889,True,True
852938,25.99700000,7.09000000,184.31873000,1614565449890,True,True
852939,25.99680000,20.34000000,528.77491200,1614565449906,True,True
852940,25.99680000,6.29000000,163.51987200,1614565449906,True,True
852941,25.99680000,4.90000000,127.38432000,1614565449906,True,True
852942,25.96690000,0.60000000,15.58014000,1614565451902,True,True
852943,26.00360000,18.80000000,488.86768000,1614565470587,False,True
852944,26.00360000,4.90000000,127.41764000,1614565470587,False,True
852945,26.01840000,23.33000000,607.00927200,1614565470592,False,True
852946,26.03520000,1.93000000,50.24793600,1614565471109,False,True
852947,26.06540000,20.34000000,530.17023600,1614565479934,False,True
852948,26.13560000,54.66000000,1428.57189600,1614565479934,False,True
852949,26.13580000,0.60000000,15.68148000,1614565512403,False,True
852950,26.16130000,55.65000000,1455.87634500,1614565512403,False,True
852951,26.16140000,23.09000000,604.06672600,1614565512403,False,True
852952,26.17350000,0.84000000,21.98574000,1614565526919,False,True
852953,26.17390000,1.00000000,26.17390000,1614565526931,False,True
852954,26.18020000,0.54000000,14.13730800,1614565526936,False,True
852955,26.18040000,0.69000000,18.06447600,1614565526936,False,True
852956,26.18810000,4.29000000,112.34694900,1614565526987,False,True
852957,26.20720000,0.59000000,15.46224800,1614565527067,False,True
852958,26.19200000,20.75000000,543.48400000,1614565528309,True,True
852959,26.19200000,4.90000000,128.34080000,1614565528309,True,True
852960,26.25320000,0.60000000,15.75192000,1614565529991,False,True
852961,26.25320000,4.90000000,128.64068000,1614565529991,False,True
852962,26.26380000,26.41000000,693.62695800,1614565530439,False,True
852963,26.29020000,0.53000000,13.93380600,1614565542381,False,True
852964,26.20560000,0.53000000,13.88896800,1614565585168,True,True
852965,26.20560000,0.53000000,13.88896800,1614565585168,True,True
852966,26.20560000,0.53000000,13.88896800,1614565585168,True,True
852967,26.20560000,0.09000000,2.35850400,1614565585168,True,True
852968,26.20560000,0.44000000,11.53046400,1614565586056,True,True
852969,26.20560000,0.53000000,13.88896800,1614565586056,True,True
852970,26.20560000,0.53000000,13.88896800,1614565586056,True,True
852971,26.20560000,0.53000000,13.88896800,1614565586056,True,True
852972,26.20560000,0.53000000,13.88896800,1614565586056,True,True
852973,26.20560000,0.33000000,8.64784800,1614565586056,True,True
852974,26.20550000,16.21000000,424.79115500,1614565586056,True,True
852975,26.19870000,0.53000000,13.88531100,1614565587642,True,True
852976,26.19870000,0.53000000,13.88531100,1614565587642,True,True
852977,26.19870000,0.53000000,13.88531100,1614565587642,True,True
852978,26.19870000,0.53000000,13.88531100,1614565587642,True,True
852979,26.19870000,0.53000000,13.88531100,1614565587642,True,True
852980,26.19870000,0.53000000,13.88531100,1614565587642,True,True
852981,26.19870000,0.53000000,13.88531100,1614565587642,True,True
852982,26.19870000,0.09000000,2.35788300,1614565587642,True,True
852983,26.19870000,0.44000000,11.52742800,1614565587642,True,True
852984,26.19870000,0.33000000,8.64557100,1614565587642,True,True
852985,26.19860000,47.38000000,1241.28966800,1614565587643,True,True
852986,26.14530000,20.34000000,531.79540200,1614565589057,True,True
852987,26.14510000,55.96000000,1463.07979600,1614565589057,True,True
852988,26.08360000,0.60000000,15.65016000,1614565594625,True,True
852989,26.02190000,0.69000000,17.95511100,1614565599736,True,True
852990,26.02190000,4.90000000,127.50731000,1614565599736,True,True
852991,26.00000000,6.02000000,156.52000000,1614565599736,True,True
852992,25.99990000,1.00000000,25.99990000,1614565599736,True,True
852993,25.99360000,0.53000000,13.77660800,1614565599736,True,True
852994,25.99360000,0.53000000,13.77660800,1614565599736,True,True
852995,25.99360000,0.53000000,13.77660800,1614565599736,True,True
852996,25.99360000,0.53000000,13.77660800,1614565599736,True,True
852997,25.99360000,0.53000000,13.77660800,1614565599736,True,True
852998,25.99360000,0.53000000,13.77660800,1614565599736,True,True
852999,25.99360000,0.53000000,13.77660800,1614565599736,True,True
853000,25.99360000,0.53000000,13.77660800,1614565599736,True,True
853001,25.99360000,0.36000000,9.35769600,1614565599736,True,True
853002,25.99350000,23.51000000,611.10718500,1614565599736,True,True
853003,26.00000000,1.62000000,42.12000000,1614565602243,True,True
853004,26.00000000,7.00000000,182.00000000,1614565602767,True,True
853005,26.08380000,4.90000000,127.81062000,1614565612245,False,True
853006,26.08390000,4.40000000,114.76916000,1614565612245,False,True
853007,26.08410000,0.53000000,13.82457300,1614565612245,False,True
853008,26.08410000,0.53000000,13.82457300,1614565612245,False,True
853009,26.08410000,0.53000000,13.82457300,1614565612245,False,True
853010,26.08410000,0.53000000,13.82457300,1614565612245,False,True
853011,26.08410000,0.53000000,13.82457300,1614565612245,False,True
853012,26.08410000,0.53000000,13.82457300,1614565612245,False,True
853013,26.08410000,0.53000000,13.82457300,1614565612245,False,True
853014,26.08410000,0.53000000,13.82457300,1614565612245,False,True
853015,26.08410000,0.37000000,9.65111700,1614565612245,False,True
853016,26.08420000,12.92000000,337.00786400,1614565612245,False,True
853017,26.10130000,0.53000000,13.83368900,1614565634240,False,True
853018,26.10130000,16.20000000,422.84106000,1614565634240,False,True
853019,26.10130000,0.01000000,0.26101300,1614565634244,False,True
853020,26.10130000,0.53000000,13.83368900,1614565634244,False,True
853021,26.10130000,0.53000000,13.83368900,1614565634244,False,True
853022,26.10130000,0.53000000,13.83368900,1614565634244,False,True
853023,26.10130000,0.53000000,13.83368900,1614565634244,False,True
853024,26.10130000,0.53000000,13.83368900,1614565634244,False,True
853025,26.10130000,0.53000000,13.83368900,1614565634244,False,True
853026,26.10130000,0.53000000,13.83368900,1614565634244,False,True
853027,26.10130000,0.36000000,9.39646800,1614565634244,False,True
853028,26.10140000,83.62000000,2182.59906800,1614565634244,False,True
853029,26.10140000,8.90000000,232.30246000,1614565634246,False,True
853030,26.10160000,3.83000000,99.96912800,1614565634267,False,True
853031,26.04290000,77.14000000,2008.94930600,1614565634282,True,True
853032,26.12960000,20.46000000,534.61161600,1614565634345,False,True
853033,26.13290000,112.74000000,2946.22314600,1614565634360,False,True
853034,26.18040000,0.69000000,18.06447600,1614565634571,False,True
853035,26.25320000,0.60000000,15.75192000,1614565634817,False,True
853036,26.27300000,0.53000000,13.92469000,1614565635507,False,True
853037,26.27300000,0.53000000,13.92469000,1614565635507,False,True
853038,26.27300000,0.53000000,13.92469000,1614565635507,False,True
853039,26.27300000,0.53000000,13.92469000,1614565635507,False,True
853040,26.27300000,0.53000000,13.92469000,1614565635507,False,True
853041,26.27300000,0.53000000,13.92469000,1614565635507,False,True
853042,26.27300000,0.53000000,13.92469000,1614565635507,False,True
853043,26.27300000,0.09000000,2.36457000,1614565635507,False,True
853044,26.20660000,2.76000000,72.33021600,1614565636747,True,True
853045,26.27300000,0.44000000,11.56012000,1614565636830,False,True
853046,26.27300000,0.33000000,8.67009000,1614565636830,False,True
853047,26.27310000,20.30000000,533.34393000,1614565637241,False,True
853048,26.27310000,0.04000000,1.05092400,1614565637250,False,True
853049,26.33970000,6.29000000,165.67671300,1614565641114,False,True
853050,26.33980000,0.69000000,18.17446200,1614565641124,False,True
853051,26.34090000,4.37000000,115.10973300,1614565641124,False,True
853052,26.34090000,4.39000000,115.63655100,1614565641140,False,True
853053,26.34090000,26.27000000,691.97544300,1614565641158,False,True
853054,26.34780000,1.00000000,26.34780000,1614565641165,False,True
853055,26.35490000,25.16000000,663.08928400,1614565641182,False,True
853056,26.33660000,1.30000000,34.23758000,1614565641872,True,True
853057,26.37110000,0.60000000,15.82266000,1614565642437,False,True
853058,26.40020000,0.53000000,13.99210600,1614565643538,False,True
853059,26.35400000,1.00000000,26.35400000,1614565644643,True,True
853060,26.40770000,0.69000000,18.22131300,1614565644880,False,True
853061,26.47130000,0.84000000,22.23589200,1614565651304,False,True
853062,26.47140000,22.00000000,582.37080000,1614565651729,False,True
853063,26.47140000,7.20000000,190.59408000,1614565651732,False,True
853064,26.42090000,38.02000000,1004.52261800,1614565653291,True,True
853065,26.42110000,0.38000000,10.04001800,1614565658070,True,True
853066,26.36510000,6.09000000,160.56345900,1614565706609,True,True
853067,26.25000000,0.69000000,18.11250000,1614565715461,True,True
853068,26.20090000,0.53000000,13.88647700,1614565716477,True,True
853069,26.20090000,0.53000000,13.88647700,1614565716477,True,True
853070,26.20090000,0.53000000,13.88647700,1614565716477,True,True
853071,26.20090000,0.53000000,13.88647700,1614565716477,True,True
853072,26.20090000,0.53000000,13.88647700,1614565716477,True,True
853073,26.20090000,0.53000000,13.88647700,1614565716477,True,True
853074,26.20090000,0.41000000,10.74236900,1614565716477,True,True
853075,26.20090000,0.12000000,3.14410800,1614565716950,True,True
853076,26.20090000,4.90000000,128.38441000,1614565716950,True,True
853077,26.20090000,0.53000000,13.88647700,1614565716950,True,True
853078,26.20090000,0.33000000,8.64629700,1614565716950,True,True
853079,26.20080000,12.42000000,325.41393600,1614565716950,True,True
853080,26.20070000,0.60000000,15.72042000,1614565718874,True,True
853081,26.18650000,7.46000000,195.35129000,1614565721314,True,True
853082,26.18040000,0.69000000,18.06447600,1614565722434,True,True
853083,26.17390000,1.00000000,26.17390000,1614565725522,True,True
853084,26.19370000,3.06000000,80.15272200,1614565734080,False,True
853085,26.25290000,0.53000000,13.91403700,1614565734084,False,True
853086,26.25290000,0.53000000,13.91403700,1614565734084,False,True
853087,26.25290000,0.53000000,13.91403700,1614565734084,False,True
853088,26.25290000,0.53000000,13.91403700,1614565734084,False,True
853089,26.25290000,0.53000000,13.91403700,1614565734084,False,True
853090,26.25290000,0.53000000,13.91403700,1614565734084,False,True
853091,26.25290000,0.53000000,13.91403700,1614565734084,False,True
853092,26.25290000,0.53000000,13.91403700,1614565734084,False,True
853093,26.25290000,0.34000000,8.92598600,1614565734084,False,True
853094,26.25300000,19.02000000,499.33206000,1614565734084,False,True
853095,26.26370000,4.90000000,128.69213000,1614565734084,False,True
853096,26.26620000,27.31000000,717.32992200,1614565734084,False,True
853097,26.27870000,5.09000000,133.75858300,1614565734084,False,True
853098,26.27870000,1.00000000,26.27870000,1614565734084,False,True
853099,26.27540000,12.42000000,326.34046800,1614565734146,False,True
853100,26.27540000,4.20000000,110.35668000,1614565734151,False,True
853101,26.27540000,2.70000000,70.94358000,1614565734151,False,True
853102,26.33960000,4.20000000,110.62632000,1614565734154,False,True
853103,26.33970000,8.22000000,216.51233400,1614565734154,False,True
853104,26.33970000,1.00000000,26.33970000,1614565734269,False,True
853105,26.33970000,0.69000000,18.17439300,1614565734273,False,True
853106,26.33970000,2.51000000,66.11264700,1614565734285,False,True
853107,26.33980000,0.69000000,18.17446200,1614565734451,False,True
853108,26.34780000,1.00000000,26.34780000,1614565734548,False,True
853109,26.37110000,0.60000000,15.82266000,1614565734856,False,True
853110,26.31970000,5.00000000,131.59850000,1614565738138,True,True
853111,26.40770000,0.69000000,18.22131300,1614565752276,False,True
853112,26.46960000,5.00000000,132.34800000,1614565767377,False,True
853113,26.46970000,0.41000000,10.85257700,1614565767939,False,True
853114,26.48960000,0.59000000,15.62886400,1614565773579,False,True
853115,26.50000000,0.40000000,10.60000000,1614565775097,False,True
853116,26.50020000,0.69000000,18.28513800,1614565776239,False,True
853117,26.51020000,0.52000000,13.78530400,1614565776564,False,True
853118,26.52170000,1.00000000,26.52170000,1614565778397,False,True
853119,26.54670000,0.46000000,12.21148200,1614565788163,False,True
853120,26.45120000,0.52000000,13.75462400,1614565802430,True,True
853121,26.45120000,4.90000000,129.61088000,1614565802430,True,True
853122,26.45120000,0.52000000,13.75462400,1614565802430,True,True
853123,26.45120000,0.52000000,13.75462400,1614565802430,True,True
853124,26.45120000,0.52000000,13.75462400,1614565802430,True,True
853125,26.45120000,0.52000000,13.75462400,1614565802430,True,True
853126,26.45120000,0.52000000,13.75462400,1614565802430,True,True
853127,26.45120000,0.52000000,13.75462400,1614565802430,True,True
853128,26.45120000,0.50000000,13.22560000,1614565802430,True,True
853129,26.51670000,4.33000000,114.81731100,1614565806586,True,True
853130,26.54610000,6.58000000,174.67333800,1614565811039,True,True
853131,26.54580000,5.26000000,139.63090800,1614565816042,True,True
853132,26.50320000,5.13000000,135.96141600,1614565821622,True,True
853133,26.48430000,0.38000000,10.06403400,1614565821693,True,True
853134,26.47100000,0.38000000,10.05898000,1614565822057,True,True
853135,26.41800000,0.52000000,13.73736000,1614565823688,True,True
853136,26.41800000,0.52000000,13.73736000,1614565823688,True,True
853137,26.41800000,0.52000000,13.73736000,1614565823688,True,True
853138,26.41800000,0.23000000,6.07614000,1614565823688,True,True
853139,26.41800000,0.29000000,7.66122000,1614565823705,True,True
853140,26.41800000,0.52000000,13.73736000,1614565823705,True,True
853141,26.41800000,0.52000000,13.73736000,1614565823705,True,True
853142,26.41800000,0.52000000,13.73736000,1614565823705,True,True
853143,26.41800000,0.52000000,13.73736000,1614565823705,True,True
853144,26.41800000,0.36000000,9.51048000,1614565823705,True,True
853145,26.41790000,3.12000000,82.42384800,1614565823705,True,True
853146,26.36060000,0.52000000,13.70751200,1614565826688,True,True
853147,26.36060000,0.52000000,13.70751200,1614565826688,True,True
853148,26.36060000,0.52000000,13.70751200,1614565826688,True,True
853149,26.36060000,0.52000000,13.70751200,1614565826688,True,True
853150,26.36060000,0.52000000,13.70751200,1614565826688,True,True
853151,26.36060000,0.52000000,13.70751200,1614565826688,True,True
853152,26.36060000,0.52000000,13.70751200,1614565826688,True,True
853153,26.36060000,0.52000000,13.70751200,1614565826688,True,True
853154,26.36060000,0.37000000,9.75342200,1614565826688,True,True
853155,26.36050000,17.22000000,453.92781000,1614565826688,True,True
853156,26.36040000,2.28000000,60.10171200,1614565826688,True,True
853157,26.34790000,4.01000000,105.65507900,1614565827699,True,True
853158,26.34780000,1.00000000,26.34780000,1614565827699,True,True
853159,26.33980000,0.69000000,18.17446200,1614565827699,True,True
853160,26.33770000,3.09000000,81.38349300,1614565827699,True,True
853161,26.44610000,0.38000000,10.04951800,1614565839599,False,True
853162,26.44610000,4.90000000,129.58589000,1614565839599,False,True
853163,26.44620000,0.53000000,14.01648600,1614565839599,False,True
853164,26.44620000,0.53000000,14.01648600,1614565839599,False,True
853165,26.44620000,0.53000000,14.01648600,1614565839599,False,True
853166,26.44620000,0.53000000,14.01648600,1614565839599,False,True
853167,26.44620000,0.53000000,14.01648600,1614565839599,False,True
853168,26.44620000,0.53000000,14.01648600,1614565839599,False,True
853169,26.44620000,0.53000000,14.01648600,1614565839599,False,True
853170,26.44620000,0.53000000,14.01648600,1614565839599,False,True
853171,26.44620000,0.30000000,7.93386000,1614565839599,False,True
853172,26.44630000,3.57000000,94.41329100,1614565839599,False,True
853173,26.44630000,16.77000000,443.50445100,1614565839622,False,True
853174,26.42460000,18.43000000,487.00537800,1614565887262,True,True
853175,26.36420000,0.53000000,13.97302600,1614565900862,True,True
853176,26.36420000,0.53000000,13.97302600,1614565900862,True,True
853177,26.36420000,0.53000000,13.97302600,1614565900862,True,True
853178,26.36420000,0.53000000,13.97302600,1614565900862,True,True
853179,26.36420000,0.53000000,13.97302600,1614565900862,True,True
853180,26.36420000,0.53000000,13.97302600,1614565900862,True,True
853181,26.36420000,0.53000000,13.97302600,1614565900862,True,True
853182,26.36420000,0.53000000,13.97302600,1614565900862,True,True
853183,26.36420000,0.30000000,7.90926000,1614565900862,True,True
853184,26.36410000,67.16000000,1770.61295600,1614565900862,True,True
853185,26.36410000,1.68000000,44.29168800,1614565900862,True,True
853186,26.36410000,26.10000000,688.10301000,1614565900895,True,True
853187,26.36410000,0.03000000,0.79092300,1614565900897,True,True
853188,26.31860000,0.53000000,13.94885800,1614565922325,True,True
853189,26.31860000,0.53000000,13.94885800,1614565922325,True,True
853190,26.31860000,0.53000000,13.94885800,1614565922325,True,True
853191,26.31860000,0.53000000,13.94885800,1614565922325,True,True
853192,26.31860000,0.53000000,13.94885800,1614565922325,True,True
853193,26.31860000,0.53000000,13.94885800,1614565922325,True,True
853194,26.31860000,0.53000000,13.94885800,1614565922325,True,True
853195,26.31860000,0.53000000,13.94885800,1614565922325,True,True
853196,26.31860000,0.30000000,7.89558000,1614565922325,True,True
853197,26.31850000,9.06000000,238.44561000,1614565922325,True,True
853198,26.31850000,11.28000000,296.87268000,1614565922328,True,True
853199,26.31840000,0.59000000,15.52785600,1614565922328,True,True
853200,26.25000000,0.69000000,18.11250000,1614565940914,True,True
853201,26.27560000,3.80000000,99.84728000,1614565953079,False,True
853202,26.21030000,6.14000000,160.93124200,1614565954162,True,True
853203,26.21030000,4.86000000,127.38205800,1614565954162,True,True
853204,26.20070000,0.60000000,15.72042000,1614565958023,True,True
853205,26.18040000,0.69000000,18.06447600,1614565962383,True,True
853206,26.17390000,1.00000000,26.17390000,1614565962383,True,True
853207,26.16690000,7.31000000,191.28003900,1614565962383,True,True
853208,26.17110000,4.53000000,118.55508300,1614565964308,True,True
853209,26.17000000,0.70000000,18.31900000,1614565999978,False,True
853210,26.13660000,0.39000000,10.19327400,1614566021028,True,True
853211,26.16990000,0.53000000,13.87004700,1614566022809,False,True
853212,26.16990000,4.90000000,128.23251000,1614566022809,False,True
853213,26.16990000,0.53000000,13.87004700,1614566022810,False,True
853214,26.16990000,0.53000000,13.87004700,1614566022810,False,True
853215,26.16990000,0.53000000,13.87004700,1614566022810,False,True
853216,26.16990000,0.53000000,13.87004700,1614566022810,False,True
853217,26.16990000,0.53000000,13.87004700,1614566022810,False,True
853218,26.16990000,0.53000000,13.87004700,1614566022810,False,True
853219,26.16990000,0.53000000,13.87004700,1614566022810,False,True
853220,26.16990000,0.34000000,8.89776600,1614566022810,False,True
853221,26.17000000,12.75000000,333.66750000,1614566022817,False,True
853222,26.26200000,15.05000000,395.24310000,1614566023831,False,True
853223,26.26200000,3.38000000,88.76556000,1614566023839,False,True
853224,26.26210000,20.34000000,534.17111400,1614566023857,False,True
853225,26.33970000,0.84000000,22.12534800,1614566024324,False,True
853226,26.33980000,0.69000000,18.17446200,1614566024344,False,True
853227,26.34780000,1.00000000,26.34780000,1614566024480,False,True
853228,26.37110000,0.60000000,15.82266000,1614566024647,False,True
