39377900,17.38000000,5.75000000,99.93500000,1665014411985,True,True
39377901,17.38000000,1.00000000,17.38000000,1665014418455,True,True
39377902,17.39000000,0.24000000,4.17360000,1665014431228,False,True
39377903,17.39000000,1.26000000,21.91140000,1665014431228,False,True
39377904,17.39000000,1.26000000,21.91140000,1665014433336,False,True
39377905,17.39000000,3.02000000,52.51780000,1665014439765,False,True
39377906,17.39000000,7.48000000,130.07720000,1665014455523,False,True
39377907,17.39000000,5.75000000,99.99250000,1665014455523,False,True
39377908,17.39000000,21.71000000,377.53690000,1665014455523,False,True
39377909,17.39000000,55.00000000,956.45000000,1665014455523,False,True
39377910,17.39000000,32.35000000,562.56650000,1665014455523,False,True
39377911,17.39000000,6.87000000,119.46930000,1665014455524,False,True
39377912,17.39000000,12.90000000,224.33100000,1665014455524,False,True
39377913,17.39000000,2.88000000,50.08320000,1665014455524,False,True
39377914,17.40000000,1.00000000,17.40000000,1665014455534,False,True
39377915,17.40000000,1.00000000,17.40000000,1665014455534,False,True
39377916,17.40000000,0.87000000,15.13800000,1665014455540,False,True
39377917,17.40000000,2.13000000,37.06200000,1665014455540,False,True
39377918,17.40000000,1.00000000,17.40000000,1665014455544,False,True
39377919,17.40000000,0.17000000,2.95800000,1665014455551,False,True
39377920,17.40000000,1.19000000,20.70600000,1665014455551,False,True
39377921,17.40000000,0.61000000,10.61400000,1665014455559,False,True
39377922,17.40000000,34.02000000,591.94800000,1665014455563,False,True
39377923,17.40000000,2.59000000,45.06600000,1665014455563,False,True
39377924,17.40000000,23.23000000,404.20200000,1665014455563,False,True
39377925,17.40000000,1.09000000,18.96600000,1665014455938,True,True
39377926,17.40000000,1.09000000,18.96600000,1665014455938,True,True
39377927,17.40000000,13.11000000,228.11400000,1665014455938,True,True
39377928,17.40000000,5.25000000,91.35000000,1665014456375,True,True
39377929,17.40000000,88.78000000,1544.77200000,1665014457230,True,True
39377930,17.40000000,55.00000000,957.00000000,1665014458066,False,True
39377931,17.40000000,8.60000000,149.64000000,1665014458066,False,True
39377932,17.39000000,0.75000000,13.04250000,1665014458321,True,True
39377933,17.39000000,11.16000000,194.07240000,1665014460310,True,True
39377934,17.39000000,0.79000000,13.73810000,1665014464984,True,True
39377935,17.40000000,0.61000000,10.61400000,1665014532454,False,True
39377936,17.40000000,62.53000000,1088.02200000,1665014532454,False,True
39377937,17.40000000,0.75000000,13.05000000,1665014534293,True,True
39377938,17.41000000,0.69000000,12.01290000,1665014534777,False,True
39377939,17.41000000,0.07000000,1.21870000,1665014534777,False,True
39377940,17.41000000,0.62000000,10.79420000,1665014542412,False,True
39377941,17.41000000,3.80000000,66.15800000,1665014542412,False,True
39377942,17.41000000,3.28000000,57.10480000,1665014542412,False,True
39377943,17.41000000,0.70000000,12.18700000,1665014542412,False,True
39377944,17.41000000,3.21000000,55.88610000,1665014542412,False,True
39377945,17.41000000,2.46000000,42.82860000,1665014542412,False,True
39377946,17.41000000,1.53000000,26.63730000,1665014542412,False,True
39377947,17.41000000,1.19000000,20.71790000,1665014542412,False,True
39377948,17.41000000,1.15000000,20.02150000,1665014542412,False,True
39377949,17.41000000,2.89000000,50.31490000,1665014542412,False,True
39377950,17.41000000,1.00000000,17.41000000,1665014542412,False,True
39377951,17.41000000,0.64000000,11.14240000,1665014542412,False,True
39377952,17.41000000,3.03000000,52.75230000,1665014542412,False,True
39377953,17.41000000,19.18000000,333.92380000,1665014542412,False,True
39377954,17.41000000,55.00000000,957.55000000,1665014542412,False,True
39377955,17.41000000,88.00000000,1532.08000000,1665014542412,False,True
39377956,17.41000000,55.00000000,957.55000000,1665014542412,False,True
39377957,17.41000000,57.32000000,997.94120000,1665014542412,False,True
39377958,17.41000000,3.02000000,52.57820000,1665014559579,False,True
39377959,17.40000000,0.75000000,13.05000000,1665014578354,True,True
39377960,17.40000000,24.59000000,427.86600000,1665014583518,True,True
39377961,17.41000000,27.25000000,474.42250000,1665014595896,False,True
39377962,17.41000000,25.84000000,449.87440000,1665014595896,False,True
39377963,17.42000000,1.26000000,21.94920000,1665014628110,False,True
39377964,17.42000000,0.78000000,13.58760000,1665014628110,False,True
39377965,17.42000000,1.16000000,20.20720000,1665014628110,False,True
39377966,17.42000000,0.63000000,10.97460000,1665014628110,False,True
39377967,17.42000000,0.63000000,10.97460000,1665014628110,False,True
39377968,17.42000000,3.30000000,57.48600000,1665014628110,False,True
39377969,17.42000000,8.30000000,144.58600000,1665014628110,False,True
39377970,17.42000000,2.59000000,45.11780000,1665014628110,False,True
39377971,17.42000000,8.30000000,144.58600000,1665014628124,False,True
39377972,17.42000000,8.30000000,144.58600000,1665014628149,False,True
39377973,17.42000000,8.30000000,144.58600000,1665014628272,False,True
39377974,17.42000000,8.30000000,144.58600000,1665014629356,False,True
39377975,17.42000000,8.30000000,144.58600000,1665014629365,False,True
39377976,17.42000000,8.30000000,144.58600000,1665014629375,False,True
39377977,17.42000000,8.30000000,144.58600000,1665014629382,False,True
39377978,17.42000000,8.30000000,144.58600000,1665014629407,False,True
39377979,17.42000000,8.25000000,143.71500000,1665014629419,False,True
39377980,17.43000000,0.61000000,10.63230000,1665014631089,False,True
39377981,17.43000000,0.39000000,6.79770000,1665014631089,False,True
39377982,17.43000000,3.07000000,53.51010000,1665014631089,False,True
39377983,17.43000000,0.07000000,1.22010000,1665014631396,False,True
39377984,17.43000000,5.19000000,90.46170000,1665014631396,False,True
39377985,17.43000000,0.75000000,13.07250000,1665014631396,False,True
39377986,17.43000000,3.50000000,61.00500000,1665014631396,False,True
39377987,17.43000000,4.55000000,79.30650000,1665014631396,False,True
39377988,17.43000000,0.63000000,10.98090000,1665014638524,False,True
39377989,17.43000000,1.14000000,19.87020000,1665014663813,False,True
39377990,17.43000000,0.76000000,13.24680000,1665014683450,False,True
39377991,17.43000000,1.54000000,26.84220000,1665014683450,False,True
39377992,17.43000000,0.71000000,12.37530000,1665014683450,False,True
39377993,17.42000000,51.59000000,898.69780000,1665014683708,True,True
39377994,17.42000000,17.89000000,311.64380000,1665014684545,True,True
39377995,17.42000000,74.03000000,1289.60260000,1665014684545,True,True
39377996,17.42000000,1.09000000,18.98780000,1665014684545,True,True
39377997,17.42000000,1.09000000,18.98780000,1665014684545,True,True
39377998,17.42000000,48.52000000,845.21840000,1665014684545,True,True
39377999,17.42000000,6.48000000,112.88160000,1665014684597,True,True
39378000,17.42000000,5.61000000,97.72620000,1665014684597,True,True
39378001,17.42000000,2.86000000,49.82120000,1665014690725,True,True
39378002,17.42000000,21.23000000,369.82660000,1665014711394,True,True
39378003,17.42000000,2.86000000,49.82120000,1665014716130,True,True
39378004,17.42000000,2.86000000,49.82120000,1665014719286,True,True
39378005,17.42000000,1.75000000,30.48500000,1665014719659,True,True
39378006,17.42000000,1.09000000,18.98780000,1665014719659,True,True
39378007,17.42000000,1.09000000,18.98780000,1665014719659,True,True
39378008,17.42000000,0.05000000,0.87100000,1665014719659,True,True
39378009,17.43000000,24.34000000,424.24620000,1665014728612,False,True
39378010,17.43000000,157.48000000,2744.87640000,1665014734708,False,True
39378011,17.43000000,34.62000000,603.42660000,1665014734708,False,True
39378012,17.43000000,0.86000000,14.98980000,1665014734708,False,True
39378013,17.43000000,0.63000000,10.98090000,1665014734708,False,True
39378014,17.43000000,3.02000000,52.63860000,1665014734708,False,True
39378015,17.43000000,3.30000000,57.51900000,1665014734708,False,True
39378016,17.43000000,0.61000000,10.63230000,1665014734708,False,True
39378017,17.43000000,23.01000000,401.06430000,1665014734708,False,True
39378018,17.43000000,23.00000000,400.89000000,1665014734708,False,True
39378019,17.43000000,2.86000000,49.84980000,1665014734708,False,True
39378020,17.43000000,2.86000000,49.84980000,1665014734708,False,True
39378021,17.43000000,2.59000000,45.14370000,1665014734708,False,True
39378022,17.43000000,50.30000000,876.72900000,1665014734708,False,True
39378023,17.43000000,7.30000000,127.23900000,1665014734708,False,True
39378024,17.43000000,1.99000000,34.68570000,1665014734708,False,True
39378025,17.43000000,8.30000000,144.66900000,1665014734708,False,True
39378026,17.43000000,23.01000000,401.06430000,1665014734710,False,True
39378027,17.43000000,23.00000000,400.89000000,1665014734710,False,True
39378028,17.43000000,8.30000000,144.66900000,1665014734710,False,True
39378029,17.43000000,21.39000000,372.82770000,1665014734710,False,True
39378030,17.43000000,1.62000000,28.23660000,1665014734718,False,True
39378031,17.43000000,23.00000000,400.89000000,1665014734718,False,True
39378032,17.43000000,8.30000000,144.66900000,1665014734718,False,True
39378033,17.43000000,6.84000000,119.22120000,1665014734718,False,True
39378034,17.43000000,16.17000000,281.84310000,1665014734719,False,True
39378035,17.43000000,23.00000000,400.89000000,1665014734719,False,True
39378036,17.43000000,8.30000000,144.66900000,1665014734719,False,True
39378037,17.43000000,6.84000000,119.22120000,1665014734719,False,True
39378038,17.43000000,16.16000000,281.66880000,1665014734721,False,True
39378039,17.43000000,23.00000000,400.89000000,1665014734721,False,True
39378040,17.43000000,8.30000000,144.66900000,1665014734721,False,True
39378041,17.43000000,0.01000000,0.17430000,1665014734721,False,True
39378042,17.43000000,8.30000000,144.66900000,1665014734721,False,True
39378043,17.43000000,8.30000000,144.66900000,1665014734721,False,True
39378044,17.43000000,8.30000000,144.66900000,1665014734721,False,True
39378045,17.43000000,8.30000000,144.66900000,1665014734721,False,True
39378046,17.43000000,8.20000000,142.92600000,1665014734721,False,True
39378047,17.43000000,47.00000000,819.21000000,1665014734768,True,True
39378048,17.43000000,84.21000000,1467.78030000,1665014734940,True,True
39378049,17.43000000,100.29000000,1748.05470000,1665014735301,True,True
39378050,17.43000000,1.34000000,23.35620000,1665014735618,True,True
39378051,17.43000000,7.49000000,130.55070000,1665014735618,True,True
39378052,17.43000000,1.09000000,18.99870000,1665014735618,True,True
39378053,17.43000000,7.15000000,124.62450000,1665014735618,True,True
39378054,17.43000000,4.25000000,74.07750000,1665014735810,True,True
39378055,17.43000000,38.73000000,675.06390000,1665014740948,True,True
39378056,17.43000000,4.87000000,84.88410000,1665014740955,True,True
39378057,17.43000000,55.00000000,958.65000000,1665014740955,True,True
39378058,17.43000000,5.80000000,101.09400000,1665014740955,True,True
39378059,17.43000000,3.68000000,64.14240000,1665014740955,True,True
39378060,17.43000000,1.09000000,18.99870000,1665014740962,True,True
39378061,17.43000000,36.62000000,638.28660000,1665014748644,False,True
39378062,17.43000000,36.47000000,635.67210000,1665014748657,False,True
39378063,17.43000000,22.21000000,387.12030000,1665014748670,False,True
39378064,17.43000000,8.86000000,154.42980000,1665014748686,False,True
39378065,17.43000000,22.99000000,400.71570000,1665014748717,False,True
39378066,17.43000000,22.99000000,400.71570000,1665014748717,False,True
39378067,17.43000000,22.99000000,400.71570000,1665014748717,False,True
39378068,17.43000000,7.72000000,134.55960000,1665014748717,False,True
39378069,17.43000000,15.27000000,266.15610000,1665014748769,False,True
39378070,17.43000000,22.98000000,400.54140000,1665014748769,False,True
39378071,17.44000000,0.69000000,12.03360000,1665014748919,False,True
39378072,17.44000000,0.73000000,12.73120000,1665014749352,False,True
39378073,17.44000000,1.85000000,32.26400000,1665014749846,False,True
39378074,17.44000000,0.96000000,16.74240000,1665014749846,False,True
39378075,17.44000000,0.69000000,12.03360000,1665014749846,False,True
39378076,17.44000000,0.83000000,14.47520000,1665014749846,False,True
39378077,17.44000000,0.99000000,17.26560000,1665014749846,False,True
39378078,17.44000000,0.16000000,2.79040000,1665014750508,False,True
39378079,17.44000000,2.62000000,45.69280000,1665014750508,False,True
39378080,17.44000000,3.14000000,54.76160000,1665014750508,False,True
39378081,17.44000000,3.12000000,54.41280000,1665014750508,False,True
39378082,17.44000000,0.59000000,10.28960000,1665014750508,False,True
39378083,17.44000000,0.59000000,10.28960000,1665014750508,False,True
39378084,17.44000000,8.29000000,144.57760000,1665014750508,False,True
39378085,17.44000000,3.30000000,57.55200000,1665014750508,False,True
39378086,17.44000000,2.59000000,45.16960000,1665014750508,False,True
39378087,17.44000000,26.00000000,453.44000000,1665014750508,False,True
39378088,17.44000000,0.69000000,12.03360000,1665014753206,False,True
39378089,17.44000000,7.60000000,132.54400000,1665014772200,False,True
39378090,17.44000000,1.00000000,17.44000000,1665014772200,False,True
39378091,17.44000000,19.85000000,346.18400000,1665014772514,False,True
39378092,17.44000000,9.08000000,158.35520000,1665014772515,False,True
39378093,17.44000000,13.55000000,236.31200000,1665014772548,False,True
39378094,17.44000000,8.29000000,144.57760000,1665014772548,False,True
39378095,17.44000000,8.29000000,144.57760000,1665014772551,False,True
39378096,17.44000000,8.29000000,144.57760000,1665014772551,False,True
39378097,17.44000000,8.29000000,144.57760000,1665014772551,False,True
39378098,17.44000000,8.29000000,144.57760000,1665014772551,False,True
39378099,17.44000000,8.29000000,144.57760000,1665014772551,False,True
39378100,17.44000000,8.29000000,144.57760000,1665014772551,False,True
39378101,17.44000000,1.03000000,17.96320000,1665014772551,False,True
39378102,17.44000000,7.21000000,125.74240000,1665014772558,False,True
39378103,17.45000000,1.26000000,21.98700000,1665014772737,False,True
39378104,17.45000000,1.27000000,22.16150000,1665014772737,False,True
39378105,17.45000000,0.70000000,12.21500000,1665014772737,False,True
39378106,17.45000000,1.65000000,28.79250000,1665014772737,False,True
39378107,17.45000000,2.54000000,44.32300000,1665014772737,False,True
39378108,17.45000000,1.56000000,27.22200000,1665014772737,False,True
39378109,17.45000000,1.00000000,17.45000000,1665014772737,False,True
39378110,17.45000000,1.68000000,29.31600000,1665014772737,False,True
39378111,17.45000000,6.41000000,111.85450000,1665014772737,False,True
39378112,17.45000000,0.65000000,11.34250000,1665014772737,False,True
39378113,17.45000000,22.08000000,385.29600000,1665014772737,False,True
39378114,17.45000000,2.86000000,49.90700000,1665014772737,False,True
39378115,17.45000000,0.63000000,10.99350000,1665014772737,False,True
39378116,17.45000000,5.71000000,99.63950000,1665014772737,False,True
39378117,17.44000000,0.75000000,13.08000000,1665014773895,True,True
39378118,17.45000000,0.76000000,13.26200000,1665014775065,False,True
39378119,17.45000000,20.57000000,358.94650000,1665014777389,False,True
39378120,17.45000000,27.05000000,472.02250000,1665014777389,False,True
39378121,17.45000000,2.38000000,41.53100000,1665014777389,False,True
39378122,17.44000000,0.69000000,12.03360000,1665014779618,True,True
39378123,17.44000000,17.50000000,305.20000000,1665014780179,True,True
39378124,17.44000000,51.29000000,894.49760000,1665014780404,True,True
39378125,17.44000000,7.43000000,129.57920000,1665014780404,True,True
39378126,17.44000000,5.80000000,101.15200000,1665014780404,True,True
39378127,17.44000000,45.03000000,785.32320000,1665014780404,True,True
39378128,17.44000000,1.09000000,19.00960000,1665014780404,True,True
39378129,17.44000000,1.09000000,19.00960000,1665014780404,True,True
39378130,17.44000000,69.48000000,1211.73120000,1665014783060,False,True
39378131,17.45000000,9.20000000,160.54000000,1665014783099,False,True
39378132,17.45000000,3.02000000,52.69900000,1665014783099,False,True
39378133,17.45000000,3.30000000,57.58500000,1665014783099,False,True
39378134,17.45000000,2.59000000,45.19550000,1665014783099,False,True
39378135,17.45000000,6.69000000,116.74050000,1665014783099,False,True
39378136,17.45000000,14.25000000,248.66250000,1665014783099,False,True
39378137,17.45000000,3.67000000,64.04150000,1665014783268,False,True
39378138,17.45000000,17.73000000,309.38850000,1665014783268,False,True
39378139,17.45000000,28.60000000,499.07000000,1665014783268,False,True
39378140,17.45000000,3.01000000,52.52450000,1665014809355,False,True
39378141,17.44000000,5.80000000,101.15200000,1665014815483,True,True
39378142,17.44000000,10.25000000,178.76000000,1665014815483,True,True
39378143,17.44000000,11.60000000,202.30400000,1665014815577,True,True
39378144,17.44000000,47.63000000,830.66720000,1665014815631,True,True
39378145,17.44000000,55.00000000,959.20000000,1665014815631,True,True
39378146,17.44000000,15.83000000,276.07520000,1665014815631,True,True
39378147,17.44000000,11.47000000,200.03680000,1665014833632,True,True
39378148,17.44000000,2.26000000,39.41440000,1665014834027,True,True
39378149,17.44000000,2.26000000,39.41440000,1665014834428,True,True
39378150,17.44000000,1.28000000,22.32320000,1665014835267,True,True
39378151,17.44000000,0.98000000,17.09120000,1665014835267,True,True
39378152,17.44000000,10.48000000,182.77120000,1665014838346,True,True
39378153,17.44000000,11.46000000,199.86240000,1665014838346,True,True
39378154,17.44000000,11.47000000,200.03680000,1665014838346,True,True
39378155,17.44000000,3.68000000,64.17920000,1665014838346,True,True
39378156,17.44000000,55.00000000,959.20000000,1665014838346,True,True
39378157,17.44000000,43.82000000,764.22080000,1665014838346,True,True
39378158,17.44000000,11.18000000,194.97920000,1665014868717,True,True
39378159,17.44000000,1.93000000,33.65920000,1665014868717,True,True
39378160,17.44000000,104.16000000,1816.55040000,1665014869970,True,True
39378161,17.44000000,1.09000000,19.00960000,1665014869970,True,True
39378162,17.44000000,28.66000000,499.83040000,1665014869970,True,True
39378163,17.44000000,5.80000000,101.15200000,1665014869970,True,True
39378164,17.44000000,1.09000000,19.00960000,1665014869970,True,True
39378165,17.44000000,6.86000000,119.63840000,1665014869970,True,True
39378166,17.43000000,55.00000000,958.65000000,1665014887308,True,True
39378167,17.43000000,10.09000000,175.86870000,1665014887308,True,True
39378168,17.43000000,3.30000000,57.51900000,1665014887308,True,True
39378169,17.43000000,2.59000000,45.14370000,1665014887308,True,True
39378170,17.43000000,1.11000000,19.34730000,1665014887308,True,True
39378171,17.43000000,3.94000000,68.67420000,1665014887308,True,True
39378172,17.43000000,88.00000000,1533.84000000,1665014887308,True,True
39378173,17.42000000,0.61000000,10.62620000,1665014887316,True,True
39378174,17.42000000,1.44000000,25.08480000,1665014887316,True,True
39378175,17.42000000,23.73000000,413.37660000,1665014890570,True,True
39378176,17.42000000,31.27000000,544.72340000,1665014890575,True,True
39378177,17.42000000,55.00000000,958.10000000,1665014890575,True,True
39378178,17.42000000,3.30000000,57.48600000,1665014890575,True,True
39378179,17.42000000,2.59000000,45.11780000,1665014890575,True,True
39378180,17.42000000,5.80000000,101.03600000,1665014890575,True,True
39378181,17.41000000,4.65000000,80.95650000,1665014890582,True,True
39378182,17.41000000,0.61000000,10.62010000,1665014894724,True,True
39378183,17.41000000,0.29000000,5.04890000,1665014894725,True,True
39378184,17.41000000,3.30000000,57.45300000,1665014894725,True,True
39378185,17.41000000,2.59000000,45.09190000,1665014894725,True,True
39378186,17.41000000,28.71000000,499.84110000,1665014894725,True,True
39378187,17.40000000,1.02000000,17.74800000,1665014895993,True,True
39378188,17.40000000,2.21000000,38.45400000,1665014897032,True,True
39378189,17.40000000,51.77000000,900.79800000,1665014898424,True,True
39378190,17.40000000,10.09000000,175.56600000,1665014898424,True,True
39378191,17.40000000,1.26000000,21.92400000,1665014898424,True,True
39378192,17.40000000,3.03000000,52.72200000,1665014898424,True,True
39378193,17.40000000,39.80000000,692.52000000,1665014898424,True,True
39378194,17.40000000,48.20000000,838.68000000,1665014898437,True,True
39378195,17.40000000,1.11000000,19.31400000,1665014898437,True,True
39378196,17.40000000,3.30000000,57.42000000,1665014898437,True,True
39378197,17.40000000,2.59000000,45.06600000,1665014898437,True,True
39378198,17.40000000,55.00000000,957.00000000,1665014898486,True,True
39378199,17.39000000,14.41000000,250.58990000,1665014898487,True,True
39378200,17.39000000,1.77000000,30.78030000,1665014901507,True,True
39378201,17.39000000,38.82000000,675.07980000,1665014901774,True,True
39378202,17.39000000,401.18000000,6976.52020000,1665014901774,True,True
39378203,17.39000000,28.80000000,500.83200000,1665014901783,True,True
39378204,17.39000000,20.75000000,360.84250000,1665014901795,True,True
39378205,17.39000000,123.06000000,2140.01340000,1665014901868,True,True
39378206,17.39000000,3.30000000,57.38700000,1665014901868,True,True
39378207,17.38000000,29.00000000,504.02000000,1665014901982,True,True
39378208,17.38000000,3.02000000,52.48760000,1665014902042,True,True
39378209,17.38000000,2.04000000,35.45520000,1665014902177,True,True
39378210,17.38000000,2.77000000,48.14260000,1665014910653,True,True
39378211,17.38000000,3.03000000,52.66140000,1665014910653,True,True
39378212,17.38000000,3.27000000,56.83260000,1665014910653,True,True
39378213,17.38000000,70.46000000,1224.59480000,1665014910653,True,True
39378214,17.38000000,10.09000000,175.36420000,1665014910653,True,True
39378215,17.38000000,50.78000000,882.55640000,1665014910653,True,True
39378216,17.38000000,79.60000000,1383.44800000,1665014910653,True,True
39378217,17.38000000,3.30000000,57.35400000,1665014914414,True,True
39378218,17.38000000,28.40000000,493.59200000,1665014914414,True,True
39378219,17.38000000,26.60000000,462.30800000,1665014914425,True,True
39378220,17.38000000,5.80000000,100.80400000,1665014914425,True,True
39378221,17.38000000,3.95000000,68.65100000,1665014914425,True,True
39378222,17.38000000,19.08000000,331.61040000,1665014914436,True,True
39378223,17.38000000,73.82000000,1282.99160000,1665014914436,True,True
39378224,17.37000000,55.00000000,955.35000000,1665014914584,True,True
39378225,17.37000000,11.52000000,200.10240000,1665014914584,True,True
39378226,17.37000000,40.38000000,701.40060000,1665014914584,True,True
39378227,17.37000000,1.26000000,21.88620000,1665014914584,True,True
39378228,17.37000000,33.90000000,588.84300000,1665014914584,True,True
39378229,17.37000000,31.08000000,539.85960000,1665014914584,True,True
39378230,17.37000000,120.21000000,2088.04770000,1665014914585,True,True
39378231,17.37000000,10.00000000,173.70000000,1665014914585,True,True
39378232,17.37000000,10.09000000,175.26330000,1665014914585,True,True
39378233,17.37000000,20.00000000,347.40000000,1665014914585,True,True
39378234,17.37000000,4.03000000,70.00110000,1665014914585,True,True
39378235,17.37000000,4.20000000,72.95400000,1665014914585,True,True
39378236,17.37000000,2.09000000,36.30330000,1665014914585,True,True
39378237,17.37000000,5.40000000,93.79800000,1665014914585,True,True
39378238,17.37000000,88.00000000,1528.56000000,1665014914585,True,True
39378239,17.37000000,39.37000000,683.85690000,1665014914585,True,True
39378240,17.37000000,55.00000000,955.35000000,1665014914585,True,True
39378241,17.37000000,12.03000000,208.96110000,1665014914585,True,True
39378242,17.36000000,55.00000000,954.80000000,1665014914601,True,True
39378243,17.36000000,0.69000000,11.97840000,1665014914601,True,True
39378244,17.36000000,3.03000000,52.60080000,1665014914601,True,True
39378245,17.36000000,3.12000000,54.16320000,1665014914601,True,True
39378246,17.36000000,109.54000000,1901.61440000,1665014914601,True,True
39378247,17.36000000,0.71000000,12.32560000,1665014914601,True,True
39378248,17.36000000,22.36000000,388.16960000,1665014914603,True,True
39378249,17.36000000,39.37000000,683.46320000,1665014914605,True,True
39378250,17.36000000,0.61000000,10.58960000,1665014914607,True,True
39378251,17.36000000,95.08000000,1650.58880000,1665014914610,True,True
39378252,17.36000000,13.88000000,240.95680000,1665014914610,True,True
39378253,17.36000000,0.08000000,1.38880000,1665014914610,True,True
39378254,17.36000000,0.91000000,15.79760000,1665014914610,True,True
39378255,17.36000000,16.02000000,278.10720000,1665014914610,True,True
39378256,17.36000000,10.09000000,175.16240000,1665014914610,True,True
39378257,17.36000000,50.20000000,871.47200000,1665014914610,True,True
39378258,17.36000000,43.62000000,757.24320000,1665014914610,True,True
39378259,17.36000000,39.05000000,677.90800000,1665014914612,True,True
39378260,17.36000000,20.00000000,347.20000000,1665014914631,True,True
39378261,17.35000000,0.71000000,12.31850000,1665014914997,True,True
39378262,17.36000000,3.75000000,65.10000000,1665014915099,False,True
39378263,17.36000000,10.13000000,175.85680000,1665014915099,False,True
39378264,17.36000000,6.00000000,104.16000000,1665014915365,False,True
39378265,17.36000000,53.35000000,926.15600000,1665014916009,False,True
39378266,17.36000000,124.62000000,2163.40320000,1665014916009,False,True
39378267,17.35000000,0.65000000,11.27750000,1665014917187,True,True
39378268,17.35000000,1.26000000,21.86100000,1665014917187,True,True
39378269,17.35000000,3.80000000,65.93000000,1665014917187,True,True
39378270,17.35000000,0.46000000,7.98100000,1665014917187,True,True
39378271,17.35000000,0.23000000,3.99050000,1665014917720,True,True
39378272,17.35000000,3.28000000,56.90800000,1665014917720,True,True
39378273,17.35000000,0.75000000,13.01250000,1665014917720,True,True
39378274,17.35000000,1.91000000,33.13850000,1665014917720,True,True
39378275,17.35000000,1.23000000,21.34050000,1665014919085,True,True
39378276,17.35000000,7.61000000,132.03350000,1665014919085,True,True
39378277,17.35000000,8.37000000,145.21950000,1665014919085,True,True
39378278,17.35000000,0.87000000,15.09450000,1665014919085,True,True
39378279,17.36000000,38.98000000,676.69280000,1665014919234,False,True
39378280,17.37000000,7.51000000,130.44870000,1665014919275,False,True
39378281,17.37000000,26.00000000,451.62000000,1665014919275,False,True
39378282,17.37000000,6.55000000,113.77350000,1665014919275,False,True
39378283,17.37000000,29.39000000,510.50430000,1665014919277,False,True
39378284,17.37000000,80.56000000,1399.32720000,1665014919277,False,True
39378285,17.37000000,31.35000000,544.54950000,1665014919277,False,True
39378286,17.37000000,36.86000000,640.25820000,1665014919285,False,True
39378287,17.37000000,19.79000000,343.75230000,1665014919293,False,True
39378288,17.37000000,48.97000000,850.60890000,1665014919293,False,True
39378289,17.38000000,1.72000000,29.89360000,1665014919515,False,True
39378290,17.38000000,39.34000000,683.72920000,1665014924295,False,True
39378291,17.38000000,0.99000000,17.20620000,1665014924295,False,True
39378292,17.38000000,36.86000000,640.62680000,1665014924510,True,True
39378293,17.37000000,1.09000000,18.93330000,1665014929795,True,True
39378294,17.37000000,22.35000000,388.21950000,1665014929795,True,True
39378295,17.38000000,2.26000000,39.27880000,1665014980443,False,True
39378296,17.38000000,2.26000000,39.27880000,1665014986752,False,True
39378297,17.38000000,2.26000000,39.27880000,1665014993563,False,True
39378298,17.38000000,2.26000000,39.27880000,1665015000579,False,True
39378299,17.38000000,2.26000000,39.27880000,1665015004294,False,True
39378300,17.38000000,2.26000000,39.27880000,1665015006636,False,True
39378301,17.38000000,2.26000000,39.27880000,1665015014708,False,True
39378302,17.38000000,11.69000000,203.17220000,1665015014919,False,True
39378303,17.39000000,5.42000000,94.25380000,1665015020771,False,True
39378304,17.39000000,10.03000000,174.42170000,1665015020771,False,True
39378305,17.39000000,16.84000000,292.84760000,1665015020799,False,True
39378306,17.39000000,6.70000000,116.51300000,1665015020813,False,True
39378307,17.39000000,0.76000000,13.21640000,1665015021257,False,True
39378308,17.39000000,1.11000000,19.30290000,1665015021257,False,True
39378309,17.40000000,0.93000000,16.18200000,1665015022153,False,True
39378310,17.40000000,0.07000000,1.21800000,1665015022153,False,True
39378311,17.40000000,6.71000000,116.75400000,1665015022153,False,True
39378312,17.40000000,3.29000000,57.24600000,1665015022165,False,True
39378313,17.40000000,0.65000000,11.31000000,1665015022165,False,True
39378314,17.40000000,12.00000000,208.80000000,1665015022165,False,True
39378315,17.40000000,1.26000000,21.92400000,1665015022165,False,True
39378316,17.40000000,3.30000000,57.42000000,1665015022165,False,True
39378317,17.40000000,0.90000000,15.66000000,1665015022165,False,True
39378318,17.40000000,2.59000000,45.06600000,1665015022165,False,True
39378319,17.41000000,36.37000000,633.20170000,1665015029824,False,True
39378320,17.41000000,3.09000000,53.79690000,1665015030185,False,True
39378321,17.41000000,35.50000000,618.05500000,1665015030808,False,True
39378322,17.41000000,24.41000000,424.97810000,1665015031000,False,True
39378323,17.41000000,29.00000000,504.89000000,1665015031064,False,True
39378324,17.41000000,0.69000000,12.01290000,1665015031539,False,True
39378325,17.41000000,3.80000000,66.15800000,1665015031539,False,True
39378326,17.41000000,0.69000000,12.01290000,1665015031539,False,True
39378327,17.41000000,3.03000000,52.75230000,1665015031539,False,True
39378328,17.41000000,3.28000000,57.10480000,1665015031539,False,True
39378329,17.41000000,0.76000000,13.23160000,1665015031539,False,True
39378330,17.41000000,3.30000000,57.45300000,1665015031539,False,True
39378331,17.41000000,2.59000000,45.09190000,1665015031539,False,True
39378332,17.41000000,35.01000000,609.52410000,1665015039545,False,True
39378333,17.41000000,1.16000000,20.19560000,1665015039769,False,True
39378334,17.41000000,22.43000000,390.50630000,1665015040074,False,True
39378335,17.41000000,15.36000000,267.41760000,1665015041374,False,True
39378336,17.42000000,74.02000000,1289.42840000,1665015062192,False,True
39378337,17.42000000,36.19000000,630.42980000,1665015062192,False,True
39378338,17.42000000,90.83000000,1582.25860000,1665015062192,False,True
39378339,17.42000000,18.96000000,330.28320000,1665015062192,False,True
39378340,17.42000000,0.26000000,4.52920000,1665015062203,False,True
39378341,17.42000000,42.44000000,739.30480000,1665015062203,False,True
39378342,17.42000000,69.27000000,1206.68340000,1665015062277,False,True
39378343,17.42000000,1.26000000,21.94920000,1665015062277,False,True
39378344,17.42000000,0.76000000,13.23920000,1665015062277,False,True
39378345,17.42000000,100.72000000,1754.54240000,1665015062277,False,True
39378346,17.42000000,1.11000000,19.33620000,1665015062277,False,True
39378347,17.42000000,3.30000000,57.48600000,1665015062277,False,True
39378348,17.42000000,2.59000000,45.11780000,1665015062277,False,True
39378349,17.42000000,23.90000000,416.33800000,1665015062277,False,True
39378350,17.42000000,17.09000000,297.70780000,1665015062277,False,True
39378351,17.42000000,10.09000000,175.76780000,1665015062312,False,True
39378352,17.42000000,121.25000000,2112.17500000,1665015062349,False,True
39378353,17.42000000,23.58000000,410.76360000,1665015062349,False,True
39378354,17.42000000,75.17000000,1309.46140000,1665015062349,False,True
39378355,17.42000000,8.86000000,154.34120000,1665015062354,False,True
39378356,17.42000000,3.06000000,53.30520000,1665015062359,False,True
39378357,17.43000000,16.49000000,287.42070000,1665015062359,False,True
39378358,17.43000000,14.46000000,252.03780000,1665015065632,False,True
39378359,17.43000000,15.00000000,261.45000000,1665015065693,False,True
39378360,17.43000000,12.40000000,216.13200000,1665015065826,False,True
39378361,17.43000000,5.42000000,94.47060000,1665015065833,False,True
39378362,17.43000000,8.78000000,153.03540000,1665015065881,False,True
39378363,17.43000000,1.53000000,26.66790000,1665015066057,False,True
39378364,17.43000000,3.03000000,52.81290000,1665015066057,False,True
39378365,17.43000000,0.75000000,13.07250000,1665015066057,False,True
39378366,17.43000000,3.14000000,54.73020000,1665015066057,False,True
39378367,17.43000000,35.30000000,615.27900000,1665015066057,False,True
39378368,17.43000000,16.91000000,294.74130000,1665015066064,False,True
39378369,17.43000000,6.56000000,114.34080000,1665015066067,False,True
39378370,17.43000000,5.64000000,98.30520000,1665015066075,False,True
39378371,17.43000000,67.91000000,1183.67130000,1665015067291,False,True
39378372,17.43000000,25.00000000,435.75000000,1665015073687,False,True
39378373,17.43000000,50.00000000,871.50000000,1665015080070,False,True
39378374,17.43000000,32.60000000,568.21800000,1665015087828,False,True
39378375,17.43000000,126.36000000,2202.45480000,1665015087850,False,True
39378376,17.43000000,44.64000000,778.07520000,1665015087858,False,True
39378377,17.43000000,13.89000000,242.10270000,1665015087859,False,True
39378378,17.43000000,5.04000000,87.84720000,1665015087920,False,True
39378379,17.43000000,0.58000000,10.10940000,1665015087925,False,True
39378380,17.43000000,1.34000000,23.35620000,1665015087929,False,True
39378381,17.43000000,0.89000000,15.51270000,1665015087930,False,True
39378382,17.43000000,141.06000000,2458.67580000,1665015087931,False,True
39378383,17.43000000,3.30000000,57.51900000,1665015087931,False,True
39378384,17.43000000,2.59000000,45.14370000,1665015087931,False,True
39378385,17.43000000,5.65000000,98.47950000,1665015087931,False,True
39378386,17.43000000,48.61000000,847.27230000,1665015087931,False,True
39378387,17.43000000,5.48000000,95.51640000,1665015087951,True,True
39378388,17.44000000,50.00000000,872.00000000,1665015087991,False,True
39378389,17.44000000,0.58000000,10.11520000,1665015098899,False,True
39378390,17.44000000,11.52000000,200.90880000,1665015098899,False,True
39378391,17.44000000,24.78000000,432.16320000,1665015098899,False,True
39378392,17.44000000,0.22000000,3.83680000,1665015098975,False,True
39378393,17.44000000,0.39000000,6.80160000,1665015098975,False,True
39378394,17.44000000,1.00000000,17.44000000,1665015115500,False,True
39378395,17.44000000,1.88000000,32.78720000,1665015122532,False,True
39378396,17.44000000,3.12000000,54.41280000,1665015122532,False,True
39378397,17.44000000,2.59000000,45.16960000,1665015122532,False,True
39378398,17.45000000,0.63000000,10.99350000,1665015124621,False,True
39378399,17.45000000,6.09000000,106.27050000,1665015131695,False,True
39378400,17.45000000,12.54000000,218.82300000,1665015131699,False,True
39378401,17.45000000,6.37000000,111.15650000,1665015131708,False,True
39378402,17.45000000,3.03000000,52.87350000,1665015131708,False,True
39378403,17.45000000,1.26000000,21.98700000,1665015131708,False,True
39378404,17.45000000,1.52000000,26.52400000,1665015131708,False,True
39378405,17.45000000,1.78000000,31.06100000,1665015131719,False,True
39378406,17.45000000,2.59000000,45.19550000,1665015131719,False,True
39378407,17.46000000,9.88000000,172.50480000,1665015132718,False,True
39378408,17.46000000,1.68000000,29.33280000,1665015132718,False,True
39378409,17.46000000,1.16000000,20.25360000,1665015132718,False,True
39378410,17.46000000,0.62000000,10.82520000,1665015132718,False,True
39378411,17.45000000,2.86000000,49.90700000,1665015133474,True,True
39378412,17.46000000,0.53000000,9.25380000,1665015134171,False,True
39378413,17.46000000,6.57000000,114.71220000,1665015134171,False,True
39378414,17.46000000,1.51000000,26.36460000,1665015134171,False,True
39378415,17.46000000,0.60000000,10.47600000,1665015134171,False,True
39378416,17.46000000,1.64000000,28.63440000,1665015134171,False,True
39378417,17.46000000,1.61000000,28.11060000,1665015134171,False,True
39378418,17.46000000,0.71000000,12.39660000,1665015134171,False,True
39378419,17.46000000,2.89000000,50.45940000,1665015134171,False,True
39378420,17.46000000,2.00000000,34.92000000,1665015134171,False,True
39378421,17.46000000,25.00000000,436.50000000,1665015134171,False,True
39378422,17.46000000,2.86000000,49.93560000,1665015134171,False,True
39378423,17.46000000,38.08000000,664.87680000,1665015134171,False,True
39378424,17.45000000,5.80000000,101.21000000,1665015138099,True,True
39378425,17.45000000,2.05000000,35.77250000,1665015138099,True,True
39378426,17.45000000,54.68000000,954.16600000,1665015138115,True,True
39378427,17.45000000,30.00000000,523.50000000,1665015140067,False,True
39378428,17.45000000,1.00000000,17.45000000,1665015146550,True,True
39378429,17.45000000,2.86000000,49.90700000,1665015155548,True,True
39378430,17.45000000,2.86000000,49.90700000,1665015159004,True,True
39378431,17.45000000,29.01000000,506.22450000,1665015160345,True,True
39378432,17.45000000,2.86000000,49.90700000,1665015161240,True,True
39378433,17.45000000,87.15000000,1520.76750000,1665015165283,True,True
39378434,17.45000000,5.80000000,101.21000000,1665015166436,True,True
39378435,17.45000000,11.25000000,196.31250000,1665015166436,True,True
39378436,17.45000000,53.44000000,932.52800000,1665015168166,True,True
39378437,17.44000000,27.35000000,476.98400000,1665015168240,True,True
39378438,17.45000000,3.98000000,69.45100000,1665015170513,True,True
39378439,17.45000000,20.45000000,356.85250000,1665015170569,True,True
39378440,17.45000000,5.80000000,101.21000000,1665015182243,True,True
39378441,17.44000000,0.60000000,10.46400000,1665015183919,True,True
39378442,17.45000000,26.24000000,457.88800000,1665015201166,False,True
39378443,17.45000000,2.26000000,39.43700000,1665015203401,True,True
39378444,17.45000000,2.26000000,39.43700000,1665015203809,True,True
39378445,17.45000000,27.34000000,477.08300000,1665015205418,True,True
39378446,17.45000000,8.41000000,146.75450000,1665015205490,True,True
39378447,17.45000000,3.20000000,55.84000000,1665015205553,True,True
39378448,17.45000000,1.56000000,27.22200000,1665015205620,True,True
39378449,17.45000000,10.05000000,175.37250000,1665015205620,True,True
39378450,17.45000000,7.44000000,129.82800000,1665015205885,True,True
39378451,17.45000000,8.95000000,156.17750000,1665015212753,True,True
39378452,17.44000000,29.00000000,505.76000000,1665015218392,True,True
39378453,17.44000000,28.99000000,505.58560000,1665015236831,False,True
39378454,17.44000000,9.66000000,168.47040000,1665015236831,False,True
39378455,17.44000000,14.40000000,251.13600000,1665015240230,True,True
39378456,17.44000000,8.32000000,145.10080000,1665015241297,True,True
39378457,17.44000000,14.71000000,256.54240000,1665015241372,True,True
39378458,17.44000000,21.08000000,367.63520000,1665015245335,False,True
39378459,17.43000000,11.25000000,196.08750000,1665015249522,True,True
39378460,17.43000000,70.53000000,1229.33790000,1665015249522,True,True
39378461,17.43000000,18.72000000,326.28960000,1665015249522,True,True
39378462,17.43000000,100.00000000,1743.00000000,1665015249522,True,True
39378463,17.43000000,211.52000000,3686.79360000,1665015249522,True,True
39378464,17.43000000,3.30000000,57.51900000,1665015249522,True,True
39378465,17.43000000,2.65000000,46.18950000,1665015249522,True,True
39378466,17.43000000,2.59000000,45.14370000,1665015249522,True,True
39378467,17.43000000,5.80000000,101.09400000,1665015249522,True,True
39378468,17.42000000,4.81000000,83.79020000,1665015250208,True,True
39378469,17.42000000,2.56000000,44.59520000,1665015250311,True,True
39378470,17.42000000,7.24000000,126.12080000,1665015250382,True,True
39378471,17.42000000,11.35000000,197.71700000,1665015250418,True,True
39378472,17.42000000,11.31000000,197.02020000,1665015250426,True,True
39378473,17.42000000,10.37000000,180.64540000,1665015250427,True,True
39378474,17.42000000,7.24000000,126.12080000,1665015250471,True,True
39378475,17.42000000,11.49000000,200.15580000,1665015250733,True,True
39378476,17.42000000,6.00000000,104.52000000,1665015250876,True,True
39378477,17.42000000,58.12000000,1012.45040000,1665015253684,True,True
39378478,17.42000000,2.86000000,49.82120000,1665015256593,True,True
39378479,17.42000000,2.86000000,49.82120000,1665015260588,True,True
39378480,17.42000000,0.90000000,15.67800000,1665015263138,True,True
39378481,17.42000000,1.96000000,34.14320000,1665015263138,True,True
39378482,17.42000000,2.86000000,49.82120000,1665015268049,True,True
39378483,17.42000000,50.00000000,871.00000000,1665015288100,False,True
39378484,17.42000000,2.86000000,49.82120000,1665015289640,False,True
39378485,17.42000000,19.20000000,334.46400000,1665015289640,False,True
39378486,17.42000000,3.79000000,66.02180000,1665015294032,True,True
39378487,17.42000000,17.12000000,298.23040000,1665015294111,True,True
39378488,17.42000000,3.09000000,53.82780000,1665015303532,True,True
39378489,17.42000000,2.26000000,39.36920000,1665015303610,True,True
39378490,17.42000000,29.00000000,505.18000000,1665015303693,True,True
39378491,17.42000000,0.51000000,8.88420000,1665015303900,True,True
39378492,17.42000000,35.99000000,626.94580000,1665015303900,True,True
39378493,17.42000000,2.86000000,49.82120000,1665015310948,True,True
39378494,17.42000000,2.87000000,49.99540000,1665015312763,True,True
39378495,17.42000000,2.86000000,49.82120000,1665015313959,True,True
39378496,17.42000000,2.86000000,49.82120000,1665015315941,True,True
39378497,17.42000000,2.86000000,49.82120000,1665015318172,True,True
39378498,17.42000000,2.86000000,49.82120000,1665015320804,True,True
39378499,17.42000000,2.86000000,49.82120000,1665015321910,True,True
39378500,17.43000000,17.50000000,305.02500000,1665015338719,False,True
39378501,17.43000000,1.10000000,19.17300000,1665015338719,False,True
39378502,17.43000000,31.40000000,547.30200000,1665015338769,False,True
39378503,17.43000000,2.26000000,39.39180000,1665015346325,True,True
39378504,17.43000000,40.06000000,698.24580000,1665015346336,True,True
39378505,17.43000000,50.00000000,871.50000000,1665015346336,True,True
39378506,17.43000000,11.26000000,196.26180000,1665015364827,False,True
39378507,17.43000000,35.64000000,621.20520000,1665015364827,False,True
39378508,17.43000000,17.49000000,304.85070000,1665015364827,False,True
39378509,17.43000000,2.86000000,49.84980000,1665015364827,False,True
39378510,17.43000000,27.63000000,481.59090000,1665015364827,False,True
39378511,17.43000000,2.86000000,49.84980000,1665015374052,False,True
39378512,17.43000000,2.86000000,49.84980000,1665015374052,False,True
39378513,17.43000000,2.86000000,49.84980000,1665015374052,False,True
39378514,17.43000000,70.51000000,1228.98930000,1665015402554,False,True
39378515,17.43000000,6.45000000,112.42350000,1665015402654,True,True
39378516,17.43000000,36.50000000,636.19500000,1665015405224,True,True
39378517,17.42000000,14.97000000,260.77740000,1665015405307,True,True
39378518,17.42000000,59.73000000,1040.49660000,1665015405552,True,True
39378519,17.42000000,40.27000000,701.50340000,1665015405553,True,True
39378520,17.42000000,3.30000000,57.48600000,1665015405553,True,True
39378521,17.42000000,70.51000000,1228.28420000,1665015405553,True,True
39378522,17.42000000,129.04000000,2247.87680000,1665015405553,True,True
39378523,17.42000000,1.41000000,24.56220000,1665015405555,True,True
39378524,17.42000000,11.48000000,199.98160000,1665015405555,True,True
39378525,17.42000000,3.39000000,59.05380000,1665015405555,True,True
39378526,17.42000000,9.96000000,173.50320000,1665015405555,True,True
39378527,17.42000000,1.52000000,26.47840000,1665015405558,True,True
39378528,17.42000000,11.48000000,199.98160000,1665015405558,True,True
39378529,17.42000000,8.58000000,149.46360000,1665015405558,True,True
39378530,17.42000000,8.58000000,149.46360000,1665015405558,True,True
39378531,17.42000000,10.09000000,175.76780000,1665015405558,True,True
39378532,17.42000000,2.59000000,45.11780000,1665015405558,True,True
39378533,17.42000000,18.76000000,326.79920000,1665015405558,True,True
39378534,17.42000000,84.00000000,1463.28000000,1665015405618,True,True
39378535,17.42000000,4.00000000,69.68000000,1665015405663,True,True
39378536,17.42000000,1.80000000,31.35600000,1665015405664,True,True
39378537,17.41000000,10.09000000,175.66690000,1665015406615,True,True
39378538,17.41000000,5.40000000,94.01400000,1665015406615,True,True
39378539,17.41000000,21.01000000,365.78410000,1665015406615,True,True
39378540,17.41000000,78.99000000,1375.21590000,1665015406630,True,True
39378541,17.40000000,1.26000000,21.92400000,1665015439991,True,True
39378542,17.40000000,1.61000000,28.01400000,1665015439991,True,True
39378543,17.40000000,1.42000000,24.70800000,1665015446116,True,True
39378544,17.40000000,10.07000000,175.21800000,1665015446116,True,True
39378545,17.40000000,1.14000000,19.83600000,1665015456256,True,True
39378546,17.41000000,3.39000000,59.01990000,1665015461743,False,True
39378547,17.41000000,10.86000000,189.07260000,1665015461743,False,True
39378548,17.41000000,11.67000000,203.17470000,1665015461744,False,True
39378549,17.41000000,11.83000000,205.96030000,1665015461747,False,True
39378550,17.41000000,20.64000000,359.34240000,1665015461753,False,True
39378551,17.41000000,17.77000000,309.37570000,1665015461753,False,True
39378552,17.41000000,11.29000000,196.55890000,1665015461787,False,True
39378553,17.41000000,2.87000000,49.96670000,1665015461787,False,True
39378554,17.41000000,4.10000000,71.38100000,1665015461787,False,True
39378555,17.41000000,3.35000000,58.32350000,1665015461787,False,True
39378556,17.41000000,2.87000000,49.96670000,1665015461787,False,True
39378557,17.42000000,39.77000000,692.79340000,1665015481900,False,True
39378558,17.42000000,14.98000000,260.95160000,1665015481907,False,True
39378559,17.42000000,15.02000000,261.64840000,1665015481909,False,True
39378560,17.42000000,45.35000000,789.99700000,1665015481912,False,True
39378561,17.42000000,14.63000000,254.85460000,1665015481913,False,True
39378562,17.42000000,8.07000000,140.57940000,1665015481916,False,True
39378563,17.42000000,33.64000000,586.00880000,1665015481917,False,True
39378564,17.42000000,7.93000000,138.14060000,1665015481918,False,True
39378565,17.42000000,2.87000000,49.99540000,1665015481921,False,True
39378566,17.42000000,2.87000000,49.99540000,1665015481921,False,True
39378567,17.42000000,3.77000000,65.67340000,1665015481921,False,True
39378568,17.42000000,10.40000000,181.16800000,1665015481922,False,True
39378569,17.42000000,15.90000000,276.97800000,1665015481923,False,True
39378570,17.42000000,6.21000000,108.17820000,1665015481923,False,True
39378571,17.42000000,9.42000000,164.09640000,1665015481923,False,True
39378572,17.42000000,44.04000000,767.17680000,1665015481925,False,True
39378573,17.43000000,6.75000000,117.65250000,1665015481925,False,True
39378574,17.43000000,2.86000000,49.84980000,1665015488852,False,True
39378575,17.43000000,0.90000000,15.68700000,1665015488852,False,True
39378576,17.43000000,2.59000000,45.14370000,1665015488852,False,True
39378577,17.43000000,25.42000000,443.07060000,1665015488852,False,True
39378578,17.44000000,2.86000000,49.87840000,1665015491571,False,True
39378579,17.44000000,3.30000000,57.55200000,1665015491571,False,True
39378580,17.44000000,2.86000000,49.87840000,1665015491571,False,True
39378581,17.44000000,0.05000000,0.87200000,1665015491571,False,True
39378582,17.44000000,8.46000000,147.54240000,1665015492302,False,True
39378583,17.44000000,1.94000000,33.83360000,1665015492302,False,True
39378584,17.44000000,2.59000000,45.16960000,1665015492664,False,True
39378585,17.44000000,52.80000000,920.83200000,1665015495766,True,True
39378586,17.44000000,12.48000000,217.65120000,1665015495766,True,True
39378587,17.43000000,7.48000000,130.37640000,1665015499080,True,True
39378588,17.44000000,16.00000000,279.04000000,1665015538181,False,True
39378589,17.44000000,4.00000000,69.76000000,1665015538200,False,True
39378590,17.45000000,1.56000000,27.22200000,1665015558633,False,True
39378591,17.45000000,21.81000000,380.58450000,1665015559481,False,True
39378592,17.45000000,5.61000000,97.89450000,1665015559715,False,True
39378593,17.45000000,11.22000000,195.78900000,1665015559716,False,True
39378594,17.45000000,24.28000000,423.68600000,1665015559717,False,True
39378595,17.45000000,5.62000000,98.06900000,1665015559717,False,True
39378596,17.45000000,29.90000000,521.75500000,1665015559720,False,True
39378597,17.45000000,2.86000000,49.90700000,1665015559720,False,True
39378598,17.45000000,1.26000000,21.98700000,1665015559720,False,True
39378599,17.45000000,3.03000000,52.87350000,1665015559720,False,True
39378600,17.45000000,1.26000000,21.98700000,1665015559720,False,True
39378601,17.45000000,13.43000000,234.35350000,1665015559735,False,True
39378602,17.45000000,15.39000000,268.55550000,1665015559740,False,True
39378603,17.45000000,2.86000000,49.90700000,1665015559740,False,True
39378604,17.45000000,3.30000000,57.58500000,1665015559740,False,True
39378605,17.45000000,2.59000000,45.19550000,1665015559740,False,True
39378606,17.45000000,49.48000000,863.42600000,1665015559740,False,True
39378607,17.46000000,36.30000000,633.79800000,1665015559815,False,True
39378608,17.46000000,10.09000000,176.17140000,1665015559815,False,True
39378609,17.46000000,100.00000000,1746.00000000,1665015559815,False,True
39378610,17.46000000,2.08000000,36.31680000,1665015559815,False,True
39378611,17.46000000,23.89000000,417.11940000,1665015559815,False,True
39378612,17.46000000,3.75000000,65.47500000,1665015559815,False,True
39378613,17.46000000,3.73000000,65.12580000,1665015559815,False,True
39378614,17.46000000,3.75000000,65.47500000,1665015559815,False,True
39378615,17.46000000,34.75000000,606.73500000,1665015559815,False,True
39378616,17.46000000,1.11000000,19.38060000,1665015559815,False,True
39378617,17.46000000,0.55000000,9.60300000,1665015559815,False,True
39378618,17.46000000,9.85000000,171.98100000,1665015560002,True,True
39378619,17.47000000,0.69000000,12.05430000,1665015560011,False,True
39378620,17.47000000,0.69000000,12.05430000,1665015560011,False,True
39378621,17.47000000,3.27000000,57.12690000,1665015560011,False,True
39378622,17.47000000,1.17000000,20.43990000,1665015560011,False,True
39378623,17.47000000,0.65000000,11.35550000,1665015560011,False,True
39378624,17.47000000,1.58000000,27.60260000,1665015560011,False,True
39378625,17.47000000,1.19000000,20.78930000,1665015560011,False,True
39378626,17.47000000,0.63000000,11.00610000,1665015560011,False,True
39378627,17.47000000,40.13000000,701.07110000,1665015560011,False,True
39378628,17.46000000,4.85000000,84.68100000,1665015560495,True,True
39378629,17.46000000,4.85000000,84.68100000,1665015561019,True,True
39378630,17.46000000,84.22000000,1470.48120000,1665015561323,True,True
39378631,17.46000000,5.37000000,93.76020000,1665015561323,True,True
39378632,17.45000000,4.85000000,84.63250000,1665015561426,True,True
39378633,17.46000000,4.29000000,74.90340000,1665015561560,False,True
39378634,17.46000000,5.79000000,101.09340000,1665015562779,False,True
39378635,17.45000000,0.62000000,10.81900000,1665015565015,True,True
39378636,17.45000000,45.30000000,790.48500000,1665015569487,True,True
39378637,17.45000000,3.30000000,57.58500000,1665015569487,True,True
39378638,17.45000000,2.59000000,45.19550000,1665015569487,True,True
39378639,17.45000000,50.55000000,882.09750000,1665015599644,False,True
39378640,17.45000000,14.76000000,257.56200000,1665015599644,False,True
39378641,17.45000000,31.26000000,545.48700000,1665015599679,True,True
39378642,17.45000000,10.70000000,186.71500000,1665015599749,True,True
39378643,17.45000000,16.00000000,279.20000000,1665015599931,True,True
39378644,17.45000000,21.81000000,380.58450000,1665015599988,True,True
39378645,17.45000000,19.78000000,345.16100000,1665015600054,True,True
39378646,17.45000000,2.48000000,43.27600000,1665015600081,True,True
39378647,17.45000000,2.48000000,43.27600000,1665015600081,True,True
39378648,17.45000000,2.48000000,43.27600000,1665015600084,True,True
39378649,17.45000000,2.48000000,43.27600000,1665015600084,True,True
39378650,17.45000000,2.48000000,43.27600000,1665015600084,True,True
39378651,17.45000000,13.86000000,241.85700000,1665015600094,True,True
39378652,17.45000000,2.48000000,43.27600000,1665015600094,True,True
39378653,17.45000000,13.86000000,241.85700000,1665015600094,True,True
39378654,17.45000000,35.28000000,615.63600000,1665015600339,True,True
39378655,17.45000000,11.44000000,199.62800000,1665015600349,True,True
39378656,17.45000000,26.00000000,453.70000000,1665015600358,True,True
39378657,17.45000000,19.82000000,345.85900000,1665015600373,True,True
39378658,17.44000000,20.01000000,348.97440000,1665015600407,True,True
39378659,17.44000000,15.60000000,272.06400000,1665015600407,True,True
39378660,17.45000000,70.50000000,1230.22500000,1665015603004,False,True
39378661,17.45000000,14.98000000,261.40100000,1665015609725,True,True
39378662,17.45000000,214.52000000,3743.37400000,1665015609734,True,True
39378663,17.44000000,3.75000000,65.40000000,1665015631014,True,True
39378664,17.44000000,7.48000000,130.45120000,1665015631014,True,True
39378665,17.44000000,33.68000000,587.37920000,1665015631014,True,True
39378666,17.44000000,3.30000000,57.55200000,1665015631014,True,True
39378667,17.44000000,2.59000000,45.16960000,1665015631014,True,True
39378668,17.44000000,404.47000000,7053.95680000,1665015631014,True,True
39378669,17.44000000,40.00000000,697.60000000,1665015631022,True,True
39378670,17.44000000,420.00000000,7324.80000000,1665015631027,True,True
39378671,17.44000000,40.00000000,697.60000000,1665015631031,True,True
39378672,17.44000000,70.75000000,1233.88000000,1665015631033,True,True
39378673,17.43000000,16.00000000,278.88000000,1665015631095,True,True
39378674,17.43000000,0.62000000,10.80660000,1665015631095,True,True
39378675,17.43000000,10.09000000,175.86870000,1665015631627,True,True
39378676,17.43000000,4.20000000,73.20600000,1665015631627,True,True
39378677,17.43000000,2.08000000,36.25440000,1665015631627,True,True
39378678,17.43000000,5.40000000,94.12200000,1665015631627,True,True
39378679,17.43000000,20.98000000,365.68140000,1665015631627,True,True
39378680,17.43000000,3.75000000,65.36250000,1665015631627,True,True
39378681,17.43000000,5.80000000,101.09400000,1665015631627,True,True
39378682,17.43000000,15.80000000,275.39400000,1665015631627,True,True
39378683,17.43000000,36.94000000,643.86420000,1665015637555,False,True
39378684,17.43000000,16.75000000,291.95250000,1665015637566,False,True
39378685,17.43000000,15.85000000,276.26550000,1665015637566,False,True
39378686,17.43000000,54.68000000,953.07240000,1665015637568,False,True
39378687,17.43000000,22.44000000,391.12920000,1665015637568,False,True
39378688,17.43000000,15.80000000,275.39400000,1665015637568,False,True
39378689,17.44000000,50.00000000,872.00000000,1665015637671,False,True
39378690,17.44000000,20.55000000,358.39200000,1665015637972,False,True
39378691,17.44000000,19.89000000,346.88160000,1665015637972,False,True
39378692,17.44000000,3.30000000,57.55200000,1665015643638,False,True
39378693,17.44000000,2.59000000,45.16960000,1665015643638,False,True
39378694,17.44000000,7.51000000,130.97440000,1665015663210,False,True
39378695,17.45000000,51.05000000,890.82250000,1665015672336,False,True
39378696,17.43000000,69.48000000,1211.03640000,1665015702141,True,True
39378697,17.43000000,142.56000000,2484.82080000,1665015702141,True,True
39378698,17.43000000,5.80000000,101.09400000,1665015702141,True,True
39378699,17.43000000,10.59000000,184.58370000,1665015703381,False,True
39378700,17.43000000,14.95000000,260.57850000,1665015703393,False,True
39378701,17.43000000,1.02000000,17.77860000,1665015703406,False,True
39378702,17.43000000,69.48000000,1211.03640000,1665015703406,False,True
39378703,17.44000000,27.31000000,476.28640000,1665015703875,False,True
39378704,17.44000000,55.00000000,959.20000000,1665015703875,False,True
39378705,17.44000000,55.00000000,959.20000000,1665015703875,False,True
39378706,17.44000000,118.74000000,2070.82560000,1665015703875,False,True
39378707,17.44000000,42.47000000,740.67680000,1665015703875,False,True
39378708,17.44000000,1.48000000,25.81120000,1665015703875,False,True
39378709,17.43000000,21.83000000,380.49690000,1665015705569,True,True
39378710,17.43000000,1.09000000,18.99870000,1665015707104,True,True
39378711,17.43000000,26.61000000,463.81230000,1665015707179,True,True
39378712,17.44000000,74.87000000,1305.73280000,1665015707220,False,True
39378713,17.44000000,14.14000000,246.60160000,1665015707220,False,True
39378714,17.44000000,1.09000000,19.00960000,1665015707220,False,True
39378715,17.44000000,1.09000000,19.00960000,1665015707220,False,True
39378716,17.44000000,55.00000000,959.20000000,1665015707220,False,True
39378717,17.44000000,53.81000000,938.44640000,1665015707220,False,True
39378718,17.43000000,1.30000000,22.65900000,1665015707623,True,True
39378719,17.44000000,1.19000000,20.75360000,1665015710968,False,True
39378720,17.44000000,98.39000000,1715.92160000,1665015710968,False,True
39378721,17.44000000,51.73000000,902.17120000,1665015710968,False,True
39378722,17.44000000,88.00000000,1534.72000000,1665015710968,False,True
39378723,17.44000000,30.18000000,526.33920000,1665015710968,False,True
39378724,17.43000000,2.46000000,42.87780000,1665015713045,True,True
39378725,17.43000000,19.96000000,347.90280000,1665015713045,True,True
39378726,17.42000000,0.83000000,14.45860000,1665015713045,True,True
39378727,17.43000000,27.14000000,473.05020000,1665015713573,False,True
39378728,17.43000000,18.07000000,314.96010000,1665015713573,False,True
39378729,17.43000000,13.97000000,243.49710000,1665015717454,False,True
39378730,17.44000000,10.18000000,177.53920000,1665015717571,False,True
39378731,17.44000000,39.82000000,694.46080000,1665015717571,False,True
39378732,17.42000000,18.96000000,330.28320000,1665015726516,True,True
39378733,17.42000000,2.08000000,36.23360000,1665015726516,True,True
39378734,17.42000000,1.22000000,21.25240000,1665015726712,True,True
39378735,17.42000000,2.59000000,45.11780000,1665015726712,True,True
39378736,17.42000000,43.91000000,764.91220000,1665015726712,True,True
39378737,17.42000000,3.27000000,56.96340000,1665015729753,True,True
39378738,17.42000000,1.00000000,17.42000000,1665015729753,True,True
39378739,17.42000000,2.26000000,39.36920000,1665015737955,True,True
39378740,17.43000000,51.42000000,896.25060000,1665015745623,False,True
39378741,17.43000000,5.85000000,101.96550000,1665015745623,False,True
39378742,17.42000000,43.65000000,760.38300000,1665015764172,True,True
39378743,17.42000000,3.25000000,56.61500000,1665015764230,True,True
39378744,17.42000000,3.25000000,56.61500000,1665015764233,True,True
39378745,17.42000000,3.25000000,56.61500000,1665015764233,True,True
39378746,17.42000000,3.25000000,56.61500000,1665015764234,True,True
39378747,17.42000000,3.25000000,56.61500000,1665015764237,True,True
39378748,17.41000000,29.00000000,504.89000000,1665015764243,True,True
39378749,17.42000000,9.03000000,157.30260000,1665015775441,False,True
39378750,17.42000000,8.67000000,151.03140000,1665015775445,False,True
39378751,17.42000000,8.58000000,149.46360000,1665015775451,False,True
39378752,17.42000000,9.14000000,159.21880000,1665015775451,False,True
39378753,17.42000000,6.73000000,117.23660000,1665015775452,False,True
39378754,17.42000000,6.64000000,115.66880000,1665015775461,False,True
39378755,17.42000000,6.29000000,109.57180000,1665015775461,False,True
39378756,17.42000000,0.58000000,10.10360000,1665015804594,True,True
39378757,17.43000000,23.47000000,409.08210000,1665015843533,False,True
39378758,17.43000000,6.53000000,113.81790000,1665015843533,False,True
39378759,17.42000000,69.79000000,1215.74180000,1665015880626,True,True
39378760,17.42000000,5.80000000,101.03600000,1665015880626,True,True
39378761,17.42000000,100.00000000,1742.00000000,1665015880626,True,True
39378762,17.41000000,0.69000000,12.01290000,1665015887309,True,True
39378763,17.41000000,0.69000000,12.01290000,1665015887309,True,True
39378764,17.41000000,3.27000000,56.93070000,1665015887309,True,True
39378765,17.41000000,17.34000000,301.88940000,1665015887309,True,True
39378766,17.41000000,3.30000000,57.45300000,1665015887309,True,True
39378767,17.41000000,28.71000000,499.84110000,1665015887309,True,True
39378768,17.41000000,36.13000000,629.02330000,1665015887309,True,True
39378769,17.41000000,19.24000000,334.96840000,1665015903308,False,True
39378770,17.41000000,6.84000000,119.08440000,1665015903310,False,True
39378771,17.42000000,1.00000000,17.42000000,1665015903370,False,True
39378772,17.41000000,39.78000000,692.56980000,1665015913944,True,True
39378773,17.41000000,31.26000000,544.23660000,1665015913944,True,True
39378774,17.41000000,5.80000000,100.97800000,1665015913944,True,True
39378775,17.41000000,22.99000000,400.25590000,1665015913944,True,True
39378776,17.41000000,64.58000000,1124.33780000,1665015913944,True,True
39378777,17.41000000,22.99000000,400.25590000,1665015913961,True,True
39378778,17.41000000,22.99000000,400.25590000,1665015913961,True,True
39378779,17.41000000,22.54000000,392.42140000,1665015913961,True,True
39378780,17.41000000,0.45000000,7.83450000,1665015913974,True,True
39378781,17.41000000,22.54000000,392.42140000,1665015913974,True,True
39378782,17.41000000,0.44000000,7.66040000,1665015914939,True,True
39378783,17.41000000,36.21000000,630.41610000,1665015914939,True,True
39378784,17.41000000,9.88000000,172.01080000,1665015915020,True,True
39378785,17.41000000,11.47000000,199.69270000,1665015915109,True,True
39378786,17.41000000,41.05000000,714.68050000,1665015915187,True,True
39378787,17.41000000,16.95000000,295.09950000,1665015915187,True,True
39378788,17.41000000,22.06000000,384.06460000,1665015915269,True,True
39378789,17.41000000,20.00000000,348.20000000,1665015927635,False,True
39378790,17.41000000,30.00000000,522.30000000,1665015927692,False,True
39378791,17.41000000,18.85000000,328.17850000,1665015927969,False,True
39378792,17.42000000,6.18000000,107.65560000,1665015974064,False,True
39378793,17.43000000,7.39000000,128.80770000,1665015974088,False,True
39378794,17.42000000,5.22000000,90.93240000,1665016043981,False,True
39378795,17.42000000,13.31000000,231.86020000,1665016043981,False,True
39378796,17.42000000,179.99000000,3135.42580000,1665016043981,False,True
39378797,17.42000000,55.00000000,958.10000000,1665016043981,False,True
39378798,17.42000000,46.48000000,809.68160000,1665016043981,False,True
39378799,17.42000000,2.26000000,39.36920000,1665016044197,True,True
39378800,17.42000000,60.26000000,1049.72920000,1665016048116,True,True
39378801,17.42000000,19.49000000,339.51580000,1665016048307,True,True
39378802,17.42000000,9.51000000,165.66420000,1665016048307,True,True
39378803,17.42000000,13.47000000,234.64740000,1665016048360,True,True
39378804,17.42000000,5.22000000,90.93240000,1665016048360,True,True
39378805,17.42000000,18.69000000,325.57980000,1665016048393,True,True
39378806,17.42000000,4.29000000,74.73180000,1665016048632,True,True
39378807,17.42000000,22.98000000,400.31160000,1665016048683,True,True
39378808,17.42000000,6.02000000,104.86840000,1665016048757,True,True
39378809,17.42000000,1.84000000,32.05280000,1665016050172,True,True
39378810,17.42000000,3.98000000,69.33160000,1665016050243,True,True
39378811,17.42000000,11.14000000,194.05880000,1665016051918,True,True
39378812,17.42000000,22.95000000,399.78900000,1665016051975,True,True
39378813,17.41000000,3.04000000,52.92640000,1665016056689,True,True
39378814,17.41000000,50.00000000,870.50000000,1665016058145,True,True
39378815,17.41000000,47.39000000,825.05990000,1665016058145,True,True
39378816,17.41000000,69.75000000,1214.34750000,1665016058226,True,True
39378817,17.41000000,5.80000000,100.97800000,1665016058226,True,True
39378818,17.41000000,20.00000000,348.20000000,1665016058280,False,True
39378819,17.41000000,42.95000000,747.75950000,1665016086661,True,True
39378820,17.41000000,5.58000000,97.14780000,1665016087101,True,True
39378821,17.41000000,17.68000000,307.80880000,1665016087101,True,True
39378822,17.41000000,5.74000000,99.93340000,1665016091017,True,True
39378823,17.41000000,30.69000000,534.31290000,1665016096136,True,True
39378824,17.41000000,24.56000000,427.58960000,1665016096136,True,True
39378825,17.42000000,19.49000000,339.51580000,1665016098590,False,True
39378826,17.42000000,55.00000000,958.10000000,1665016098590,False,True
39378827,17.42000000,55.00000000,958.10000000,1665016098590,False,True
39378828,17.42000000,53.97000000,940.15740000,1665016098590,False,True
39378829,17.42000000,16.54000000,288.12680000,1665016098590,False,True
39378830,17.41000000,12.43000000,216.40630000,1665016102752,True,True
39378831,17.41000000,56.14000000,977.39740000,1665016102752,True,True
39378832,17.41000000,68.57000000,1193.80370000,1665016104756,True,True
39378833,17.41000000,55.00000000,957.55000000,1665016105755,True,True
39378834,17.41000000,13.57000000,236.25370000,1665016105755,True,True
39378835,17.41000000,1.02000000,17.75820000,1665016113168,True,True
39378836,17.41000000,2.26000000,39.34660000,1665016114846,True,True
39378837,17.41000000,31.26000000,544.23660000,1665016115197,True,True
39378838,17.40000000,2.65000000,46.11000000,1665016115332,True,True
39378839,17.41000000,11.48000000,199.86680000,1665016116776,False,True
39378840,17.41000000,64.52000000,1123.29320000,1665016116776,False,True
39378841,17.41000000,31.26000000,544.23660000,1665016124723,True,True
39378842,17.41000000,0.60000000,10.44600000,1665016124791,True,True
39378843,17.41000000,1.16000000,20.19560000,1665016150996,True,True
39378844,17.41000000,17.95000000,312.50950000,1665016155191,True,True
39378845,17.41000000,23.82000000,414.70620000,1665016155254,True,True
39378846,17.41000000,27.71000000,482.43110000,1665016155260,True,True
39378847,17.41000000,14.75000000,256.79750000,1665016155260,True,True
39378848,17.41000000,156.37000000,2722.40170000,1665016155270,True,True
39378849,17.41000000,19.55000000,340.36550000,1665016155270,True,True
39378850,17.41000000,9.33000000,162.43530000,1665016160440,True,True
39378851,17.41000000,55.00000000,957.55000000,1665016160440,True,True
39378852,17.40000000,3.57000000,62.11800000,1665016178130,True,True
39378853,17.40000000,1.26000000,21.92400000,1665016178130,True,True
39378854,17.40000000,3.03000000,52.72200000,1665016178130,True,True
39378855,17.40000000,5.40000000,93.96000000,1665016178130,True,True
39378856,17.40000000,3.30000000,57.42000000,1665016178130,True,True
39378857,17.40000000,200.00000000,3480.00000000,1665016178130,True,True
39378858,17.40000000,2.59000000,45.06600000,1665016178130,True,True
39378859,17.40000000,23.03000000,400.72200000,1665016179155,False,True
39378860,17.40000000,2.26000000,39.32400000,1665016182280,False,True
39378861,17.40000000,38.58000000,671.29200000,1665016183068,False,True
39378862,17.40000000,2.26000000,39.32400000,1665016183619,False,True
39378863,17.40000000,26.38000000,459.01200000,1665016183760,False,True
39378864,17.40000000,16.75000000,291.45000000,1665016183760,False,True
39378865,17.40000000,2.26000000,39.32400000,1665016198955,False,True
39378866,17.40000000,8.78000000,152.77200000,1665016200587,False,True
39378867,17.41000000,29.00000000,504.89000000,1665016203628,False,True
39378868,17.42000000,2.81000000,48.95020000,1665016208413,False,True
39378869,17.42000000,2.39000000,41.63380000,1665016208426,False,True
39378870,17.42000000,44.72000000,779.02240000,1665016208585,False,True
39378871,17.42000000,3.30000000,57.48600000,1665016208585,False,True
39378872,17.42000000,12.00000000,209.04000000,1665016208585,False,True
39378873,17.42000000,2.59000000,45.11780000,1665016208585,False,True
39378874,17.42000000,17.89000000,311.64380000,1665016208585,False,True
39378875,17.42000000,8.00000000,139.36000000,1665016208620,False,True
39378876,17.42000000,9.61000000,167.40620000,1665016209188,False,True
39378877,17.42000000,6.63000000,115.49460000,1665016214370,True,True
39378878,17.43000000,23.32000000,406.46760000,1665016224332,False,True
39378879,17.43000000,0.63000000,10.98090000,1665016246130,False,True
39378880,17.43000000,2.87000000,50.02410000,1665016246130,False,True
39378881,17.43000000,3.30000000,57.51900000,1665016246130,False,True
39378882,17.43000000,2.59000000,45.14370000,1665016246130,False,True
39378883,17.43000000,6.04000000,105.27720000,1665016246130,False,True
39378884,17.43000000,11.48000000,200.09640000,1665016246130,False,True
39378885,17.43000000,11.47000000,199.92210000,1665016246130,False,True
39378886,17.43000000,11.47000000,199.92210000,1665016246130,False,True
39378887,17.43000000,11.47000000,199.92210000,1665016246130,False,True
39378888,17.43000000,11.47000000,199.92210000,1665016246130,False,True
39378889,17.43000000,1.45000000,25.27350000,1665016252784,False,True
39378890,17.43000000,27.25000000,474.96750000,1665016252784,False,True
39378891,17.43000000,25.31000000,441.15330000,1665016252785,False,True
39378892,17.43000000,7.03000000,122.53290000,1665016252785,False,True
39378893,17.43000000,49.91000000,869.93130000,1665016252786,False,True
39378894,17.43000000,13.39000000,233.38770000,1665016252787,False,True
39378895,17.43000000,14.21000000,247.68030000,1665016252787,False,True
39378896,17.43000000,30.63000000,533.88090000,1665016252788,False,True
39378897,17.43000000,9.82000000,171.16260000,1665016252788,False,True
39378898,17.43000000,7.42000000,129.33060000,1665016252790,False,True
39378899,17.43000000,1.74000000,30.32820000,1665016252790,False,True
39378900,17.43000000,37.85000000,659.72550000,1665016252790,False,True
39378901,17.43000000,15.41000000,268.59630000,1665016252790,False,True
39378902,17.44000000,0.61000000,10.63840000,1665016252795,False,True
39378903,17.44000000,1.00000000,17.44000000,1665016252798,False,True
39378904,17.44000000,1.00000000,17.44000000,1665016252801,False,True
39378905,17.44000000,1.00000000,17.44000000,1665016252801,False,True
39378906,17.44000000,6.70000000,116.84800000,1665016252805,False,True
39378907,17.44000000,1.00000000,17.44000000,1665016252806,False,True
39378908,17.44000000,20.99000000,366.06560000,1665016252808,False,True
39378909,17.44000000,10.04000000,175.09760000,1665016252808,False,True
39378910,17.44000000,14.77000000,257.58880000,1665016252808,False,True
39378911,17.44000000,2.59000000,45.16960000,1665016252808,False,True
39378912,17.45000000,11.60000000,202.42000000,1665016252815,False,True
39378913,17.45000000,8.54000000,149.02300000,1665016252815,False,True
39378914,17.45000000,1.50000000,26.17500000,1665016252816,False,True
39378915,17.45000000,3.90000000,68.05500000,1665016252816,False,True
39378916,17.45000000,1.00000000,17.45000000,1665016252821,False,True
39378917,17.45000000,6.62000000,115.51900000,1665016252830,False,True
39378918,17.45000000,45.18000000,788.39100000,1665016252830,False,True
39378919,17.45000000,54.82000000,956.60900000,1665016252966,False,True
39378920,17.45000000,1.26000000,21.98700000,1665016252966,False,True
39378921,17.45000000,3.03000000,52.87350000,1665016252966,False,True
39378922,17.45000000,3.30000000,57.58500000,1665016252966,False,True
39378923,17.45000000,7.88000000,137.50600000,1665016252966,False,True
39378924,17.45000000,111.28000000,1941.83600000,1665016252966,False,True
39378925,17.45000000,38.03000000,663.62350000,1665016253112,False,True
39378926,17.45000000,0.87000000,15.18150000,1665016253530,False,True
39378927,17.45000000,1.45000000,25.30250000,1665016253559,True,True
39378928,17.45000000,185.84000000,3242.90800000,1665016253561,True,True
39378929,17.45000000,33.99000000,593.12550000,1665016253566,True,True
39378930,17.45000000,55.00000000,959.75000000,1665016253569,True,True
39378931,17.45000000,18.15000000,316.71750000,1665016253595,True,True
39378932,17.45000000,36.85000000,643.03250000,1665016253946,True,True
39378933,17.45000000,40.54000000,707.42300000,1665016259943,True,True
39378934,17.45000000,50.82000000,886.80900000,1665016259943,True,True
39378935,17.46000000,51.41000000,897.61860000,1665016288180,False,True
39378936,17.46000000,32.11000000,560.64060000,1665016288265,False,True
39378937,17.46000000,2.86000000,49.93560000,1665016288265,False,True
39378938,17.46000000,20.00000000,349.20000000,1665016288265,False,True
39378939,17.46000000,7.38000000,128.85480000,1665016288265,False,True
39378940,17.46000000,88.00000000,1536.48000000,1665016288265,False,True
39378941,17.46000000,1.45000000,25.31700000,1665016288265,False,True
39378942,17.46000000,2.59000000,45.22140000,1665016288265,False,True
39378943,17.46000000,2.86000000,49.93560000,1665016288265,False,True
39378944,17.46000000,8.77000000,153.12420000,1665016288265,False,True
39378945,17.46000000,2.30000000,40.15800000,1665016288265,False,True
39378946,17.46000000,1.45000000,25.31700000,1665016288265,False,True
39378947,17.46000000,11.45000000,199.91700000,1665016288265,False,True
39378948,17.46000000,11.46000000,200.09160000,1665016288265,False,True
39378949,17.46000000,3.30000000,57.61800000,1665016288265,False,True
39378950,17.46000000,11.46000000,200.09160000,1665016288265,False,True
39378951,17.46000000,11.45000000,199.91700000,1665016288265,False,True
39378952,17.46000000,1.11000000,19.38060000,1665016288265,False,True
39378953,17.46000000,4.69000000,81.88740000,1665016288409,False,True
39378954,17.46000000,3.44000000,60.06240000,1665016288409,False,True
39378955,17.46000000,38.35000000,669.59100000,1665016288409,False,True
39378956,17.46000000,62.58000000,1092.64680000,1665016288419,False,True
39378957,17.46000000,1.45000000,25.31700000,1665016288673,False,True
39378958,17.46000000,2.47000000,43.12620000,1665016288673,False,True
39378959,17.46000000,0.37000000,6.46020000,1665016288675,False,True
39378960,17.47000000,0.61000000,10.65670000,1665016288743,False,True
39378961,17.46000000,8.95000000,156.26700000,1665016291454,True,True
39378962,17.46000000,42.46000000,741.35160000,1665016291454,True,True
39378963,17.46000000,20.39000000,356.00940000,1665016291533,True,True
39378964,17.46000000,1.45000000,25.31700000,1665016291533,True,True
39378965,17.46000000,10.70000000,186.82200000,1665016291533,True,True
39378966,17.46000000,42.78000000,746.93880000,1665016291533,True,True
39378967,17.46000000,26.54000000,463.38840000,1665016291575,True,True
39378968,17.46000000,20.96000000,365.96160000,1665016291575,True,True
39378969,17.45000000,18.91000000,329.97950000,1665016299173,False,True
39378970,17.46000000,1.11000000,19.38060000,1665016299173,False,True
39378971,17.46000000,29.98000000,523.45080000,1665016299173,False,True
39378972,17.45000000,11.47000000,200.15150000,1665016317540,True,True
39378973,17.45000000,25.03000000,436.77350000,1665016317598,True,True
39378974,17.45000000,32.83000000,572.88350000,1665016322624,True,True
39378975,17.45000000,40.56000000,707.77200000,1665016326673,False,True
39378976,17.45000000,31.26000000,545.48700000,1665016335432,True,True
39378977,17.45000000,12.13000000,211.66850000,1665016335851,True,True
39378978,17.45000000,18.87000000,329.28150000,1665016335851,True,True
39378979,17.45000000,5.19000000,90.56550000,1665016362518,False,True
39378980,17.45000000,28.93000000,504.82850000,1665016362518,False,True
39378981,17.45000000,15.57000000,271.69650000,1665016362518,False,True
39378982,17.45000000,1.44000000,25.12800000,1665016370981,True,True
39378983,17.45000000,22.49000000,392.45050000,1665016370981,True,True
39378984,17.46000000,50.58000000,883.12680000,1665016395336,False,True
39378985,17.45000000,1.77000000,30.88650000,1665016397283,True,True
39378986,17.45000000,1.93000000,33.67850000,1665016397374,True,True
39378987,17.45000000,1.86000000,32.45700000,1665016397770,True,True
39378988,17.45000000,30.51000000,532.39950000,1665016399001,True,True
39378989,17.46000000,0.85000000,14.84100000,1665016407429,False,True
39378990,17.45000000,16.00000000,279.20000000,1665016419935,True,True
39378991,17.45000000,10.83000000,188.98350000,1665016421372,True,True
39378992,17.45000000,6.47000000,112.90150000,1665016421570,True,True
39378993,17.45000000,4.98000000,86.90100000,1665016421570,True,True
39378994,17.45000000,31.26000000,545.48700000,1665016421649,True,True
39378995,17.45000000,16.63000000,290.19350000,1665016426317,True,True
39378996,17.44000000,2.13000000,37.14720000,1665016426445,True,True
39378997,17.44000000,0.61000000,10.63840000,1665016431568,True,True
39378998,17.44000000,3.30000000,57.55200000,1665016431572,True,True
39378999,17.44000000,62.85000000,1096.10400000,1665016431572,True,True
39379000,17.44000000,42.00000000,732.48000000,1665016431572,True,True
39379001,17.44000000,1.45000000,25.28800000,1665016431578,True,True
39379002,17.44000000,59.26000000,1033.49440000,1665016431578,True,True
39379003,17.44000000,10.49000000,182.94560000,1665016431586,True,True
39379004,17.44000000,47.08000000,821.07520000,1665016431586,True,True
39379005,17.44000000,46.57000000,812.18080000,1665016431586,True,True
39379006,17.44000000,3.30000000,57.55200000,1665016431586,True,True
39379007,17.44000000,2.59000000,45.16960000,1665016431586,True,True
39379008,17.44000000,3.06000000,53.36640000,1665016431586,True,True
39379009,17.44000000,55.00000000,959.20000000,1665016431593,True,True
39379010,17.44000000,52.58000000,916.99520000,1665016431593,True,True
39379011,17.44000000,13.16000000,229.51040000,1665016431603,True,True
39379012,17.44000000,2.27000000,39.58880000,1665016431621,False,True
39379013,17.43000000,40.64000000,708.35520000,1665016432224,True,True
39379014,17.43000000,40.35000000,703.30050000,1665016432228,True,True
39379015,17.43000000,10.04000000,174.99720000,1665016432228,True,True
39379016,17.43000000,5.40000000,94.12200000,1665016432228,True,True
39379017,17.43000000,2.08000000,36.25440000,1665016432228,True,True
39379018,17.43000000,1.19000000,20.74170000,1665016433666,False,True
39379019,17.42000000,24.20000000,421.56400000,1665016444995,True,True
39379020,17.42000000,0.90000000,15.67800000,1665016445011,True,True
39379021,17.42000000,28.69000000,499.77980000,1665016445011,True,True
39379022,17.41000000,5.75000000,100.10750000,1665016462251,True,True
39379023,17.41000000,49.25000000,857.44250000,1665016477611,True,True
39379024,17.41000000,69.83000000,1215.74030000,1665016477611,True,True
39379025,17.41000000,34.52000000,600.99320000,1665016477611,True,True
39379026,17.41000000,3.30000000,57.45300000,1665016477611,True,True
39379027,17.41000000,2.59000000,45.09190000,1665016477611,True,True
39379028,17.41000000,22.65000000,394.33650000,1665016477611,True,True
39379029,17.41000000,2.31000000,40.21710000,1665016477611,True,True
39379030,17.41000000,35.55000000,618.92550000,1665016477611,True,True
39379031,17.40000000,0.61000000,10.61400000,1665016482778,True,True
39379032,17.41000000,46.47000000,809.04270000,1665016488205,False,True
39379033,17.43000000,34.70000000,604.82100000,1665016513565,False,True
39379034,17.43000000,2.30000000,40.08900000,1665016523159,False,True
39379035,17.43000000,50.61000000,882.13230000,1665016523262,False,True
39379036,17.41000000,12.29000000,213.96890000,1665016540922,False,True
39379037,17.41000000,1.82000000,31.68620000,1665016540922,False,True
39379038,17.41000000,38.74000000,674.46340000,1665016540922,False,True
39379039,17.41000000,5.51000000,95.92910000,1665016540925,False,True
39379040,17.41000000,69.49000000,1209.82090000,1665016579434,True,True
39379041,17.41000000,25.38000000,441.86580000,1665016579434,True,True
39379042,17.41000000,1.09000000,18.97690000,1665016579434,True,True
39379043,17.41000000,28.71000000,499.84110000,1665016579434,True,True
39379044,17.41000000,5.80000000,100.97800000,1665016579434,True,True
39379045,17.41000000,37.65000000,655.48650000,1665016579434,True,True
39379046,17.40000000,1.99000000,34.62600000,1665016588713,True,True
39379047,17.40000000,1.04000000,18.09600000,1665016588713,True,True
39379048,17.40000000,0.95000000,16.53000000,1665016588713,True,True
39379049,17.40000000,0.31000000,5.39400000,1665016588738,True,True
39379050,17.40000000,5.40000000,93.96000000,1665016588738,True,True
39379051,17.40000000,3.30000000,57.42000000,1665016588738,True,True
39379052,17.40000000,2.59000000,45.06600000,1665016588738,True,True
39379053,17.40000000,7.55000000,131.37000000,1665016588738,True,True
39379054,17.40000000,5.13000000,89.26200000,1665016589679,False,True
39379055,17.39000000,1.19000000,20.69410000,1665016600847,True,True
39379056,17.39000000,34.36000000,597.52040000,1665016600847,True,True
39379057,17.39000000,28.74000000,499.78860000,1665016601003,True,True
39379058,17.39000000,17.73000000,308.32470000,1665016601003,True,True
39379059,17.39000000,5.27000000,91.64530000,1665016601581,True,True
39379060,17.39000000,23.00000000,399.97000000,1665016601627,True,True
39379061,17.39000000,23.00000000,399.97000000,1665016601705,True,True
39379062,17.39000000,23.00000000,399.97000000,1665016601725,True,True
39379063,17.39000000,5.65000000,98.25350000,1665016601774,True,True
39379064,17.39000000,5.27000000,91.64530000,1665016601781,True,True
39379065,17.39000000,12.08000000,210.07120000,1665016601956,True,True
39379066,17.39000000,0.76000000,13.21640000,1665016633971,False,True
39379067,17.38000000,3.03000000,52.66140000,1665016638853,True,True
39379068,17.38000000,3.27000000,56.83260000,1665016638853,True,True
39379069,17.38000000,0.71000000,12.33980000,1665016638853,True,True
39379070,17.38000000,2.59000000,45.01420000,1665016638853,True,True
39379071,17.38000000,124.87000000,2170.24060000,1665016638853,True,True
39379072,17.38000000,5.80000000,100.80400000,1665016638853,True,True
39379073,17.38000000,23.01000000,399.91380000,1665016638853,True,True
39379074,17.38000000,23.01000000,399.91380000,1665016638853,True,True
39379075,17.38000000,5.75000000,99.93500000,1665016638853,True,True
39379076,17.38000000,14.78000000,256.87640000,1665016638960,True,True
39379077,17.38000000,2.48000000,43.10240000,1665016639094,True,True
39379078,17.38000000,2.48000000,43.10240000,1665016639104,True,True
39379079,17.38000000,20.53000000,356.81140000,1665016639168,True,True
39379080,17.38000000,23.01000000,399.91380000,1665016639212,True,True
39379081,17.38000000,0.02000000,0.34760000,1665016639823,True,True
39379082,17.37000000,0.59000000,10.24830000,1665016639823,True,True
39379083,17.38000000,18.36000000,319.09680000,1665016671531,False,True
39379084,17.38000000,24.91000000,432.93580000,1665016671531,False,True
39379085,17.38000000,7.90000000,137.30200000,1665016671582,False,True
39379086,17.38000000,7.70000000,133.82600000,1665016696623,False,True
39379087,17.38000000,31.67000000,550.42460000,1665016696623,False,True
39379088,17.38000000,16.76000000,291.28880000,1665016696752,False,True
39379089,17.38000000,0.79000000,13.73020000,1665016696781,False,True
39379090,17.39000000,68.72000000,1195.04080000,1665016696781,False,True
39379091,17.39000000,3.56000000,61.90840000,1665016696781,False,True
39379092,17.39000000,55.00000000,956.45000000,1665016696781,False,True
39379093,17.39000000,55.00000000,956.45000000,1665016696781,False,True
39379094,17.39000000,8.86000000,154.07540000,1665016696781,False,True
39379095,17.39000000,29.00000000,504.31000000,1665016697360,False,True
39379096,17.39000000,5.89000000,102.42710000,1665016702243,False,True
39379097,17.39000000,2.00000000,34.78000000,1665016704478,True,True
39379098,17.39000000,58.36000000,1014.88040000,1665016732077,True,True
39379099,17.39000000,11.12000000,193.37680000,1665016732086,True,True
39379100,17.39000000,31.22000000,542.91580000,1665016732086,True,True
39379101,17.39000000,5.80000000,100.86200000,1665016732086,True,True
39379102,17.39000000,1.09000000,18.95510000,1665016732086,True,True
39379103,17.39000000,6.90000000,119.99100000,1665016732086,True,True
39379104,17.39000000,14.37000000,249.89430000,1665016732158,True,True
39379105,17.39000000,43.73000000,760.46470000,1665016755897,False,True
39379106,17.40000000,7.68000000,133.63200000,1665016755932,False,True
39379107,17.40000000,42.32000000,736.36800000,1665016755932,False,True
39379108,17.40000000,6.90000000,120.06000000,1665016760978,False,True
39379109,17.40000000,25.76000000,448.22400000,1665016762217,False,True
39379110,17.40000000,32.36000000,563.06400000,1665016762217,False,True
39379111,17.40000000,29.31000000,509.99400000,1665016783715,False,True
39379112,17.40000000,7.68000000,133.63200000,1665016784441,False,True
39379113,17.41000000,3.30000000,57.45300000,1665016830173,False,True
39379114,17.41000000,46.70000000,813.04700000,1665016830173,False,True
39379115,17.41000000,8.30000000,144.50300000,1665016830567,False,True
39379116,17.41000000,5.80000000,100.97800000,1665016830567,False,True
39379117,17.41000000,14.10000000,245.48100000,1665016831368,False,True
39379118,17.41000000,43.22000000,752.46020000,1665016843195,True,True
39379119,17.41000000,7.74000000,134.75340000,1665016843195,True,True
39379120,17.41000000,5.80000000,100.97800000,1665016843213,True,True
39379121,17.41000000,8.56000000,149.02960000,1665016843246,True,True
39379122,17.41000000,2.59000000,45.09190000,1665016903781,False,True
39379123,17.41000000,20.00000000,348.20000000,1665016916112,True,True
39379124,17.42000000,145.07000000,2527.11940000,1665016918784,False,True
39379125,17.42000000,54.35000000,946.77700000,1665016918784,False,True
39379126,17.42000000,14.96000000,260.60320000,1665016918784,False,True
39379127,17.42000000,5.62000000,97.90040000,1665016918784,False,True
39379128,17.42000000,3.30000000,57.48600000,1665016926161,False,True
39379129,17.42000000,2.87000000,49.99540000,1665016926161,False,True
39379130,17.42000000,2.59000000,45.11780000,1665016926161,False,True
39379131,17.42000000,2.86000000,49.82120000,1665016926161,False,True
39379132,17.42000000,1.16000000,20.20720000,1665016930256,False,True
39379133,17.43000000,14.38000000,250.64340000,1665016934633,False,True
39379134,17.43000000,3.03000000,52.81290000,1665016934633,False,True
39379135,17.43000000,2.58000000,44.96940000,1665016934633,False,True
39379136,17.43000000,0.61000000,10.63230000,1665016935099,False,True
39379137,17.42000000,0.58000000,10.10360000,1665016935553,True,True
39379138,17.43000000,0.11000000,1.91730000,1665016935913,False,True
39379139,17.43000000,2.59000000,45.14370000,1665016935913,False,True
39379140,17.43000000,1.11000000,19.34730000,1665016935913,False,True
39379141,17.43000000,7.77000000,135.43110000,1665016944282,False,True
39379142,17.43000000,8.64000000,150.59520000,1665016944286,False,True
39379143,17.43000000,8.47000000,147.63210000,1665016944287,False,True
39379144,17.43000000,16.86000000,293.86980000,1665016944287,False,True
39379145,17.44000000,32.15000000,560.69600000,1665016944391,False,True
39379146,17.44000000,3.27000000,57.02880000,1665016944391,False,True
39379147,17.44000000,14.94000000,260.55360000,1665016944391,False,True
39379148,17.44000000,69.32000000,1208.94080000,1665016944391,False,True
39379149,17.44000000,2.86000000,49.87840000,1665016944391,False,True
39379150,17.44000000,84.36000000,1471.23840000,1665016944391,False,True
39379151,17.44000000,3.30000000,57.55200000,1665016944391,False,True
39379152,17.44000000,1.11000000,19.35840000,1665016944391,False,True
39379153,17.44000000,2.59000000,45.16960000,1665016944391,False,True
39379154,17.44000000,6.10000000,106.38400000,1665016944391,False,True
39379155,17.45000000,0.61000000,10.64450000,1665016945211,False,True
39379156,17.44000000,48.42000000,844.44480000,1665016953569,True,True
39379157,17.43000000,20.97000000,365.50710000,1665016964223,True,True
39379158,17.43000000,1.03000000,17.95290000,1665016964239,True,True
39379159,17.42000000,0.75000000,13.06500000,1665016965209,True,True
39379160,17.43000000,0.76000000,13.24680000,1665016965660,False,True
39379161,17.43000000,2.26000000,39.39180000,1665016967757,False,True
39379162,17.43000000,12.29000000,214.21470000,1665016968058,False,True
39379163,17.43000000,53.86000000,938.77980000,1665016972924,False,True
39379164,17.44000000,48.41000000,844.27040000,1665016979306,False,True
39379165,17.44000000,55.00000000,959.20000000,1665016979306,False,True
39379166,17.44000000,55.00000000,959.20000000,1665016979306,False,True
39379167,17.44000000,68.38000000,1192.54720000,1665016979306,False,True
39379168,17.44000000,138.75000000,2419.80000000,1665016979306,False,True
39379169,17.44000000,43.95000000,766.48800000,1665016979306,False,True
39379170,17.44000000,88.00000000,1534.72000000,1665016979306,False,True
39379171,17.44000000,7.60000000,132.54400000,1665016979306,False,True
39379172,17.44000000,1.11000000,19.35840000,1665016979306,False,True
39379173,17.44000000,17.95000000,313.04800000,1665016979306,False,True
39379174,17.44000000,22.26000000,388.21440000,1665016979306,False,True
39379175,17.44000000,32.09000000,559.64960000,1665016979306,False,True
39379176,17.44000000,80.08000000,1396.59520000,1665016979306,False,True
39379177,17.44000000,57.34000000,1000.00960000,1665016979306,False,True
39379178,17.44000000,20.00000000,348.80000000,1665016979306,False,True
39379179,17.44000000,5.80000000,101.15200000,1665016979306,False,True
39379180,17.44000000,11.48000000,200.21120000,1665016979306,False,True
39379181,17.44000000,11.47000000,200.03680000,1665016979306,False,True
39379182,17.44000000,50.54000000,881.41760000,1665016979306,False,True
39379183,17.44000000,194.95000000,3399.92800000,1665016979306,False,True
39379184,17.44000000,11.47000000,200.03680000,1665016979306,False,True
39379185,17.45000000,178.85000000,3120.93250000,1665016979306,False,True
39379186,17.45000000,55.00000000,959.75000000,1665016979306,False,True
39379187,17.45000000,3.03000000,52.87350000,1665016979306,False,True
39379188,17.45000000,1.26000000,21.98700000,1665016979306,False,True
39379189,17.45000000,34.83000000,607.78350000,1665016979306,False,True
39379190,17.45000000,39.98000000,697.65100000,1665016979306,False,True
39379191,17.45000000,41.55000000,725.04750000,1665016979306,False,True
39379192,17.45000000,86.42000000,1508.02900000,1665016979306,False,True
39379193,17.45000000,70.56000000,1231.27200000,1665016979306,False,True
39379194,17.45000000,0.90000000,15.70500000,1665016979306,False,True
39379195,17.45000000,55.00000000,959.75000000,1665016979306,False,True
39379196,17.45000000,6.08000000,106.09600000,1665016979306,False,True
39379197,17.45000000,191.60000000,3343.42000000,1665016979306,False,True
39379198,17.45000000,115.66000000,2018.26700000,1665016979306,False,True
39379199,17.45000000,8.77000000,153.03650000,1665016979306,False,True
39379200,17.45000000,10.04000000,175.19800000,1665016979306,False,True
39379201,17.45000000,11.52000000,201.02400000,1665016979306,False,True
39379202,17.45000000,12.00000000,209.40000000,1665016979306,False,True
39379203,17.45000000,57.33000000,1000.40850000,1665016979306,False,True
39379204,17.45000000,25.43000000,443.75350000,1665016979306,False,True
39379205,17.45000000,371.83000000,6488.43350000,1665016979312,True,True
39379206,17.45000000,258.31000000,4507.50950000,1665016979314,True,True
39379207,17.43000000,6.63000000,115.56090000,1665016979315,True,True
39379208,17.44000000,50.36000000,878.27840000,1665016979336,False,True
39379209,17.43000000,28.07000000,489.26010000,1665016979340,True,True
39379210,17.44000000,29.20000000,509.24800000,1665016979346,False,True
39379211,17.44000000,15.99000000,278.86560000,1665016979346,False,True
39379212,17.44000000,0.57000000,9.94080000,1665016992042,True,True
39379213,17.44000000,2.26000000,39.41440000,1665017010565,True,True
39379214,17.44000000,1.09000000,19.00960000,1665017020502,True,True
39379215,17.44000000,27.32000000,476.46080000,1665017020502,True,True
39379216,17.45000000,1.16000000,20.24200000,1665017054600,False,True
39379217,17.45000000,33.60000000,586.32000000,1665017055142,False,True
39379218,17.45000000,16.40000000,286.18000000,1665017055142,False,True
39379219,17.45000000,1.10000000,19.19500000,1665017055275,False,True
39379220,17.45000000,5.73000000,99.98850000,1665017057373,False,True
39379221,17.44000000,22.80000000,397.63200000,1665017064743,True,True
39379222,17.45000000,51.57000000,899.89650000,1665017081232,False,True
39379223,17.45000000,5.57000000,97.19650000,1665017108014,False,True
39379224,17.44000000,4.70000000,81.96800000,1665017126964,True,True
39379225,17.45000000,22.63000000,394.89350000,1665017130210,False,True
39379226,17.45000000,27.37000000,477.60650000,1665017130210,False,True
39379227,17.45000000,22.70000000,396.11500000,1665017151288,False,True
39379228,17.45000000,7.23000000,126.16350000,1665017163289,False,True
39379229,17.45000000,1.18000000,20.59100000,1665017163289,False,True
39379230,17.45000000,0.80000000,13.96000000,1665017163289,False,True
39379231,17.45000000,40.79000000,711.78550000,1665017163289,False,True
39379232,17.45000000,3.08000000,53.74600000,1665017163771,False,True
39379233,17.46000000,0.71000000,12.39660000,1665017186069,False,True
39379234,17.46000000,3.30000000,57.61800000,1665017186069,False,True
39379235,17.46000000,16.00000000,279.36000000,1665017186069,False,True
39379236,17.46000000,2.59000000,45.22140000,1665017186069,False,True
39379237,17.46000000,20.07000000,350.42220000,1665017186069,False,True
39379238,17.47000000,2.41000000,42.10270000,1665017186069,False,True
39379239,17.47000000,2.86000000,49.96420000,1665017186069,False,True
39379240,17.47000000,0.69000000,12.05430000,1665017186069,False,True
39379241,17.47000000,0.69000000,12.05430000,1665017186069,False,True
39379242,17.47000000,0.68000000,11.87960000,1665017186069,False,True
39379243,17.47000000,0.61000000,10.65670000,1665017192670,False,True
39379244,17.46000000,0.75000000,13.09500000,1665017204214,True,True
39379245,17.47000000,0.76000000,13.27720000,1665017204699,False,True
39379246,17.47000000,1.22000000,21.31340000,1665017217071,False,True
39379247,17.47000000,34.67000000,605.68490000,1665017217071,False,True
39379248,17.47000000,20.33000000,355.16510000,1665017217071,False,True
39379249,17.47000000,1.19000000,20.78930000,1665017217071,False,True
39379250,17.47000000,27.03000000,472.21410000,1665017217071,False,True
39379251,17.47000000,1.44000000,25.15680000,1665017217071,False,True
39379252,17.47000000,1.11000000,19.39170000,1665017217071,False,True
39379253,17.47000000,11.94000000,208.59180000,1665017217071,False,True
39379254,17.47000000,8.32000000,145.35040000,1665017217071,False,True
39379255,17.47000000,2.86000000,49.96420000,1665017217071,False,True
39379256,17.47000000,3.30000000,57.65100000,1665017217071,False,True
39379257,17.47000000,2.59000000,45.24730000,1665017217071,False,True
39379258,17.48000000,0.61000000,10.66280000,1665017217265,False,True
39379259,17.48000000,0.65000000,11.36200000,1665017217279,False,True
39379260,17.48000000,3.80000000,66.42400000,1665017217279,False,True
39379261,17.48000000,0.92000000,16.08160000,1665017217279,False,True
39379262,17.48000000,0.93000000,16.25640000,1665017217282,False,True
39379263,17.48000000,0.72000000,12.58560000,1665017217282,False,True
39379264,17.48000000,0.71000000,12.41080000,1665017217282,False,True
39379265,17.48000000,1.40000000,24.47200000,1665017217282,False,True
39379266,17.48000000,1.50000000,26.22000000,1665017217282,False,True
39379267,17.48000000,1.17000000,20.45160000,1665017217282,False,True
39379268,17.48000000,3.61000000,63.10280000,1665017217282,False,True
39379269,17.48000000,48.06000000,840.08880000,1665017217282,False,True
39379270,17.48000000,5.88000000,102.78240000,1665017217282,False,True
39379271,17.48000000,100.00000000,1748.00000000,1665017217282,False,True
39379272,17.48000000,40.00000000,699.20000000,1665017217282,False,True
39379273,17.48000000,49.05000000,857.39400000,1665017217282,False,True
39379274,17.48000000,0.70000000,12.23600000,1665017217282,False,True
39379275,17.48000000,64.93000000,1134.97640000,1665017217282,False,True
39379276,17.48000000,9.99000000,174.62520000,1665017217282,False,True
39379277,17.48000000,10.04000000,175.49920000,1665017217282,False,True
39379278,17.48000000,2.08000000,36.35840000,1665017217282,False,True
39379279,17.48000000,2.86000000,49.99280000,1665017217282,False,True
39379280,17.48000000,55.00000000,961.40000000,1665017217282,False,True
39379281,17.48000000,0.61000000,10.66280000,1665017217293,False,True
39379282,17.48000000,9.93000000,173.57640000,1665017218247,True,True
39379283,17.48000000,8.14000000,142.28720000,1665017218247,True,True
39379284,17.48000000,61.35000000,1072.39800000,1665017218248,True,True
39379285,17.48000000,30.66000000,535.93680000,1665017218248,True,True
39379286,17.48000000,37.69000000,658.82120000,1665017218250,True,True
39379287,17.48000000,62.40000000,1090.75200000,1665017218250,True,True
39379288,17.47000000,0.58000000,10.13260000,1665017218407,True,True
39379289,17.47000000,15.24000000,266.24280000,1665017218786,True,True
39379290,17.48000000,2.87000000,50.16760000,1665017220364,False,True
39379291,17.47000000,26.00000000,454.22000000,1665017224996,True,True
39379292,17.48000000,18.24000000,318.83520000,1665017233770,False,True
39379293,17.49000000,0.61000000,10.66890000,1665017235657,False,True
39379294,17.48000000,2.70000000,47.19600000,1665017249173,True,True
39379295,17.48000000,4.00000000,69.92000000,1665017249173,True,True
39379296,17.48000000,11.44000000,199.97120000,1665017249173,True,True
39379297,17.48000000,0.70000000,12.23600000,1665017249173,True,True
39379298,17.48000000,90.27000000,1577.91960000,1665017249173,True,True
39379299,17.48000000,2.26000000,39.50480000,1665017249846,True,True
39379300,17.48000000,2.26000000,39.50480000,1665017251199,True,True
39379301,17.48000000,2.26000000,39.50480000,1665017252162,True,True
39379302,17.48000000,2.95000000,51.56600000,1665017254899,True,True
39379303,17.48000000,1.45000000,25.34600000,1665017254899,True,True
39379304,17.48000000,28.85000000,504.29800000,1665017261051,False,True
39379305,17.48000000,37.76000000,660.04480000,1665017261105,False,True
39379306,17.49000000,2.52000000,44.07480000,1665017301962,False,True
39379307,17.49000000,1.00000000,17.49000000,1665017301962,False,True
39379308,17.49000000,1.73000000,30.25770000,1665017301962,False,True
39379309,17.49000000,3.12000000,54.56880000,1665017301962,False,True
39379310,17.49000000,8.00000000,139.92000000,1665017301962,False,True
39379311,17.49000000,21.40000000,374.28600000,1665017301962,False,True
39379312,17.49000000,24.20000000,423.25800000,1665017301964,False,True
39379313,17.49000000,62.70000000,1096.62300000,1665017301978,False,True
39379314,17.49000000,76.56000000,1339.03440000,1665017301978,False,True
39379315,17.49000000,3.01000000,52.64490000,1665017301978,False,True
39379316,17.49000000,2.86000000,50.02140000,1665017301978,False,True
39379317,17.49000000,0.61000000,10.66890000,1665017301978,False,True
39379318,17.50000000,3.26000000,57.05000000,1665017302586,False,True
39379319,17.50000000,0.71000000,12.42500000,1665017302586,False,True
39379320,17.50000000,0.74000000,12.95000000,1665017302586,False,True
39379321,17.50000000,1.60000000,28.00000000,1665017302586,False,True
39379322,17.50000000,2.01000000,35.17500000,1665017302586,False,True
39379323,17.50000000,3.16000000,55.30000000,1665017302586,False,True
39379324,17.50000000,8.88000000,155.40000000,1665017302586,False,True
39379325,17.50000000,10.50000000,183.75000000,1665017302599,False,True
39379326,17.50000000,123.57000000,2162.47500000,1665017302599,False,True
39379327,17.50000000,0.64000000,11.20000000,1665017302599,False,True
39379328,17.50000000,3.77000000,65.97500000,1665017302599,False,True
39379329,17.50000000,1.02000000,17.85000000,1665017302599,False,True
39379330,17.50000000,1.95000000,34.12500000,1665017302599,False,True
39379331,17.50000000,13.85000000,242.37500000,1665017302599,False,True
39379332,17.50000000,16.62000000,290.85000000,1665017302600,False,True
39379333,17.50000000,10.89000000,190.57500000,1665017302601,False,True
39379334,17.50000000,8.26000000,144.55000000,1665017302603,False,True
