39829995,15.75000000,37.24000000,586.53000000,1666656030464,True,True
39829996,15.75000000,53.56000000,843.57000000,1666656030464,True,True
39829997,15.75000000,13.75000000,216.56250000,1666656030464,True,True
39829998,15.76000000,1.46000000,23.00960000,1666656031249,False,True
39829999,15.76000000,87.31000000,1376.00560000,1666656063321,False,True
39830000,15.76000000,155.11000000,2444.53360000,1666656063328,False,True
39830001,15.76000000,22.32000000,351.76320000,1666656070779,False,True
39830002,15.76000000,11.78000000,185.65280000,1666656121324,False,True
39830003,15.76000000,10.75000000,169.42000000,1666656121324,False,True
39830004,15.76000000,37.24000000,586.90240000,1666656121324,False,True
39830005,15.76000000,130.58000000,2057.94080000,1666656121324,False,True
39830006,15.75000000,0.76000000,11.97000000,1666656124611,True,True
39830007,15.75000000,37.64000000,592.83000000,1666656125819,False,True
39830008,15.75000000,49.57000000,780.72750000,1666656125828,False,True
39830009,15.75000000,26.11000000,411.23250000,1666656125834,False,True
39830010,15.75000000,32.61000000,513.60750000,1666656125834,False,True
39830011,15.75000000,5.04000000,79.38000000,1666656126137,True,True
39830012,15.75000000,25.24000000,397.53000000,1666656165861,True,True
39830013,15.75000000,0.81000000,12.75750000,1666656165861,True,True
39830014,15.75000000,12.69000000,199.86750000,1666656175468,False,True
39830015,15.75000000,2.39000000,37.64250000,1666656182534,True,True
39830016,15.75000000,3.40000000,53.55000000,1666656183150,True,True
39830017,15.75000000,4.05000000,63.78750000,1666656183393,True,True
39830018,15.75000000,4.00000000,63.00000000,1666656183577,True,True
39830019,15.75000000,3.87000000,60.95250000,1666656185051,True,True
39830020,15.75000000,3.88000000,61.11000000,1666656185294,True,True
39830021,15.75000000,3.84000000,60.48000000,1666656185390,True,True
39830022,15.75000000,19.52000000,307.44000000,1666656188212,True,True
39830023,15.75000000,2.57000000,40.47750000,1666656192047,False,True
39830024,15.75000000,74.95000000,1180.46250000,1666656231835,True,True
39830025,15.75000000,6.11000000,96.23250000,1666656242057,True,True
39830026,15.75000000,10.17000000,160.17750000,1666656242287,True,True
39830027,15.74000000,6.35000000,99.94900000,1666656276201,True,True
39830028,15.74000000,0.64000000,10.07360000,1666656276201,True,True
39830029,15.74000000,3.30000000,51.94200000,1666656276201,True,True
39830030,15.74000000,10.44000000,164.32560000,1666656276201,True,True
39830031,15.74000000,37.24000000,586.15760000,1666656276201,True,True
39830032,15.74000000,175.50000000,2762.37000000,1666656276201,True,True
39830033,15.74000000,36.05000000,567.42700000,1666656276215,True,True
39830034,15.74000000,5.23000000,82.32020000,1666656276215,True,True
39830035,15.74000000,18.85000000,296.69900000,1666656276215,True,True
39830036,15.74000000,3.76000000,59.18240000,1666656276215,True,True
39830037,15.74000000,29.74000000,468.10760000,1666656276215,True,True
39830038,15.74000000,49.70000000,782.27800000,1666656276218,True,True
39830039,15.74000000,15.08000000,237.35920000,1666656276219,True,True
39830040,15.74000000,15.26000000,240.19240000,1666656276564,True,True
39830041,15.74000000,6.78000000,106.71720000,1666656276568,True,True
39830042,15.74000000,26.91000000,423.56340000,1666656277557,False,True
39830043,15.74000000,8.78000000,138.19720000,1666656277827,False,True
39830044,15.74000000,4.77000000,75.07980000,1666656277907,False,True
39830045,15.75000000,12.82000000,201.91500000,1666656300210,False,True
39830046,15.75000000,0.64000000,10.08000000,1666656300210,False,True
39830047,15.75000000,7.66000000,120.64500000,1666656300210,False,True
39830048,15.75000000,6.65000000,104.73750000,1666656300210,False,True
39830049,15.75000000,2.39000000,37.64250000,1666656300419,True,True
39830050,15.76000000,3.30000000,52.00800000,1666656309704,False,True
39830051,15.76000000,3.76000000,59.25760000,1666656309704,False,True
39830052,15.76000000,2.70000000,42.55200000,1666656309704,False,True
39830053,15.76000000,10.47000000,165.00720000,1666656381107,False,True
39830054,15.77000000,0.74000000,11.66980000,1666656381107,False,True
39830055,15.77000000,0.74000000,11.66980000,1666656381107,False,True
39830056,15.77000000,0.74000000,11.66980000,1666656381107,False,True
39830057,15.77000000,0.74000000,11.66980000,1666656381107,False,True
39830058,15.77000000,15.67000000,247.11590000,1666656381107,False,True
39830059,15.77000000,89.48000000,1411.09960000,1666656381107,False,True
39830060,15.77000000,12.13000000,191.29010000,1666656381107,False,True
39830061,15.77000000,3.30000000,52.04100000,1666656381107,False,True
39830062,15.77000000,76.30000000,1203.25100000,1666656381107,False,True
39830063,15.77000000,5.23000000,82.47710000,1666656381107,False,True
39830064,15.77000000,11.13000000,175.52010000,1666656381107,False,True
39830065,15.77000000,36.28000000,572.13560000,1666656381107,False,True
39830066,15.77000000,71.14000000,1121.87780000,1666656381107,False,True
39830067,15.77000000,88.66000000,1398.16820000,1666656385749,False,True
39830068,15.77000000,35.91000000,566.30070000,1666656385749,False,True
39830069,15.77000000,1.09000000,17.18930000,1666656385749,False,True
39830070,15.77000000,1.11000000,17.50470000,1666656385749,False,True
39830071,15.77000000,1.09000000,17.18930000,1666656385749,False,True
39830072,15.77000000,16.03000000,252.79310000,1666656385749,False,True
39830073,15.77000000,5.75000000,90.67750000,1666656385756,False,True
39830074,15.77000000,6.67000000,105.18590000,1666656400536,True,True
39830075,15.77000000,6.67000000,105.18590000,1666656400539,True,True
39830076,15.77000000,6.67000000,105.18590000,1666656400539,True,True
39830077,15.77000000,1.30000000,20.50100000,1666656400629,True,True
39830078,15.76000000,1.30000000,20.48800000,1666656400713,True,True
39830079,15.77000000,1.30000000,20.50100000,1666656400797,True,True
39830080,15.77000000,1.30000000,20.50100000,1666656400884,True,True
39830081,15.77000000,1.30000000,20.50100000,1666656401072,True,True
39830082,15.77000000,1.30000000,20.50100000,1666656401147,True,True
39830083,15.77000000,1.30000000,20.50100000,1666656401236,True,True
39830084,15.77000000,1.30000000,20.50100000,1666656401326,True,True
39830085,15.77000000,1.24000000,19.55480000,1666656401701,True,True
39830086,15.77000000,7.49000000,118.11730000,1666656401835,True,True
39830087,15.78000000,0.64000000,10.09920000,1666656412961,False,True
39830088,15.78000000,11.13000000,175.63140000,1666656412961,False,True
39830089,15.78000000,0.74000000,11.67720000,1666656412961,False,True
39830090,15.78000000,0.74000000,11.67720000,1666656412961,False,True
39830091,15.78000000,3.17000000,50.02260000,1666656412961,False,True
39830092,15.78000000,10.00000000,157.80000000,1666656412961,False,True
39830093,15.78000000,1.66000000,26.19480000,1666656412961,False,True
39830094,15.78000000,3.30000000,52.07400000,1666656412961,False,True
39830095,15.78000000,3.76000000,59.33280000,1666656412961,False,True
39830096,15.78000000,88.00000000,1388.64000000,1666656412961,False,True
39830097,15.78000000,1.11000000,17.51580000,1666656412961,False,True
39830098,15.78000000,1.11000000,17.51580000,1666656412961,False,True
39830099,15.78000000,31.53000000,497.54340000,1666656412961,False,True
39830100,15.78000000,1.09000000,17.20020000,1666656412961,False,True
39830101,15.78000000,26.71000000,421.48380000,1666656412961,False,True
39830102,15.78000000,3.62000000,57.12360000,1666656413345,True,True
39830103,15.78000000,5.35000000,84.42300000,1666656419769,True,True
39830104,15.78000000,5.35000000,84.42300000,1666656419769,True,True
39830105,15.77000000,89.47000000,1410.94190000,1666656419769,True,True
39830106,15.77000000,91.16000000,1437.59320000,1666656419769,True,True
39830107,15.77000000,12.96000000,204.37920000,1666656419769,True,True
39830108,15.77000000,91.98000000,1450.52460000,1666656419769,True,True
39830109,15.77000000,18.63000000,293.79510000,1666656419769,True,True
39830110,15.77000000,51.83000000,817.35910000,1666656419769,True,True
39830111,15.77000000,20.46000000,322.65420000,1666656419769,True,True
39830112,15.77000000,3.30000000,52.04100000,1666656419769,True,True
39830113,15.77000000,3.76000000,59.29520000,1666656419769,True,True
39830114,15.77000000,13.33000000,210.21410000,1666656419769,True,True
39830115,15.77000000,88.00000000,1387.76000000,1666656419769,True,True
39830116,15.77000000,1.11000000,17.50470000,1666656419769,True,True
39830117,15.77000000,1.11000000,17.50470000,1666656419769,True,True
39830118,15.77000000,123.28000000,1944.12560000,1666656419775,False,True
39830119,15.78000000,30.46000000,480.65880000,1666656424279,False,True
39830120,15.78000000,1.31000000,20.67180000,1666656424279,False,True
39830121,15.78000000,37.24000000,587.64720000,1666656424279,False,True
39830122,15.79000000,0.74000000,11.68460000,1666656438038,False,True
39830123,15.79000000,28.12000000,444.01480000,1666656438038,False,True
39830124,15.79000000,2.33000000,36.79070000,1666656439173,False,True
39830125,15.79000000,53.65000000,847.13350000,1666656439173,False,True
39830126,15.79000000,33.46000000,528.33340000,1666656439180,False,True
39830127,15.79000000,0.09000000,1.42110000,1666656439381,False,True
39830128,15.79000000,1.66000000,26.21140000,1666656439381,False,True
39830129,15.79000000,3.30000000,52.10700000,1666656439381,False,True
39830130,15.79000000,3.76000000,59.37040000,1666656439381,False,True
39830131,15.79000000,1.11000000,17.52690000,1666656439381,False,True
39830132,15.79000000,1.11000000,17.52690000,1666656439381,False,True
39830133,15.79000000,4.39000000,69.31810000,1666656439469,True,True
39830134,15.79000000,6.61000000,104.37190000,1666656439508,True,True
39830135,15.79000000,1.30000000,20.52700000,1666656439540,True,True
39830136,15.79000000,1.30000000,20.52700000,1666656439585,True,True
39830137,15.79000000,1.30000000,20.52700000,1666656439647,True,True
39830138,15.79000000,1.30000000,20.52700000,1666656439683,True,True
39830139,15.79000000,1.30000000,20.52700000,1666656439879,True,True
39830140,15.79000000,1.30000000,20.52700000,1666656439998,True,True
39830141,15.79000000,1.30000000,20.52700000,1666656440039,True,True
39830142,15.79000000,1.23000000,19.42170000,1666656440097,True,True
39830143,15.79000000,1.47000000,23.21130000,1666656440160,True,True
39830144,15.79000000,14.44000000,228.00760000,1666656450210,True,True
39830145,15.79000000,28.60000000,451.59400000,1666656450210,True,True
39830146,15.79000000,1.08000000,17.05320000,1666656464182,True,True
39830147,15.80000000,1.09000000,17.22200000,1666656464734,False,True
39830148,15.80000000,22.15000000,349.97000000,1666656486914,False,True
39830149,15.79000000,30.46000000,480.96340000,1666656499527,True,True
39830150,15.79000000,3.00000000,47.37000000,1666656499527,True,True
39830151,15.79000000,8.58000000,135.47820000,1666656499537,True,True
39830152,15.79000000,6.35000000,100.26650000,1666656499644,True,True
39830153,15.79000000,20.00000000,315.80000000,1666656499653,True,True
39830154,15.79000000,30.94000000,488.54260000,1666656499676,True,True
39830155,15.78000000,3.30000000,52.07400000,1666656502544,True,True
39830156,15.78000000,3.76000000,59.33280000,1666656502544,True,True
39830157,15.78000000,34.41000000,542.98980000,1666656507886,False,True
39830158,15.78000000,34.93000000,551.19540000,1666656513359,False,True
39830159,15.78000000,19.13000000,301.87140000,1666656519082,False,True
39830160,15.79000000,10.14000000,160.11060000,1666656524764,False,True
39830161,15.79000000,19.01000000,300.16790000,1666656524764,False,True
39830162,15.79000000,11.70000000,184.74300000,1666656524764,False,True
39830163,15.79000000,6.20000000,97.89800000,1666656524764,False,True
39830164,15.79000000,12.30000000,194.21700000,1666656524764,False,True
39830165,15.79000000,12.30000000,194.21700000,1666656524764,False,True
39830166,15.79000000,37.24000000,588.01960000,1666656524764,False,True
39830167,15.79000000,57.09000000,901.45110000,1666656524764,False,True
39830168,15.79000000,29.15000000,460.27850000,1666656524770,False,True
39830169,15.79000000,1.47000000,23.21130000,1666656524818,True,True
39830170,15.79000000,4.28000000,67.58120000,1666656525034,True,True
39830171,15.79000000,35.02000000,552.96580000,1666656588764,False,True
39830172,15.79000000,0.08000000,1.26320000,1666656588764,False,True
39830173,15.80000000,7.22000000,114.07600000,1666656620309,False,True
39830174,15.80000000,4.28000000,67.62400000,1666656620321,False,True
39830175,15.80000000,0.91000000,14.37800000,1666656620324,False,True
39830176,15.80000000,0.74000000,11.69200000,1666656620324,False,True
39830177,15.80000000,3.30000000,52.14000000,1666656620324,False,True
39830178,15.80000000,18.48000000,291.98400000,1666656620324,False,True
39830179,15.80000000,3.76000000,59.40800000,1666656620324,False,True
39830180,15.80000000,0.84000000,13.27200000,1666656620338,True,True
39830181,15.80000000,3.87000000,61.14600000,1666656620338,True,True
39830182,15.80000000,2.76000000,43.60800000,1666656620374,True,True
39830183,15.80000000,2.76000000,43.60800000,1666656620477,True,True
39830184,15.80000000,2.76000000,43.60800000,1666656620532,True,True
39830185,15.80000000,2.76000000,43.60800000,1666656620644,True,True
39830186,15.80000000,1.89000000,29.86200000,1666656620673,True,True
39830187,15.81000000,0.64000000,10.11840000,1666656621979,False,True
39830188,15.81000000,0.69000000,10.90890000,1666656621979,False,True
39830189,15.81000000,8.72000000,137.86320000,1666656621979,False,True
39830190,15.81000000,35.47000000,560.78070000,1666656621985,False,True
39830191,15.81000000,2.72000000,43.00320000,1666656621985,False,True
39830192,15.81000000,78.41000000,1239.66210000,1666656621985,False,True
39830193,15.81000000,14.39000000,227.50590000,1666656621994,False,True
39830194,15.81000000,2.37000000,37.46970000,1666656621994,False,True
39830195,15.81000000,6.74000000,106.55940000,1666656622407,False,True
39830196,15.81000000,2.02000000,31.93620000,1666656622417,False,True
39830197,15.81000000,12.69000000,200.62890000,1666656622417,False,True
39830198,15.81000000,1.66000000,26.24460000,1666656622417,False,True
39830199,15.81000000,17.13000000,270.82530000,1666656622417,False,True
39830200,15.81000000,3.12000000,49.32720000,1666656622460,False,True
39830201,15.81000000,70.35000000,1112.23350000,1666656622460,False,True
39830202,15.81000000,12.26000000,193.83060000,1666656622617,True,True
39830203,15.82000000,6.16000000,97.45120000,1666656627444,False,True
39830204,15.82000000,6.93000000,109.63260000,1666656627558,False,True
39830205,15.82000000,7.03000000,111.21460000,1666656627619,False,True
39830206,15.82000000,0.71000000,11.23220000,1666656627619,False,True
39830207,15.82000000,1.33000000,21.04060000,1666656627619,False,True
39830208,15.82000000,98.67000000,1560.95940000,1666656627657,False,True
39830209,15.82000000,0.70000000,11.07400000,1666656627657,False,True
39830210,15.82000000,8.47000000,133.99540000,1666656627657,False,True
39830211,15.82000000,3.30000000,52.20600000,1666656627657,False,True
39830212,15.82000000,3.76000000,59.48320000,1666656627657,False,True
39830213,15.82000000,3.16000000,49.99120000,1666656627657,False,True
39830214,15.82000000,8.47000000,133.99540000,1666656627673,False,True
39830215,15.82000000,8.47000000,133.99540000,1666656627674,False,True
39830216,15.82000000,8.47000000,133.99540000,1666656627674,False,True
39830217,15.82000000,8.47000000,133.99540000,1666656627674,False,True
39830218,15.82000000,5.53000000,87.48460000,1666656627674,False,True
39830219,15.82000000,1.64000000,25.94480000,1666656628077,False,True
39830220,15.82000000,1.30000000,20.56600000,1666656628273,False,True
39830221,15.82000000,8.47000000,133.99540000,1666656628404,False,True
39830222,15.82000000,1.66000000,26.26120000,1666656628404,False,True
39830223,15.82000000,7.34000000,116.11880000,1666656628410,False,True
39830224,15.82000000,1.13000000,17.87660000,1666656628414,False,True
39830225,15.82000000,7.34000000,116.11880000,1666656628414,False,True
39830226,15.82000000,1.13000000,17.87660000,1666656628418,False,True
39830227,15.82000000,7.34000000,116.11880000,1666656628418,False,True
39830228,15.82000000,1.10000000,17.40200000,1666656628453,False,True
39830229,15.83000000,1.28000000,20.26240000,1666656630137,False,True
39830230,15.83000000,1.93000000,30.55190000,1666656630137,False,True
39830231,15.83000000,3.65000000,57.77950000,1666656630137,False,True
39830232,15.83000000,6.38000000,100.99540000,1666656630815,False,True
39830233,15.83000000,6.68000000,105.74440000,1666656630959,False,True
39830234,15.83000000,8.63000000,136.61290000,1666656630997,False,True
39830235,15.83000000,3.30000000,52.23900000,1666656630997,False,True
39830236,15.83000000,3.76000000,59.52080000,1666656630997,False,True
39830237,15.83000000,25.34000000,401.13220000,1666656631038,False,True
39830238,15.83000000,25.34000000,401.13220000,1666656631087,False,True
39830239,15.83000000,25.34000000,401.13220000,1666656631252,False,True
39830240,15.83000000,25.34000000,401.13220000,1666656631254,False,True
39830241,15.83000000,0.01000000,0.15830000,1666656634872,False,True
39830242,15.84000000,0.69000000,10.92960000,1666656634872,False,True
39830243,15.84000000,0.69000000,10.92960000,1666656634872,False,True
39830244,15.84000000,0.70000000,11.08800000,1666656634872,False,True
39830245,15.84000000,2.91000000,46.09440000,1666656634872,False,True
39830246,15.84000000,30.00000000,475.20000000,1666656634872,False,True
39830247,15.84000000,12.00000000,190.08000000,1666656634872,False,True
39830248,15.84000000,8.44000000,133.68960000,1666656634872,False,True
39830249,15.84000000,3.30000000,52.27200000,1666656634872,False,True
39830250,15.84000000,3.76000000,59.55840000,1666656634872,False,True
39830251,15.84000000,88.91000000,1408.33440000,1666656634872,False,True
39830252,15.85000000,64.34000000,1019.78900000,1666656634872,False,True
39830253,15.85000000,3.87000000,61.33950000,1666656634872,False,True
39830254,15.84000000,44.00000000,696.96000000,1666656636552,True,True
39830255,15.84000000,58.72000000,930.12480000,1666656636562,True,True
39830256,15.84000000,2.12000000,33.58080000,1666656636563,True,True
39830257,15.84000000,28.34000000,448.90560000,1666656636563,True,True
39830258,15.84000000,54.38000000,861.37920000,1666656636587,True,True
39830259,15.84000000,6.83000000,108.18720000,1666656636607,True,True
39830260,15.83000000,12.63000000,199.93290000,1666656638851,True,True
39830261,15.84000000,7.88000000,124.81920000,1666656644493,False,True
39830262,15.84000000,6.22000000,98.52480000,1666656644515,False,True
39830263,15.84000000,2.25000000,35.64000000,1666656644533,False,True
39830264,15.84000000,8.47000000,134.16480000,1666656644533,False,True
39830265,15.84000000,8.47000000,134.16480000,1666656644533,False,True
39830266,15.84000000,8.47000000,134.16480000,1666656644533,False,True
39830267,15.84000000,8.47000000,134.16480000,1666656644533,False,True
39830268,15.84000000,8.47000000,134.16480000,1666656644533,False,True
39830269,15.84000000,8.47000000,134.16480000,1666656644533,False,True
39830270,15.84000000,3.92000000,62.09280000,1666656644533,False,True
39830271,15.84000000,4.55000000,72.07200000,1666656644537,False,True
39830272,15.84000000,8.47000000,134.16480000,1666656644537,False,True
39830273,15.84000000,8.43000000,133.53120000,1666656644537,False,True
39830274,15.84000000,18.63000000,295.09920000,1666656650072,True,True
39830275,15.84000000,12.62000000,199.90080000,1666656650378,True,True
39830276,15.84000000,33.50000000,530.64000000,1666656650688,True,True
39830277,15.83000000,12.62000000,199.77460000,1666656650762,True,True
39830278,15.84000000,18.22000000,288.60480000,1666656654469,False,True
39830279,15.84000000,62.99000000,997.76160000,1666656657932,True,True
39830280,15.83000000,1.08000000,17.09640000,1666656658539,True,True
39830281,15.84000000,1.08000000,17.10720000,1666656659267,True,True
39830282,15.84000000,4.69000000,74.28960000,1666656659750,True,True
39830283,15.84000000,1.20000000,19.00800000,1666656663139,False,True
39830284,15.85000000,1.84000000,29.16400000,1666656663139,False,True
39830285,15.85000000,11.64000000,184.49400000,1666656663139,False,True
39830286,15.85000000,68.87000000,1091.58950000,1666656663139,False,True
39830287,15.85000000,10.93000000,173.24050000,1666656663139,False,True
39830288,15.85000000,0.67000000,10.61950000,1666656663139,False,True
39830289,15.84000000,5.12000000,81.10080000,1666656664560,True,True
39830290,15.84000000,4.91000000,77.77440000,1666656664625,True,True
39830291,15.84000000,3.96000000,62.72640000,1666656664699,True,True
39830292,15.84000000,3.31000000,52.43040000,1666656664794,True,True
39830293,15.84000000,3.77000000,59.71680000,1666656664859,True,True
39830294,15.84000000,3.77000000,59.71680000,1666656665034,True,True
39830295,15.84000000,3.72000000,58.92480000,1666656665100,True,True
39830296,15.84000000,3.66000000,57.97440000,1666656665166,True,True
39830297,15.84000000,3.66000000,57.97440000,1666656665228,True,True
39830298,15.84000000,3.60000000,57.02400000,1666656665293,True,True
39830299,15.84000000,3.48000000,55.12320000,1666656665360,True,True
39830300,15.84000000,10.92000000,172.97280000,1666656665419,True,True
39830301,15.84000000,3.43000000,54.33120000,1666656665488,True,True
39830302,15.84000000,1.18000000,18.69120000,1666656665659,True,True
39830303,15.84000000,2.19000000,34.68960000,1666656665659,True,True
39830304,15.84000000,2.94000000,46.56960000,1666656665733,True,True
39830305,15.84000000,6.09000000,96.46560000,1666656666826,True,True
39830306,15.84000000,1.18000000,18.69120000,1666656666837,True,True
39830307,15.83000000,1.08000000,17.09640000,1666656672744,True,True
39830308,15.84000000,1.09000000,17.26560000,1666656673283,False,True
39830309,15.84000000,6.63000000,105.01920000,1666656681376,False,True
39830310,15.84000000,44.00000000,696.96000000,1666656681405,False,True
39830311,15.84000000,30.46000000,482.48640000,1666656681416,False,True
39830312,15.84000000,6.83000000,108.18720000,1666656681423,False,True
39830313,15.84000000,5.87000000,92.98080000,1666656681445,False,True
39830314,15.85000000,23.03000000,365.02550000,1666656685630,False,True
39830315,15.85000000,0.40000000,6.34000000,1666656685665,False,True
39830316,15.85000000,7.27000000,115.22950000,1666656685665,False,True
39830317,15.85000000,14.06000000,222.85100000,1666656685798,True,True
39830318,15.86000000,0.69000000,10.94340000,1666656686250,False,True
39830319,15.86000000,0.67000000,10.62620000,1666656686250,False,True
39830320,15.86000000,29.33000000,465.17380000,1666656686250,False,True
39830321,15.86000000,0.71000000,11.26060000,1666656686250,False,True
39830322,15.86000000,0.96000000,15.22560000,1666656686250,False,True
39830323,15.86000000,3.50000000,55.51000000,1666656686250,False,True
39830324,15.86000000,12.69000000,201.26340000,1666656686250,False,True
39830325,15.86000000,3.15000000,49.95900000,1666656686250,False,True
39830326,15.86000000,3.30000000,52.33800000,1666656686250,False,True
39830327,15.86000000,3.76000000,59.63360000,1666656686250,False,True
39830328,15.86000000,8.41000000,133.38260000,1666656686250,False,True
39830329,15.86000000,8.41000000,133.38260000,1666656686250,False,True
39830330,15.86000000,3.85000000,61.06100000,1666656686250,False,True
39830331,15.86000000,4.56000000,72.32160000,1666656686471,False,True
39830332,15.86000000,8.41000000,133.38260000,1666656686525,False,True
39830333,15.86000000,8.41000000,133.38260000,1666656686525,False,True
39830334,15.86000000,8.41000000,133.38260000,1666656686525,False,True
39830335,15.86000000,8.41000000,133.38260000,1666656686525,False,True
39830336,15.86000000,2.77000000,43.93220000,1666656686525,False,True
39830337,15.86000000,5.64000000,89.45040000,1666656686539,False,True
39830338,15.86000000,6.30000000,99.91800000,1666656686540,False,True
39830339,15.86000000,2.11000000,33.46460000,1666656686544,False,True
39830340,15.86000000,4.19000000,66.45340000,1666656686544,False,True
39830341,15.86000000,4.19000000,66.45340000,1666656686544,False,True
39830342,15.87000000,0.70000000,11.10900000,1666656686752,False,True
39830343,15.87000000,0.91000000,14.44170000,1666656686752,False,True
39830344,15.87000000,1.90000000,30.15300000,1666656686752,False,True
39830345,15.87000000,0.69000000,10.95030000,1666656686752,False,True
39830346,15.87000000,1.26000000,19.99620000,1666656686752,False,True
39830347,15.87000000,1.26000000,19.99620000,1666656686758,False,True
39830348,15.87000000,2.71000000,43.00770000,1666656686758,False,True
39830349,15.87000000,1.35000000,21.42450000,1666656686758,False,True
39830350,15.86000000,38.86000000,616.31960000,1666656687144,True,True
39830351,15.87000000,1.55000000,24.59850000,1666656687344,False,True
39830352,15.87000000,1.71000000,27.13770000,1666656687344,False,True
39830353,15.87000000,2.52000000,39.99240000,1666656687344,False,True
39830354,15.87000000,1.08000000,17.13960000,1666656687344,False,True
39830355,15.87000000,10.05000000,159.49350000,1666656687408,False,True
39830356,15.87000000,1.66000000,26.34420000,1666656687408,False,True
39830357,15.87000000,3.42000000,54.27540000,1666656687663,True,True
39830358,15.88000000,1.27000000,20.16760000,1666656688086,False,True
39830359,15.88000000,0.70000000,11.11600000,1666656688086,False,True
39830360,15.88000000,3.02000000,47.95760000,1666656688086,False,True
39830361,15.88000000,4.99000000,79.24120000,1666656688089,False,True
39830362,15.87000000,28.70000000,455.46900000,1666656688287,True,True
39830363,15.87000000,45.59000000,723.51330000,1666656689079,True,True
39830364,15.87000000,11.78000000,186.94860000,1666656689082,True,True
39830365,15.87000000,44.16000000,700.81920000,1666656689082,True,True
39830366,15.87000000,57.31000000,909.50970000,1666656689125,True,True
39830367,15.87000000,2.81000000,44.59470000,1666656689143,True,True
39830368,15.87000000,12.30000000,195.20100000,1666656689143,True,True
39830369,15.87000000,12.30000000,195.20100000,1666656689143,True,True
39830370,15.87000000,3.05000000,48.40350000,1666656689143,True,True
39830371,15.87000000,8.65000000,137.27550000,1666656689161,True,True
39830372,15.87000000,6.20000000,98.39400000,1666656689161,True,True
39830373,15.86000000,1.53000000,24.26580000,1666656689313,True,True
39830374,15.86000000,1.47000000,23.31420000,1666656689316,True,True
39830375,15.86000000,1.29000000,20.45940000,1666656689317,True,True
39830376,15.86000000,2.01000000,31.87860000,1666656689317,True,True
39830377,15.86000000,7.44000000,117.99840000,1666656691318,True,True
39830378,15.86000000,6.59000000,104.51740000,1666656691318,True,True
39830379,15.86000000,6.34000000,100.55240000,1666656691320,True,True
39830380,15.86000000,5.14000000,81.52040000,1666656691321,True,True
39830381,15.87000000,21.72000000,344.69640000,1666656692851,False,True
39830382,15.87000000,5.45000000,86.49150000,1666656692851,False,True
39830383,15.87000000,36.07000000,572.43090000,1666656692851,False,True
39830384,15.87000000,20.37000000,323.27190000,1666656695605,False,True
39830385,15.87000000,13.76000000,218.37120000,1666656695605,False,True
39830386,15.87000000,13.68000000,217.10160000,1666656695627,False,True
39830387,15.87000000,22.83000000,362.31210000,1666656695627,False,True
39830388,15.87000000,25.80000000,409.44600000,1666656695655,False,True
39830389,15.88000000,21.99000000,349.20120000,1666656698296,False,True
39830390,15.88000000,17.06000000,270.91280000,1666656698296,False,True
39830391,15.88000000,27.13000000,430.82440000,1666656698307,False,True
39830392,15.88000000,3.80000000,60.34400000,1666656698307,False,True
39830393,15.88000000,1.50000000,23.82000000,1666656698307,False,True
39830394,15.88000000,5.00000000,79.40000000,1666656698307,False,True
39830395,15.88000000,3.76000000,59.70880000,1666656698307,False,True
39830396,15.88000000,3.30000000,52.40400000,1666656698307,False,True
39830397,15.88000000,3.15000000,50.02200000,1666656698307,False,True
39830398,15.88000000,1.65000000,26.20200000,1666656698307,False,True
39830399,15.88000000,8.18000000,129.89840000,1666656698307,False,True
39830400,15.88000000,14.85000000,235.81800000,1666656698313,False,True
39830401,15.88000000,2.21000000,35.09480000,1666656698319,False,True
39830402,15.88000000,2.28000000,36.20640000,1666656698319,False,True
39830403,15.88000000,22.96000000,364.60480000,1666656698323,False,True
39830404,15.88000000,7.50000000,119.10000000,1666656698323,False,True
39830405,15.88000000,17.74000000,281.71120000,1666656698330,False,True
39830406,15.88000000,25.24000000,400.81120000,1666656698330,False,True
39830407,15.88000000,24.84000000,394.45920000,1666656698330,False,True
39830408,15.87000000,2.51000000,39.83370000,1666656699324,True,True
39830409,15.87000000,3.23000000,51.26010000,1666656699328,True,True
39830410,15.87000000,4.09000000,64.90830000,1666656699329,True,True
39830411,15.87000000,4.14000000,65.70180000,1666656699990,True,True
39830412,15.88000000,0.40000000,6.35200000,1666656703493,False,True
39830413,15.88000000,0.02000000,0.31760000,1666656703493,False,True
39830414,15.88000000,6.18000000,98.13840000,1666656707992,True,True
39830415,15.88000000,6.18000000,98.13840000,1666656708056,True,True
39830416,15.88000000,5.60000000,88.92800000,1666656708110,True,True
39830417,15.88000000,4.51000000,71.61880000,1666656708257,True,True
39830418,15.88000000,1.55000000,24.61400000,1666656708328,True,True
39830419,15.89000000,0.69000000,10.96410000,1666656710960,False,True
39830420,15.89000000,0.69000000,10.96410000,1666656710960,False,True
39830421,15.89000000,0.91000000,14.45990000,1666656710960,False,True
39830422,15.89000000,0.97000000,15.41330000,1666656710960,False,True
39830423,15.89000000,1.28000000,20.33920000,1666656710960,False,True
39830424,15.89000000,2.30000000,36.54700000,1666656710960,False,True
39830425,15.89000000,1.22000000,19.38580000,1666656711216,False,True
39830426,15.89000000,0.76000000,12.07640000,1666656711216,False,True
39830427,15.89000000,9.36000000,148.73040000,1666656711216,False,True
39830428,15.89000000,4.70000000,74.68300000,1666656711216,False,True
39830429,15.89000000,3.30000000,52.43700000,1666656711216,False,True
39830430,15.89000000,1.76000000,27.96640000,1666656711216,False,True
39830431,15.89000000,2.00000000,31.78000000,1666656711230,False,True
39830432,15.89000000,14.26000000,226.59140000,1666656711230,False,True
39830433,15.89000000,13.79000000,219.12310000,1666656711232,False,True
39830434,15.89000000,2.25000000,35.75250000,1666656711232,False,True
39830435,15.89000000,6.15000000,97.72350000,1666656711366,False,True
39830436,15.89000000,8.40000000,133.47600000,1666656711366,False,True
39830437,15.89000000,8.40000000,133.47600000,1666656711366,False,True
39830438,15.89000000,7.98000000,126.80220000,1666656711366,False,True
39830439,15.89000000,0.42000000,6.67380000,1666656711369,False,True
39830440,15.89000000,8.40000000,133.47600000,1666656711369,False,True
39830441,15.89000000,8.40000000,133.47600000,1666656711369,False,True
39830442,15.89000000,5.66000000,89.93740000,1666656711369,False,True
39830443,15.89000000,2.74000000,43.53860000,1666656711377,False,True
39830444,15.89000000,8.40000000,133.47600000,1666656711377,False,True
39830445,15.89000000,8.40000000,133.47600000,1666656711377,False,True
39830446,15.89000000,8.35000000,132.68150000,1666656711377,False,True
39830447,15.89000000,2.30000000,36.54700000,1666656711390,True,True
39830448,15.89000000,2.29000000,36.38810000,1666656711439,True,True
39830449,15.89000000,13.82000000,219.59980000,1666656711451,True,True
39830450,15.89000000,1.29000000,20.49810000,1666656711480,True,True
39830451,15.89000000,1.29000000,20.49810000,1666656711529,True,True
39830452,15.89000000,1.29000000,20.49810000,1666656711601,True,True
39830453,15.89000000,0.60000000,9.53400000,1666656711840,True,True
39830454,15.89000000,0.69000000,10.96410000,1666656711840,True,True
39830455,15.89000000,1.29000000,20.49810000,1666656711912,True,True
39830456,15.89000000,0.76000000,12.07640000,1666656712012,True,True
39830457,15.89000000,0.53000000,8.42170000,1666656712012,True,True
39830458,15.89000000,1.23000000,19.54470000,1666656712068,True,True
39830459,15.89000000,2.69000000,42.74410000,1666656712242,True,True
39830460,15.89000000,9.01000000,143.16890000,1666656712253,True,True
39830461,15.89000000,6.20000000,98.51800000,1666656712253,True,True
39830462,15.89000000,12.30000000,195.44700000,1666656712253,True,True
39830463,15.89000000,12.30000000,195.44700000,1666656712253,True,True
39830464,15.89000000,17.53000000,278.55170000,1666656712253,True,True
39830465,15.89000000,91.52000000,1454.25280000,1666656712266,True,True
39830466,15.89000000,30.46000000,484.00940000,1666656712279,True,True
39830467,15.89000000,29.57000000,469.86730000,1666656712281,True,True
39830468,15.88000000,27.91000000,443.21080000,1666656714070,True,True
39830469,15.88000000,1.39000000,22.07320000,1666656714070,True,True
39830470,15.88000000,1.27000000,20.16760000,1666656714693,False,True
39830471,15.88000000,13.62000000,216.28560000,1666656714727,False,True
39830472,15.89000000,29.51000000,468.91390000,1666656729371,False,True
39830473,15.88000000,1.08000000,17.15040000,1666656734463,True,True
39830474,15.89000000,6.48000000,102.96720000,1666656746828,False,True
39830475,15.89000000,1.89000000,30.03210000,1666656750754,False,True
39830476,15.89000000,7.59000000,120.60510000,1666656750754,False,True
39830477,15.88000000,11.22000000,178.17360000,1666656759119,True,True
39830478,15.88000000,6.20000000,98.45600000,1666656759119,True,True
39830479,15.88000000,19.28000000,306.16640000,1666656759119,True,True
39830480,15.88000000,30.46000000,483.70480000,1666656759121,True,True
39830481,15.88000000,0.63000000,10.00440000,1666656759121,True,True
39830482,15.88000000,123.74000000,1964.99120000,1666656759121,True,True
39830483,15.88000000,31.64000000,502.44320000,1666656759128,True,True
39830484,15.87000000,3.30000000,52.37100000,1666656771320,True,True
39830485,15.87000000,1.63000000,25.86810000,1666656771320,True,True
39830486,15.87000000,2.13000000,33.80310000,1666656771320,True,True
39830487,15.87000000,1.39000000,22.05930000,1666656771320,True,True
39830488,15.87000000,4.93000000,78.23910000,1666656771323,True,True
39830489,15.87000000,4.93000000,78.23910000,1666656771324,True,True
39830490,15.87000000,31.14000000,494.19180000,1666656771328,True,True
39830491,15.87000000,0.64000000,10.15680000,1666656771328,True,True
39830492,15.86000000,1.08000000,17.12880000,1666656778749,True,True
39830493,15.86000000,1.08000000,17.12880000,1666656779605,True,True
39830494,15.87000000,28.10000000,445.94700000,1666656780305,False,True
39830495,15.87000000,29.24000000,464.03880000,1666656780305,False,True
39830496,15.87000000,23.13000000,367.07310000,1666656780316,False,True
39830497,15.88000000,12.59000000,199.92920000,1666656780332,False,True
39830498,15.88000000,89.54000000,1421.89520000,1666656780332,False,True
39830499,15.88000000,13.79000000,218.98520000,1666656780332,False,True
39830500,15.88000000,26.00000000,412.88000000,1666656780332,False,True
39830501,15.88000000,9.49000000,150.70120000,1666656780332,False,True
39830502,15.88000000,0.64000000,10.16320000,1666656780332,False,True
39830503,15.88000000,13.22000000,209.93360000,1666656780332,False,True
39830504,15.88000000,1.08000000,17.15040000,1666656792756,False,True
39830505,15.87000000,30.17000000,478.79790000,1666656815860,True,True
39830506,15.86000000,3.30000000,52.33800000,1666656830062,True,True
39830507,15.86000000,3.76000000,59.63360000,1666656830062,True,True
39830508,15.85000000,11.13000000,176.41050000,1666656839073,True,True
39830509,15.85000000,12.69000000,201.13650000,1666656839073,True,True
39830510,15.85000000,36.27000000,574.87950000,1666656839073,True,True
39830511,15.85000000,4.81000000,76.23850000,1666656839073,True,True
39830512,15.85000000,0.64000000,10.14400000,1666656839073,True,True
39830513,15.85000000,50.47000000,799.94950000,1666656839073,True,True
39830514,15.85000000,1.92000000,30.43200000,1666656839073,True,True
39830515,15.85000000,23.98000000,380.08300000,1666656839073,True,True
39830516,15.85000000,32.10000000,508.78500000,1666656839073,True,True
39830517,15.85000000,3.30000000,52.30500000,1666656839073,True,True
39830518,15.85000000,3.76000000,59.59600000,1666656839073,True,True
39830519,15.85000000,22.48000000,356.30800000,1666656849720,True,True
39830520,15.85000000,11.70000000,185.44500000,1666656849720,True,True
39830521,15.85000000,2.55000000,40.41750000,1666656861498,True,True
39830522,15.85000000,11.70000000,185.44500000,1666656876396,True,True
39830523,15.85000000,6.20000000,98.27000000,1666656876396,True,True
39830524,15.85000000,10.00000000,158.50000000,1666656877958,False,True
39830525,15.85000000,7.06000000,111.90100000,1666656878818,False,True
39830526,15.85000000,77.88000000,1234.39800000,1666656878818,False,True
39830527,15.85000000,56.58000000,896.79300000,1666656899204,True,True
39830528,15.85000000,17.84000000,282.76400000,1666656906004,False,True
39830529,15.85000000,60.94000000,965.89900000,1666656906004,False,True
39830530,15.85000000,17.42000000,276.10700000,1666656906012,False,True
39830531,15.85000000,1.62000000,25.67700000,1666656941733,True,True
39830532,15.85000000,111.61000000,1769.01850000,1666656941733,True,True
39830533,15.84000000,0.69000000,10.92960000,1666656955767,True,True
39830534,15.84000000,0.69000000,10.92960000,1666656955767,True,True
39830535,15.84000000,0.64000000,10.13760000,1666656955767,True,True
39830536,15.84000000,3.30000000,52.27200000,1666656955767,True,True
39830537,15.84000000,2.29000000,36.27360000,1666656955767,True,True
39830538,15.84000000,3.76000000,59.55840000,1666656955767,True,True
39830539,15.83000000,3.30000000,52.23900000,1666656972866,True,True
39830540,15.83000000,3.76000000,59.52080000,1666656972866,True,True
39830541,15.82000000,5.24000000,82.89680000,1666656979249,True,True
39830542,15.82000000,4.00000000,63.28000000,1666656979249,True,True
39830543,15.82000000,3.11000000,49.20020000,1666656979249,True,True
39830544,15.82000000,0.19000000,3.00580000,1666656980310,True,True
39830545,15.82000000,3.76000000,59.48320000,1666656980310,True,True
39830546,15.82000000,3.85000000,60.90700000,1666656980310,True,True
39830547,15.81000000,0.69000000,10.90890000,1666656981784,True,True
39830548,15.81000000,3.31000000,52.33110000,1666656981784,True,True
39830549,15.81000000,1.91000000,30.19710000,1666656982699,True,True
39830550,15.81000000,38.97000000,616.11570000,1666656989204,True,True
39830551,15.81000000,0.92000000,14.54520000,1666656989204,True,True
39830552,15.81000000,0.64000000,10.11840000,1666656989204,True,True
39830553,15.81000000,3.30000000,52.17300000,1666656989204,True,True
39830554,15.81000000,3.76000000,59.44560000,1666656989204,True,True
39830555,15.81000000,18.32000000,289.63920000,1666656990392,False,True
39830556,15.81000000,62.93000000,994.92330000,1666656997507,False,True
39830557,15.81000000,0.92000000,14.54520000,1666656997507,False,True
39830558,15.81000000,22.01000000,347.97810000,1666656997507,False,True
39830559,15.81000000,44.00000000,695.64000000,1666657000780,True,True
39830560,15.81000000,5.91000000,93.43710000,1666657000829,True,True
39830561,15.81000000,15.70000000,248.21700000,1666657001314,False,True
39830562,15.81000000,4.30000000,67.98300000,1666657001314,False,True
39830563,15.81000000,51.85000000,819.74850000,1666657008888,False,True
39830564,15.81000000,28.76000000,454.69560000,1666657008897,False,True
39830565,15.81000000,5.45000000,86.16450000,1666657008897,False,True
39830566,15.81000000,31.79000000,502.59990000,1666657008898,False,True
39830567,15.81000000,20.06000000,317.14860000,1666657008898,False,True
39830568,15.81000000,24.25000000,383.39250000,1666657030787,True,True
39830569,15.81000000,10.14000000,160.31340000,1666657030789,True,True
39830570,15.81000000,4.73000000,74.78130000,1666657044815,False,True
39830571,15.81000000,13.27000000,209.79870000,1666657044817,False,True
39830572,15.81000000,8.05000000,127.27050000,1666657054751,True,True
39830573,15.82000000,0.66000000,10.44120000,1666657058779,False,True
39830574,15.81000000,22.41000000,354.30210000,1666657073634,True,True
39830575,15.81000000,0.94000000,14.86140000,1666657073634,True,True
39830576,15.81000000,33.99000000,537.38190000,1666657073634,True,True
39830577,15.81000000,41.79000000,660.69990000,1666657083029,False,True
39830578,15.82000000,0.64000000,10.12480000,1666657089016,False,True
39830579,15.82000000,14.91000000,235.87620000,1666657089016,False,True
39830580,15.82000000,0.60000000,9.49200000,1666657089024,False,True
39830581,15.82000000,4.87000000,77.04340000,1666657089024,False,True
39830582,15.82000000,0.37000000,5.85340000,1666657089028,False,True
39830583,15.82000000,5.26000000,83.21320000,1666657089028,False,True
39830584,15.82000000,12.65000000,200.12300000,1666657089028,False,True
39830585,15.82000000,12.65000000,200.12300000,1666657089028,False,True
39830586,15.82000000,2.76000000,43.66320000,1666657089153,True,True
39830587,15.82000000,2.76000000,43.66320000,1666657089205,True,True
39830588,15.82000000,2.76000000,43.66320000,1666657089277,True,True
39830589,15.82000000,2.76000000,43.66320000,1666657089349,True,True
39830590,15.82000000,2.76000000,43.66320000,1666657089581,True,True
39830591,15.82000000,2.76000000,43.66320000,1666657089630,True,True
39830592,15.82000000,2.76000000,43.66320000,1666657089700,True,True
39830593,15.82000000,2.72000000,43.03040000,1666657089767,True,True
39830594,15.82000000,13.00000000,205.66000000,1666657100812,True,True
39830595,15.82000000,30.30000000,479.34600000,1666657100812,True,True
39830596,15.82000000,21.24000000,336.01680000,1666657100812,True,True
39830597,15.82000000,8.93000000,141.27260000,1666657104029,False,True
39830598,15.83000000,3.30000000,52.23900000,1666657133045,False,True
39830599,15.83000000,7.53000000,119.19990000,1666657133045,False,True
39830600,15.83000000,1.66000000,26.27780000,1666657133045,False,True
39830601,15.83000000,5.84000000,92.44720000,1666657133045,False,True
39830602,15.83000000,7.53000000,119.19990000,1666657141167,False,True
39830603,15.83000000,3.30000000,52.23900000,1666657141167,False,True
39830604,15.83000000,7.53000000,119.19990000,1666657141354,False,True
39830605,15.83000000,7.53000000,119.19990000,1666657141408,False,True
39830606,15.83000000,7.53000000,119.19990000,1666657141420,False,True
39830607,15.83000000,7.53000000,119.19990000,1666657141420,False,True
39830608,15.83000000,7.53000000,119.19990000,1666657141420,False,True
39830609,15.83000000,7.53000000,119.19990000,1666657141420,False,True
39830610,15.83000000,5.47000000,86.59010000,1666657141420,False,True
39830611,15.83000000,2.06000000,32.60980000,1666657141430,False,True
39830612,15.83000000,5.47000000,86.59010000,1666657141430,False,True
39830613,15.83000000,2.06000000,32.60980000,1666657141448,False,True
39830614,15.82000000,14.97000000,236.82540000,1666657155950,True,True
39830615,15.82000000,34.86000000,551.48520000,1666657155950,True,True
39830616,15.82000000,11.42000000,180.66440000,1666657156052,True,True
39830617,15.82000000,17.76000000,280.96320000,1666657156058,True,True
39830618,15.82000000,7.00000000,110.74000000,1666657176123,False,True
39830619,15.81000000,0.64000000,10.11840000,1666657199958,True,True
39830620,15.81000000,3.76000000,59.44560000,1666657199958,True,True
39830621,15.81000000,3.30000000,52.17300000,1666657199958,True,True
39830622,15.81000000,4.00000000,63.24000000,1666657204132,True,True
39830623,15.81000000,3.98000000,62.92380000,1666657207565,True,True
39830624,15.81000000,5.71000000,90.27510000,1666657207627,True,True
39830625,15.81000000,5.67000000,89.64270000,1666657207687,True,True
39830626,15.80000000,0.91000000,14.37800000,1666657207742,True,True
39830627,15.80000000,1.28000000,20.22400000,1666657207742,True,True
39830628,15.80000000,3.39000000,53.56200000,1666657207742,True,True
39830629,15.80000000,3.30000000,52.14000000,1666657216944,True,True
39830630,15.80000000,3.76000000,59.40800000,1666657216944,True,True
39830631,15.80000000,8.56000000,135.24800000,1666657217270,False,True
39830632,15.80000000,10.43000000,164.79400000,1666657217270,False,True
39830633,15.80000000,24.98000000,394.68400000,1666657223161,False,True
39830634,15.80000000,28.19000000,445.40200000,1666657223161,False,True
39830635,15.80000000,9.00000000,142.20000000,1666657227871,False,True
39830636,15.80000000,1.47000000,23.22600000,1666657227908,True,True
39830637,15.80000000,0.41000000,6.47800000,1666657246723,True,True
39830638,15.80000000,23.29000000,367.98200000,1666657246723,True,True
39830639,15.80000000,5.84000000,92.27200000,1666657246723,True,True
39830640,15.80000000,10.42000000,164.63600000,1666657246723,True,True
39830641,15.80000000,24.15000000,381.57000000,1666657247046,True,True
39830642,15.81000000,1.50000000,23.71500000,1666657307103,False,True
39830643,15.81000000,1.80000000,28.45800000,1666657321868,False,True
39830644,15.81000000,4.53000000,71.61930000,1666657366912,False,True
39830645,15.82000000,2.93000000,46.35260000,1666657376282,False,True
39830646,15.79000000,2.53000000,39.94870000,1666657415114,True,True
39830647,15.79000000,0.70000000,11.05300000,1666657415114,True,True
39830648,15.79000000,0.70000000,11.05300000,1666657415114,True,True
39830649,15.79000000,3.30000000,52.10700000,1666657415114,True,True
39830650,15.79000000,1.88000000,29.68520000,1666657415114,True,True
39830651,15.79000000,3.35000000,52.89650000,1666657415114,True,True
39830652,15.79000000,3.76000000,59.37040000,1666657415114,True,True
39830653,15.79000000,16.07000000,253.74530000,1666657422858,False,True
39830654,15.78000000,64.34000000,1015.28520000,1666657444196,True,True
39830655,15.78000000,2.71000000,42.76380000,1666657444196,True,True
39830656,15.78000000,0.97000000,15.30660000,1666657444196,True,True
39830657,15.78000000,3.52000000,55.54560000,1666657444196,True,True
39830658,15.78000000,0.64000000,10.09920000,1666657444196,True,True
39830659,15.78000000,3.30000000,52.07400000,1666657444196,True,True
39830660,15.78000000,3.75000000,59.17500000,1666657444196,True,True
39830661,15.78000000,0.01000000,0.15780000,1666657444206,True,True
39830662,15.78000000,33.77000000,532.89060000,1666657450561,False,True
39830663,15.78000000,17.48000000,275.83440000,1666657450574,False,True
39830664,15.78000000,48.61000000,767.06580000,1666657499395,False,True
39830665,15.79000000,0.64000000,10.10560000,1666657545940,False,True
39830666,15.79000000,13.66000000,215.69140000,1666657545940,False,True
39830667,15.79000000,2.84000000,44.84360000,1666657545940,False,True
39830668,15.80000000,8.22000000,129.87600000,1666657545940,False,True
39830669,15.79000000,7.49000000,118.26710000,1666657545982,True,True
39830670,15.79000000,45.90000000,724.76100000,1666657545982,True,True
39830671,15.79000000,27.89000000,440.38310000,1666657545982,True,True
39830672,15.80000000,25.35000000,400.53000000,1666657547939,False,True
39830673,15.80000000,25.35000000,400.53000000,1666657548938,False,True
39830674,15.79000000,0.70000000,11.05300000,1666657549546,True,True
39830675,15.80000000,18.62000000,294.19600000,1666657572000,False,True
39830676,15.80000000,3.30000000,52.14000000,1666657572000,False,True
39830677,15.80000000,1.67000000,26.38600000,1666657572000,False,True
39830678,15.80000000,10.72000000,169.37600000,1666657572000,False,True
39830679,15.80000000,1.95000000,30.81000000,1666657572070,False,True
39830680,15.80000000,2.13000000,33.65400000,1666657572070,False,True
39830681,15.80000000,1.63000000,25.75400000,1666657572097,False,True
39830682,15.81000000,3.30000000,52.17300000,1666657598108,False,True
39830683,15.81000000,3.76000000,59.44560000,1666657598108,False,True
39830684,15.82000000,0.64000000,10.12480000,1666657600331,False,True
39830685,15.82000000,4.81000000,76.09420000,1666657600331,False,True
39830686,15.82000000,1.66000000,26.26120000,1666657600331,False,True
39830687,15.82000000,2.74000000,43.34680000,1666657600786,True,True
39830688,15.82000000,2.74000000,43.34680000,1666657600952,True,True
39830689,15.82000000,2.74000000,43.34680000,1666657601024,True,True
39830690,15.82000000,2.74000000,43.34680000,1666657601119,True,True
39830691,15.82000000,2.74000000,43.34680000,1666657601178,True,True
39830692,15.82000000,2.74000000,43.34680000,1666657601252,True,True
39830693,15.82000000,17.32000000,274.00240000,1666657606764,True,True
39830694,15.82000000,42.46000000,671.71720000,1666657606764,True,True
39830695,15.82000000,41.67000000,659.21940000,1666657606764,True,True
39830696,15.82000000,88.14000000,1394.37480000,1666657606764,True,True
39830697,15.82000000,3.79000000,59.95780000,1666657650416,False,True
39830698,15.82000000,3.85000000,60.90700000,1666657650416,False,True
39830699,15.82000000,2.85000000,45.08700000,1666657650509,False,True
39830700,15.82000000,1.40000000,22.14800000,1666657650526,True,True
39830701,15.82000000,44.16000000,698.61120000,1666657650589,True,True
39830702,15.82000000,3.30000000,52.20600000,1666657740540,True,True
39830703,15.83000000,3.16000000,50.02280000,1666657745293,False,True
39830704,15.83000000,1.66000000,26.27780000,1666657745293,False,True
39830705,15.83000000,7.80000000,123.47400000,1666657745293,False,True
39830706,15.83000000,21.38000000,338.44540000,1666657842219,False,True
39830707,15.83000000,3.30000000,52.23900000,1666657842219,False,True
39830708,15.83000000,3.76000000,59.52080000,1666657842219,False,True
39830709,15.83000000,15.43000000,244.25690000,1666657844145,True,True
39830710,15.84000000,0.70000000,11.08800000,1666657857424,False,True
39830711,15.84000000,0.70000000,11.08800000,1666657857424,False,True
39830712,15.84000000,5.47000000,86.64480000,1666657857424,False,True
39830713,15.84000000,8.10000000,128.30400000,1666657857427,False,True
39830714,15.84000000,7.47000000,118.32480000,1666657857433,False,True
39830715,15.84000000,2.40000000,38.01600000,1666657857502,False,True
39830716,15.84000000,3.94000000,62.40960000,1666657857507,False,True
39830717,15.84000000,3.30000000,52.27200000,1666657857507,False,True
39830718,15.84000000,3.76000000,59.55840000,1666657857507,False,True
39830719,15.85000000,0.64000000,10.14400000,1666657864175,False,True
39830720,15.85000000,64.34000000,1019.78900000,1666657864175,False,True
39830721,15.85000000,3.30000000,52.30500000,1666657864175,False,True
39830722,15.85000000,3.76000000,59.59600000,1666657864175,False,True
39830723,15.86000000,0.64000000,10.15040000,1666657869599,False,True
39830724,15.86000000,0.69000000,10.94340000,1666657869599,False,True
39830725,15.86000000,3.30000000,52.33800000,1666657869599,False,True
39830726,15.86000000,30.46000000,483.09560000,1666657880604,True,True
39830727,15.86000000,44.00000000,697.84000000,1666657880611,True,True
39830728,15.86000000,3.02000000,47.89720000,1666657880615,True,True
39830729,15.86000000,41.72000000,661.67920000,1666657880615,True,True
39830730,15.86000000,13.70000000,217.28200000,1666657880615,True,True
39830731,15.86000000,2.43000000,38.53980000,1666657880729,True,True
39830732,15.86000000,37.24000000,590.62640000,1666657882466,False,True
39830733,15.86000000,6.76000000,107.21360000,1666657882466,False,True
39830734,15.86000000,18.50000000,293.41000000,1666657882476,False,True
39830735,15.86000000,6.76000000,107.21360000,1666657882476,False,True
39830736,15.86000000,18.50000000,293.41000000,1666657882479,False,True
39830737,15.86000000,11.96000000,189.68560000,1666657882479,False,True
39830738,15.86000000,13.30000000,210.93800000,1666657882484,False,True
39830739,15.86000000,25.26000000,400.62360000,1666657882484,False,True
39830740,15.86000000,23.94000000,379.68840000,1666657882484,False,True
39830741,15.86000000,1.32000000,20.93520000,1666657882491,False,True
39830742,15.86000000,0.01000000,0.15860000,1666657882491,False,True
39830743,15.86000000,12.61000000,199.99460000,1666657886904,True,True
39830744,15.86000000,0.09000000,1.42740000,1666657886904,True,True
39830745,15.86000000,30.46000000,483.09560000,1666657889702,True,True
39830746,15.86000000,44.00000000,697.84000000,1666657889706,True,True
39830747,15.86000000,204.57000000,3244.48020000,1666657889708,True,True
39830748,15.86000000,73.73000000,1169.35780000,1666657889712,True,True
39830749,15.85000000,0.64000000,10.14400000,1666657893941,True,True
39830750,15.85000000,12.18000000,193.05300000,1666657893941,True,True
39830751,15.85000000,1.11000000,17.59350000,1666657893941,True,True
39830752,15.85000000,1.11000000,17.59350000,1666657893941,True,True
39830753,15.85000000,201.12000000,3187.75200000,1666657893941,True,True
39830754,15.85000000,37.97000000,601.82450000,1666657893944,True,True
39830755,15.85000000,42.03000000,666.17550000,1666657893952,True,True
39830756,15.85000000,80.68000000,1278.77800000,1666657893952,True,True
39830757,15.85000000,7.51000000,119.03350000,1666657893954,True,True
39830758,15.85000000,15.77000000,249.95450000,1666657893954,True,True
39830759,15.85000000,4.00000000,63.40000000,1666657893959,True,True
39830760,15.84000000,3.30000000,52.27200000,1666657906556,True,True
39830761,15.84000000,3.76000000,59.55840000,1666657906556,True,True
39830762,15.84000000,11.53000000,182.63520000,1666657906556,True,True
39830763,15.84000000,0.64000000,10.13760000,1666657906556,True,True
39830764,15.84000000,37.24000000,589.88160000,1666657906556,True,True
39830765,15.84000000,3.63000000,57.49920000,1666657906590,False,True
39830766,15.84000000,12.62000000,199.90080000,1666657906787,True,True
39830767,15.84000000,38.52000000,610.15680000,1666657906825,True,True
39830768,15.84000000,99.16000000,1570.69440000,1666657906826,True,True
39830769,15.84000000,5.26000000,83.31840000,1666657915898,True,True
39830770,15.84000000,3.15000000,49.89600000,1666657916332,True,True
39830771,15.83000000,18.24000000,288.73920000,1666657927547,False,True
39830772,15.83000000,18.24000000,288.73920000,1666657934251,True,True
39830773,15.83000000,12.22000000,193.44260000,1666657934254,True,True
39830774,15.82000000,11.13000000,176.07660000,1666657938470,True,True
39830775,15.82000000,0.92000000,14.55440000,1666657938470,True,True
39830776,15.82000000,0.64000000,10.12480000,1666657938470,True,True
39830777,15.82000000,3.30000000,52.20600000,1666657938470,True,True
39830778,15.82000000,3.76000000,59.48320000,1666657938470,True,True
39830779,15.82000000,27.38000000,433.15160000,1666657938470,True,True
39830780,15.82000000,12.22000000,193.32040000,1666657938498,True,True
39830781,15.82000000,41.42000000,655.26440000,1666657938527,True,True
39830782,15.82000000,2.39000000,37.80980000,1666657939862,False,True
39830783,15.81000000,0.69000000,10.90890000,1666657947065,True,True
39830784,15.81000000,6.00000000,94.86000000,1666657947065,True,True
39830785,15.81000000,5.19000000,82.05390000,1666657947065,True,True
39830786,15.81000000,0.64000000,10.11840000,1666657947065,True,True
39830787,15.81000000,3.30000000,52.17300000,1666657947065,True,True
39830788,15.81000000,3.76000000,59.44560000,1666657947065,True,True
39830789,15.81000000,23.55000000,372.32550000,1666657947065,True,True
39830790,15.81000000,97.10000000,1535.15100000,1666657947088,True,True
39830791,15.81000000,14.80000000,233.98800000,1666657954262,False,True
39830792,15.80000000,8.11000000,128.13800000,1666657960134,True,True
39830793,15.80000000,11.13000000,175.85400000,1666657960134,True,True
39830794,15.80000000,47.82000000,755.55600000,1666657960134,True,True
39830795,15.80000000,12.65000000,199.87000000,1666657971655,False,True
39830796,15.80000000,21.39000000,337.96200000,1666657971655,False,True
39830797,15.80000000,56.14000000,887.01200000,1666657971676,False,True
39830798,15.80000000,14.22000000,224.67600000,1666657971676,False,True
39830799,15.80000000,34.85000000,550.63000000,1666657971676,False,True
39830800,15.80000000,4.56000000,72.04800000,1666657980980,True,True
39830801,15.80000000,0.75000000,11.85000000,1666657996009,True,True
39830802,15.81000000,0.91000000,14.38710000,1666658021580,False,True
39830803,15.81000000,12.76000000,201.73560000,1666658035795,False,True
39830804,15.81000000,10.45000000,165.21450000,1666658035795,False,True
39830805,15.81000000,38.54000000,609.31740000,1666658035795,False,True
39830806,15.81000000,7.78000000,123.00180000,1666658035803,False,True
39830807,15.81000000,30.18000000,477.14580000,1666658035805,False,True
39830808,15.80000000,76.48000000,1208.38400000,1666658115920,False,True
39830809,15.80000000,79.59000000,1257.52200000,1666658115920,False,True
39830810,15.80000000,129.89000000,2052.26200000,1666658115920,False,True
39830811,15.80000000,5.22000000,82.47600000,1666658203327,True,True
39830812,15.80000000,5.23000000,82.63400000,1666658203327,True,True
39830813,15.80000000,37.24000000,588.39200000,1666658203327,True,True
39830814,15.80000000,53.06000000,838.34800000,1666658203327,True,True
39830815,15.80000000,32.50000000,513.50000000,1666658203339,True,True
39830816,15.80000000,32.50000000,513.50000000,1666658203339,True,True
39830817,15.80000000,23.49000000,371.14200000,1666658203358,True,True
39830818,15.80000000,44.76000000,707.20800000,1666658203793,True,True
39830819,15.80000000,4.67000000,73.78600000,1666658208864,False,True
39830820,15.81000000,25.17000000,397.93770000,1666658224274,False,True
39830821,15.80000000,30.46000000,481.26800000,1666658242351,True,True
39830822,15.80000000,80.29000000,1268.58200000,1666658242351,True,True
39830823,15.81000000,12.78000000,202.05180000,1666658256951,False,True
39830824,15.82000000,0.64000000,10.12480000,1666658305603,False,True
39830825,15.82000000,3.30000000,52.20600000,1666658305603,False,True
39830826,15.82000000,21.26000000,336.33320000,1666658305603,False,True
39830827,15.82000000,5.05000000,79.89100000,1666658305612,False,True
39830828,15.82000000,13.57000000,214.67740000,1666658305614,False,True
39830829,15.82000000,4.44000000,70.24080000,1666658305614,False,True
39830830,15.82000000,15.60000000,246.79200000,1666658305615,False,True
39830831,15.82000000,3.76000000,59.48320000,1666658305615,False,True
39830832,15.82000000,0.74000000,11.70680000,1666658305615,False,True
39830833,15.82000000,0.21000000,3.32220000,1666658305622,False,True
39830834,15.82000000,1.47000000,23.25540000,1666658320858,True,True
39830835,15.83000000,4.42000000,69.96860000,1666658355251,False,True
39830836,15.82000000,4.41000000,69.76620000,1666658378626,True,True
39830837,15.82000000,66.06000000,1045.06920000,1666658419205,True,True
39830838,15.82000000,10.46000000,165.47720000,1666658419214,True,True
39830839,15.82000000,51.66000000,817.26120000,1666658419214,True,True
39830840,15.82000000,1.11000000,17.56020000,1666658419214,True,True
39830841,15.82000000,1.11000000,17.56020000,1666658419214,True,True
39830842,15.82000000,29.80000000,471.43600000,1666658419214,True,True
39830843,15.82000000,6.97000000,110.26540000,1666658470520,False,True
39830844,15.82000000,1.13000000,17.87660000,1666658470557,False,True
39830845,15.82000000,1.09000000,17.24380000,1666658470557,False,True
39830846,15.82000000,16.61000000,262.77020000,1666658470557,False,True
39830847,15.82000000,1.09000000,17.24380000,1666658470557,False,True
39830848,15.83000000,0.64000000,10.13120000,1666658472753,False,True
39830849,15.83000000,0.92000000,14.56360000,1666658472753,False,True
39830850,15.83000000,3.30000000,52.23900000,1666658472753,False,True
39830851,15.83000000,0.74000000,11.71420000,1666658472753,False,True
39830852,15.83000000,0.74000000,11.71420000,1666658472753,False,True
39830853,15.83000000,0.74000000,11.71420000,1666658472753,False,True
39830854,15.83000000,0.74000000,11.71420000,1666658472753,False,True
39830855,15.83000000,11.13000000,176.18790000,1666658472753,False,True
39830856,15.83000000,12.63000000,199.93290000,1666658472753,False,True
39830857,15.83000000,3.76000000,59.52080000,1666658472753,False,True
39830858,15.83000000,2.39000000,37.83370000,1666658473550,True,True
39830859,15.82000000,21.40000000,338.54800000,1666658509556,True,True
39830860,15.82000000,8.11000000,128.30020000,1666658522666,True,True
39830861,15.82000000,4.78000000,75.61960000,1666658522666,True,True
39830862,15.82000000,3.30000000,52.20600000,1666658522688,True,True
39830863,15.81000000,0.64000000,10.11840000,1666658622439,True,True
39830864,15.81000000,3.30000000,52.17300000,1666658622439,True,True
39830865,15.81000000,3.76000000,59.44560000,1666658622439,True,True
39830866,15.80000000,0.92000000,14.53600000,1666658623884,True,True
39830867,15.80000000,1.67000000,26.38600000,1666658623884,True,True
39830868,15.80000000,0.64000000,10.11200000,1666658623884,True,True
39830869,15.79000000,0.69000000,10.89510000,1666658623884,True,True
39830870,15.79000000,0.69000000,10.89510000,1666658623884,True,True
39830871,15.79000000,10.14000000,160.11060000,1666658623884,True,True
39830872,15.79000000,11.13000000,175.74270000,1666658623884,True,True
39830873,15.79000000,12.63000000,199.42770000,1666658623884,True,True
39830874,15.79000000,43.23000000,682.60170000,1666658623884,True,True
39830875,15.79000000,1.27000000,20.05330000,1666658623884,True,True
39830876,15.80000000,1.38000000,21.80400000,1666658629319,False,True
39830877,15.81000000,1.09000000,17.23290000,1666658653943,False,True
39830878,15.81000000,0.64000000,10.11840000,1666658702161,False,True
39830879,15.81000000,9.82000000,155.25420000,1666658702161,False,True
39830880,15.81000000,7.77000000,122.84370000,1666658705952,True,True
39830881,15.81000000,54.09000000,855.16290000,1666658705952,True,True
39830882,15.81000000,53.70000000,848.99700000,1666658705952,True,True
39830883,15.81000000,49.75000000,786.54750000,1666658705952,True,True
39830884,15.80000000,1.47000000,23.22600000,1666658719227,False,True
39830885,15.80000000,2.39000000,37.76200000,1666658749652,False,True
39830886,15.80000000,1.27000000,20.06600000,1666658749698,False,True
39830887,15.80000000,12.65000000,199.87000000,1666658764366,True,True
39830888,15.80000000,75.62000000,1194.79600000,1666658764366,True,True
39830889,15.79000000,1.31000000,20.68490000,1666658783278,True,True
39830890,15.79000000,14.05000000,221.84950000,1666658799746,True,True
39830891,15.79000000,0.95000000,15.00050000,1666658799757,True,True
39830892,15.79000000,3.76000000,59.37040000,1666658799757,True,True
39830893,15.79000000,3.30000000,52.10700000,1666658799757,True,True
39830894,15.79000000,3.34000000,52.73860000,1666658799787,False,True
39830895,15.79000000,30.46000000,480.96340000,1666658807984,False,True
39830896,15.79000000,35.58000000,561.80820000,1666658807984,False,True
39830897,15.79000000,40.00000000,631.60000000,1666658807987,False,True
39830898,15.79000000,103.40000000,1632.68600000,1666658807987,False,True
39830899,15.79000000,43.72000000,690.33880000,1666658807987,False,True
39830900,15.79000000,15.00000000,236.85000000,1666658808007,False,True
39830901,15.80000000,7.49000000,118.34200000,1666658860964,True,True
39830902,15.80000000,7.49000000,118.34200000,1666658860964,True,True
39830903,15.80000000,11.42000000,180.43600000,1666658910912,False,True
39830904,15.79000000,11.97000000,189.00630000,1666658933258,True,True
39830905,15.79000000,6.42000000,101.37180000,1666658933460,True,True
39830906,15.79000000,6.42000000,101.37180000,1666658933460,True,True
39830907,15.79000000,15.00000000,236.85000000,1666658952442,True,True
39830908,15.78000000,2.88000000,45.44640000,1666658954862,True,True
39830909,15.78000000,11.63000000,183.52140000,1666659006762,True,True
39830910,15.78000000,49.83000000,786.31740000,1666659006762,True,True
39830911,15.78000000,0.64000000,10.09920000,1666659006762,True,True
39830912,15.78000000,3.30000000,52.07400000,1666659006762,True,True
39830913,15.78000000,3.76000000,59.33280000,1666659006762,True,True
39830914,15.78000000,51.78000000,817.08840000,1666659006762,True,True
39830915,15.77000000,0.70000000,11.03900000,1666659011021,True,True
39830916,15.77000000,1.27000000,20.02790000,1666659011021,True,True
39830917,15.77000000,0.76000000,11.98520000,1666659011021,True,True
39830918,15.77000000,8.31000000,131.04870000,1666659011021,True,True
39830919,15.77000000,9.71000000,153.12670000,1666659011026,True,True
39830920,15.77000000,1.98000000,31.22460000,1666659011097,True,True
39830921,15.77000000,0.64000000,10.09280000,1666659011097,True,True
39830922,15.77000000,3.30000000,52.04100000,1666659011097,True,True
39830923,15.76000000,5.71000000,89.98960000,1666659022883,True,True
39830924,15.76000000,2.92000000,46.01920000,1666659022883,True,True
39830925,15.76000000,30.00000000,472.80000000,1666659022883,True,True
39830926,15.76000000,27.26000000,429.61760000,1666659022883,True,True
39830927,15.76000000,32.74000000,515.98240000,1666659022900,True,True
39830928,15.76000000,5.28000000,83.21280000,1666659022900,True,True
39830929,15.76000000,3.30000000,52.00800000,1666659022900,True,True
39830930,15.76000000,3.76000000,59.25760000,1666659022900,True,True
39830931,15.76000000,4.33000000,68.24080000,1666659022921,False,True
39830932,15.76000000,32.66000000,514.72160000,1666659023198,False,True
39830933,15.76000000,95.56000000,1506.02560000,1666659023198,False,True
39830934,15.77000000,8.56000000,134.99120000,1666659038868,False,True
39830935,15.77000000,66.99000000,1056.43230000,1666659038873,False,True
39830936,15.77000000,3.30000000,52.04100000,1666659038873,False,True
39830937,15.77000000,3.76000000,59.29520000,1666659038873,False,True
39830938,15.77000000,1.09000000,17.18930000,1666659038873,False,True
39830939,15.77000000,1.09000000,17.18930000,1666659038873,False,True
39830940,15.77000000,37.24000000,587.27480000,1666659041885,True,True
39830941,15.77000000,75.54000000,1191.26580000,1666659041885,True,True
39830942,15.77000000,21.31000000,336.05870000,1666659041885,True,True
39830943,15.77000000,151.41000000,2387.73570000,1666659041886,True,True
39830944,15.77000000,93.13000000,1468.66010000,1666659041891,True,True
39830945,15.77000000,99.55000000,1569.90350000,1666659041899,True,True
39830946,15.77000000,14.94000000,235.60380000,1666659041901,True,True
39830947,15.77000000,12.09000000,190.65930000,1666659041901,True,True
39830948,15.76000000,12.43000000,195.89680000,1666659041921,True,True
39830949,15.76000000,20.00000000,315.20000000,1666659041921,True,True
39830950,15.76000000,1.11000000,17.49360000,1666659041921,True,True
39830951,15.76000000,88.00000000,1386.88000000,1666659041921,True,True
39830952,15.77000000,1.00000000,15.77000000,1666659042298,False,True
39830953,15.77000000,14.83000000,233.86910000,1666659050569,False,True
39830954,15.77000000,33.63000000,530.34510000,1666659050583,False,True
39830955,15.77000000,19.46000000,306.88420000,1666659050590,False,True
39830956,15.76000000,18.64000000,293.76640000,1666659099210,True,True
39830957,15.76000000,3.30000000,52.00800000,1666659099210,True,True
39830958,15.76000000,63.45000000,999.97200000,1666659110680,False,True
39830959,15.75000000,0.69000000,10.86750000,1666659122810,True,True
39830960,15.75000000,0.70000000,11.02500000,1666659122810,True,True
39830961,15.75000000,0.64000000,10.08000000,1666659122810,True,True
39830962,15.75000000,9.66000000,152.14500000,1666659122810,True,True
39830963,15.75000000,1.98000000,31.18500000,1666659122810,True,True
39830964,15.75000000,47.08000000,741.51000000,1666659122810,True,True
39830965,15.75000000,3.76000000,59.22000000,1666659122810,True,True
39830966,15.75000000,3.30000000,51.97500000,1666659122810,True,True
39830967,15.74000000,44.19000000,695.55060000,1666659122810,True,True
39830968,15.74000000,0.71000000,11.17540000,1666659122810,True,True
39830969,15.74000000,1.28000000,20.14720000,1666659122810,True,True
39830970,15.74000000,0.71000000,11.17540000,1666659122810,True,True
39830971,15.74000000,12.69000000,199.74060000,1666659122810,True,True
39830972,15.76000000,7.22000000,113.78720000,1666659173665,False,True
39830973,15.76000000,15.68000000,247.11680000,1666659173675,False,True
39830974,15.76000000,5.23000000,82.42480000,1666659173675,False,True
39830975,15.76000000,12.80000000,201.72800000,1666659173675,False,True
39830976,15.76000000,6.03000000,95.03280000,1666659173684,False,True
39830977,15.76000000,1.09000000,17.17840000,1666659173690,False,True
39830978,15.76000000,1.09000000,17.17840000,1666659173690,False,True
39830979,15.74000000,17.31000000,272.45940000,1666659207911,True,True
39830980,15.74000000,0.64000000,10.07360000,1666659207911,True,True
39830981,15.74000000,3.30000000,51.94200000,1666659207911,True,True
39830982,15.74000000,3.76000000,59.18240000,1666659207911,True,True
39830983,15.74000000,8.38000000,131.90120000,1666659207911,True,True
39830984,15.74000000,8.38000000,131.90120000,1666659207911,True,True
39830985,15.74000000,8.22000000,129.38280000,1666659207911,True,True
39830986,15.74000000,0.16000000,2.51840000,1666659218639,True,True
39830987,15.74000000,57.93000000,911.81820000,1666659218639,True,True
39830988,15.74000000,8.38000000,131.90120000,1666659218694,True,True
39830989,15.74000000,8.38000000,131.90120000,1666659218755,True,True
39830990,15.74000000,46.34000000,729.39160000,1666659218755,True,True
39830991,15.74000000,2.18000000,34.31320000,1666659219971,True,True
39830992,15.74000000,2.39000000,37.61860000,1666659220053,True,True
39830993,15.74000000,3.81000000,59.96940000,1666659220138,True,True
39830994,15.74000000,8.38000000,131.90120000,1666659220894,True,True
39830995,15.74000000,2.32000000,36.51680000,1666659220964,True,True
39830996,15.74000000,3.23000000,50.84020000,1666659221706,True,True
39830997,15.74000000,2.83000000,44.54420000,1666659246970,True,True
39830998,15.74000000,8.38000000,131.90120000,1666659246970,True,True
39830999,15.74000000,8.33000000,131.11420000,1666659246970,True,True
39831000,15.75000000,6.50000000,102.37500000,1666659269578,False,True
39831001,15.74000000,30.46000000,479.44040000,1666659272782,True,True
39831002,15.74000000,23.29000000,366.58460000,1666659275261,True,True
39831003,15.74000000,1.36000000,21.40640000,1666659285675,True,True
39831004,15.74000000,9.27000000,145.90980000,1666659289284,False,True
39831005,15.74000000,4.35000000,68.46900000,1666659296987,False,True
39831006,15.75000000,12.63000000,198.92250000,1666659302983,False,True
39831007,15.75000000,0.64000000,10.08000000,1666659302983,False,True
39831008,15.75000000,0.92000000,14.49000000,1666659302983,False,True
39831009,15.75000000,12.17000000,191.67750000,1666659302983,False,True
39831010,15.75000000,7.19000000,113.24250000,1666659302983,False,True
39831011,15.75000000,0.84000000,13.23000000,1666659303296,False,True
39831012,15.75000000,0.68000000,10.71000000,1666659304183,False,True
39831013,15.75000000,1.96000000,30.87000000,1666659359182,False,True
39831014,15.75000000,1.50000000,23.62500000,1666659365579,False,True
39831015,15.75000000,0.47000000,7.40250000,1666659365579,False,True
39831016,15.75000000,1.98000000,31.18500000,1666659371888,False,True
39831017,15.75000000,9.72000000,153.09000000,1666659393573,False,True
39831018,15.75000000,33.55000000,528.41250000,1666659528639,True,True
39831019,15.75000000,6.12000000,96.39000000,1666659586785,False,True
39831020,15.74000000,0.64000000,10.07360000,1666659601157,True,True
39831021,15.73000000,0.70000000,11.01100000,1666659601829,True,True
39831022,15.73000000,0.78000000,12.26940000,1666659601829,True,True
39831023,15.73000000,1.15000000,18.08950000,1666659601834,True,True
39831024,15.73000000,0.33000000,5.19090000,1666659601834,True,True
39831025,15.73000000,0.63000000,9.90990000,1666659601835,True,True
39831026,15.73000000,0.85000000,13.37050000,1666659601835,True,True
39831027,15.73000000,1.48000000,23.28040000,1666659601837,True,True
39831028,15.73000000,1.17000000,18.40410000,1666659601839,True,True
39831029,15.73000000,20.00000000,314.60000000,1666659601839,True,True
39831030,15.73000000,5.48000000,86.20040000,1666659601839,True,True
39831031,15.73000000,3.30000000,51.90900000,1666659601839,True,True
39831032,15.73000000,0.92000000,14.47160000,1666659601839,True,True
39831033,15.73000000,8.38000000,131.81740000,1666659601839,True,True
39831034,15.73000000,3.76000000,59.14480000,1666659601839,True,True
39831035,15.73000000,2.08000000,32.71840000,1666659601839,True,True
39831036,15.73000000,4.44000000,69.84120000,1666659601839,True,True
39831037,15.73000000,3.94000000,61.97620000,1666659601891,True,True
39831038,15.73000000,1.25000000,19.66250000,1666659602328,True,True
39831039,15.74000000,32.70000000,514.69800000,1666659604354,False,True
39831040,15.74000000,18.75000000,295.12500000,1666659604354,False,True
39831041,15.73000000,7.13000000,112.15490000,1666659607671,True,True
39831042,15.73000000,0.63000000,9.90990000,1666659607671,True,True
39831043,15.73000000,0.32000000,5.03360000,1666659608089,True,True
39831044,15.73000000,8.24000000,129.61520000,1666659608089,True,True
39831045,15.73000000,0.14000000,2.20220000,1666659648241,True,True
39831046,15.73000000,2.19000000,34.44870000,1666659648241,True,True
39831047,15.74000000,1.09000000,17.15660000,1666659650895,False,True
39831048,15.74000000,7.13000000,112.22620000,1666659650895,False,True
39831049,15.74000000,1.09000000,17.15660000,1666659650895,False,True
39831050,15.74000000,24.49000000,385.47260000,1666659650895,False,True
39831051,15.74000000,9.27000000,145.90980000,1666659650903,False,True
39831052,15.74000000,26.42000000,415.85080000,1666659650904,False,True
39831053,15.74000000,27.82000000,437.88680000,1666659650905,False,True
39831054,15.74000000,18.05000000,284.10700000,1666659650905,False,True
39831055,15.74000000,2.39000000,37.61860000,1666659656250,True,True
39831056,15.74000000,26.00000000,409.24000000,1666659682359,False,True
39831057,15.75000000,0.64000000,10.08000000,1666659691879,False,True
39831058,15.75000000,3.30000000,51.97500000,1666659691879,False,True
39831059,15.75000000,0.92000000,14.49000000,1666659691879,False,True
39831060,15.75000000,3.76000000,59.22000000,1666659691879,False,True
39831061,15.76000000,8.94000000,140.89440000,1666659692658,False,True
39831062,15.75000000,1.09000000,17.16750000,1666659773457,False,True
39831063,15.75000000,1.09000000,17.16750000,1666659773457,False,True
39831064,15.76000000,3.17000000,49.95920000,1666659785003,False,True
39831065,15.76000000,2.90000000,45.70400000,1666659785003,False,True
39831066,15.76000000,1.19000000,18.75440000,1666659785003,False,True
39831067,15.76000000,2.11000000,33.25360000,1666659785017,False,True
39831068,15.76000000,3.76000000,59.25760000,1666659785017,False,True
39831069,15.76000000,12.13000000,191.16880000,1666659785017,False,True
39831070,15.76000000,5.78000000,91.09280000,1666659785047,False,True
39831071,15.76000000,3.06000000,48.22560000,1666659785085,False,True
39831072,15.75000000,2.39000000,37.64250000,1666659791510,True,True
39831073,15.76000000,20.06000000,316.14560000,1666659797130,False,True
39831074,15.76000000,6.42000000,101.17920000,1666659810711,True,True
39831075,15.75000000,5.20000000,81.90000000,1666659815616,True,True
39831076,15.75000000,10.47000000,164.90250000,1666659815616,True,True
39831077,15.75000000,17.21000000,271.05750000,1666659815616,True,True
39831078,15.75000000,2.89000000,45.51750000,1666659828783,False,True
39831079,15.75000000,7.96000000,125.37000000,1666659830256,True,True
39831080,15.75000000,30.46000000,479.74500000,1666659830269,True,True
39831081,15.75000000,46.67000000,735.05250000,1666659830277,True,True
39831082,15.75000000,12.02000000,189.31500000,1666659830278,True,True
39831083,15.75000000,2.39000000,37.64250000,1666659916581,True,True
39831084,15.75000000,70.57000000,1111.47750000,1666659922940,True,True
39831085,15.75000000,30.46000000,479.74500000,1666659922940,True,True
39831086,15.75000000,51.46000000,810.49500000,1666659922940,True,True
39831087,15.74000000,1.17000000,18.41580000,1666659922981,True,True
39831088,15.74000000,26.80000000,421.83200000,1666659943131,True,True
39831089,15.74000000,44.22000000,696.02280000,1666659943131,True,True
39831090,15.74000000,40.11000000,631.33140000,1666659943131,True,True
39831091,15.74000000,1.83000000,28.80420000,1666659943135,True,True
39831092,15.74000000,0.92000000,14.48080000,1666659943135,True,True
39831093,15.74000000,0.64000000,10.07360000,1666659943135,True,True
39831094,15.74000000,3.30000000,51.94200000,1666659943135,True,True
39831095,15.74000000,1.67000000,26.28580000,1666659943135,True,True
39831096,15.74000000,26.66000000,419.62840000,1666659943135,True,True
39831097,15.74000000,3.76000000,59.18240000,1666659943135,True,True
39831098,15.74000000,6.40000000,100.73600000,1666659943154,False,True
39831099,15.73000000,42.50000000,668.52500000,1666659984525,True,True
39831100,15.73000000,29.69000000,467.02370000,1666659984576,True,True
39831101,15.73000000,0.77000000,12.11210000,1666659984576,True,True
39831102,15.73000000,7.82000000,123.00860000,1666659984733,True,True
39831103,15.73000000,4.48000000,70.47040000,1666659984745,True,True
39831104,15.73000000,4.48000000,70.47040000,1666659984746,True,True
39831105,15.73000000,5.71000000,89.81830000,1666659984827,True,True
39831106,15.73000000,30.56000000,480.70880000,1666659984831,True,True
39831107,15.73000000,0.64000000,10.06720000,1666659984831,True,True
39831108,15.73000000,20.46000000,321.83580000,1666659984831,True,True
39831109,15.73000000,16.78000000,263.94940000,1666659984841,True,True
39831110,15.72000000,4.96000000,77.97120000,1666659988093,True,True
39831111,15.72000000,4.88000000,76.71360000,1666659988341,True,True
39831112,15.72000000,15.12000000,237.68640000,1666659988603,True,True
39831113,15.72000000,15.04000000,236.42880000,1666659988609,True,True
39831114,15.72000000,2.72000000,42.75840000,1666659988609,True,True
39831115,15.72000000,2.91000000,45.74520000,1666659988609,True,True
39831116,15.72000000,30.00000000,471.60000000,1666659988609,True,True
39831117,15.72000000,1.98000000,31.12560000,1666659988609,True,True
39831118,15.72000000,11.07000000,174.02040000,1666659988609,True,True
39831119,15.72000000,8.39000000,131.89080000,1666659988609,True,True
39831120,15.72000000,3.30000000,51.87600000,1666659988609,True,True
39831121,15.72000000,3.76000000,59.10720000,1666659988609,True,True
39831122,15.72000000,2.49000000,39.14280000,1666659988616,True,True
39831123,15.72000000,5.90000000,92.74800000,1666659988618,True,True
39831124,15.72000000,8.39000000,131.89080000,1666659988618,True,True
39831125,15.72000000,8.39000000,131.89080000,1666659988618,True,True
39831126,15.72000000,8.39000000,131.89080000,1666659988618,True,True
39831127,15.72000000,8.39000000,131.89080000,1666659988618,True,True
39831128,15.72000000,8.39000000,131.89080000,1666659988618,True,True
39831129,15.72000000,8.39000000,131.89080000,1666659988618,True,True
39831130,15.72000000,8.39000000,131.89080000,1666659988618,True,True
39831131,15.72000000,8.32000000,130.79040000,1666659988618,True,True
39831132,15.72000000,10.35000000,162.70200000,1666659990376,False,True
39831133,15.72000000,30.46000000,478.83120000,1666660006523,True,True
39831134,15.72000000,8.39000000,131.89080000,1666660006523,True,True
39831135,15.72000000,15.13000000,237.84360000,1666660006523,True,True
39831136,15.72000000,4.88000000,76.71360000,1666660006599,True,True
39831137,15.72000000,3.51000000,55.17720000,1666660006687,True,True
39831138,15.72000000,5.05000000,79.38600000,1666660006736,True,True
39831139,15.72000000,3.34000000,52.50480000,1666660007087,True,True
39831140,15.72000000,3.02000000,47.47440000,1666660007087,True,True
39831141,15.72000000,5.37000000,84.41640000,1666660007090,True,True
39831142,15.72000000,0.99000000,15.56280000,1666660007090,True,True
39831143,15.72000000,7.40000000,116.32800000,1666660007090,True,True
39831144,15.72000000,8.39000000,131.89080000,1666660007090,True,True
39831145,15.72000000,8.39000000,131.89080000,1666660007090,True,True
39831146,15.72000000,6.28000000,98.72160000,1666660007090,True,True
39831147,15.72000000,2.11000000,33.16920000,1666660007092,True,True
39831148,15.72000000,4.25000000,66.81000000,1666660007092,True,True
39831149,15.72000000,4.14000000,65.08080000,1666660007093,True,True
39831150,15.72000000,2.22000000,34.89840000,1666660007093,True,True
39831151,15.72000000,6.09000000,95.73480000,1666660007094,True,True
39831152,15.72000000,24.96000000,392.37120000,1666660007171,False,True
39831153,15.72000000,1.09000000,17.13480000,1666660008576,False,True
39831154,15.72000000,1.09000000,17.13480000,1666660008576,False,True
39831155,15.72000000,6.42000000,100.92240000,1666660008610,False,True
39831156,15.72000000,6.42000000,100.92240000,1666660008610,False,True
39831157,15.72000000,8.00000000,125.76000000,1666660017345,False,True
39831158,15.72000000,11.04000000,173.54880000,1666660038142,False,True
39831159,15.72000000,1.09000000,17.13480000,1666660038142,False,True
39831160,15.72000000,1.09000000,17.13480000,1666660038142,False,True
39831161,15.72000000,41.34000000,649.86480000,1666660049893,True,True
39831162,15.72000000,103.29000000,1623.71880000,1666660049893,True,True
39831163,15.72000000,50.00000000,786.00000000,1666660049893,True,True
39831164,15.71000000,10.12000000,158.98520000,1666660087822,True,True
39831165,15.71000000,49.88000000,783.61480000,1666660087822,True,True
39831166,15.71000000,14.46000000,227.16660000,1666660087822,True,True
39831167,15.71000000,25.54000000,401.23340000,1666660087822,True,True
39831168,15.71000000,39.39000000,618.81690000,1666660087823,True,True
39831169,15.71000000,20.00000000,314.20000000,1666660087823,True,True
39831170,15.71000000,46.04000000,723.28840000,1666660087825,True,True
39831171,15.71000000,0.91000000,14.29610000,1666660087825,True,True
39831172,15.71000000,7.93000000,124.58030000,1666660087825,True,True
39831173,15.71000000,1.43000000,22.46530000,1666660087830,True,True
39831174,15.71000000,1.52000000,23.87920000,1666660087830,True,True
39831175,15.71000000,2.55000000,40.06050000,1666660087830,True,True
39831176,15.71000000,8.05000000,126.46550000,1666660087830,True,True
39831177,15.71000000,3.30000000,51.84300000,1666660087830,True,True
39831178,15.71000000,3.76000000,59.06960000,1666660087830,True,True
39831179,15.71000000,2.87000000,45.08770000,1666660087846,False,True
39831180,15.71000000,1.01000000,15.86710000,1666660103005,False,True
39831181,15.70000000,302.63000000,4751.29100000,1666660113706,True,True
39831182,15.70000000,8.11000000,127.32700000,1666660113769,True,True
39831183,15.70000000,760.00000000,11932.00000000,1666660113797,True,True
39831184,15.70000000,5.45000000,85.56500000,1666660113797,True,True
39831185,15.70000000,126.34000000,1983.53800000,1666660113833,True,True
39831186,15.70000000,448.14000000,7035.79800000,1666660114136,True,True
39831187,15.70000000,10.16000000,159.51200000,1666660114147,True,True
39831188,15.70000000,44.00000000,690.80000000,1666660114173,True,True
39831189,15.70000000,149.85000000,2352.64500000,1666660114181,True,True
39831190,15.70000000,48.09000000,755.01300000,1666660114193,True,True
39831191,15.70000000,216.28000000,3395.59600000,1666660114228,True,True
39831192,15.70000000,2.63000000,41.29100000,1666660114275,True,True
39831193,15.70000000,13.67000000,214.61900000,1666660114422,True,True
39831194,15.70000000,23.97000000,376.32900000,1666660114423,True,True
39831195,15.70000000,4.93000000,77.40100000,1666660114608,True,True
39831196,15.70000000,428.70000000,6730.59000000,1666660115009,True,True
39831197,15.70000000,4.93000000,77.40100000,1666660115326,True,True
39831198,15.70000000,1.35000000,21.19500000,1666660116641,True,True
39831199,15.70000000,17.98000000,282.28600000,1666660117424,True,True
39831200,15.70000000,13.48000000,211.63600000,1666660120445,True,True
39831201,15.70000000,10.11000000,158.72700000,1666660123442,True,True
39831202,15.70000000,10.00000000,157.00000000,1666660126561,True,True
39831203,15.70000000,10.00000000,157.00000000,1666660129462,True,True
39831204,15.70000000,10.34000000,162.33800000,1666660132572,True,True
39831205,15.70000000,13.90000000,218.23000000,1666660137164,True,True
39831206,15.71000000,2.00000000,31.42000000,1666660142121,False,True
39831207,15.71000000,16.78000000,263.61380000,1666660142121,False,True
39831208,15.71000000,6.11000000,95.98810000,1666660142121,False,True
39831209,15.71000000,1.00000000,15.71000000,1666660144374,False,True
39831210,15.70000000,10.61000000,166.57700000,1666660164041,True,True
39831211,15.70000000,35.00000000,549.50000000,1666660165719,True,True
39831212,15.70000000,10.00000000,157.00000000,1666660167055,True,True
39831213,15.70000000,40.84000000,641.18800000,1666660167134,True,True
39831214,15.70000000,0.80000000,12.56000000,1666660167539,True,True
39831215,15.70000000,0.80000000,12.56000000,1666660167561,True,True
39831216,15.70000000,34.50000000,541.65000000,1666660167572,True,True
39831217,15.70000000,0.80000000,12.56000000,1666660167587,True,True
39831218,15.70000000,0.80000000,12.56000000,1666660167611,True,True
39831219,15.70000000,0.80000000,12.56000000,1666660167628,True,True
39831220,15.70000000,96.20000000,1510.34000000,1666660167632,True,True
39831221,15.70000000,5.73000000,89.96100000,1666660167632,True,True
39831222,15.70000000,1.63000000,25.59100000,1666660167632,True,True
39831223,15.70000000,3.54000000,55.57800000,1666660167632,True,True
39831224,15.70000000,1.51000000,23.70700000,1666660167632,True,True
39831225,15.70000000,21.97000000,344.92900000,1666660167632,True,True
39831226,15.70000000,0.80000000,12.56000000,1666660167640,True,True
39831227,15.70000000,8.11000000,127.32700000,1666660167642,True,True
39831228,15.70000000,0.80000000,12.56000000,1666660167690,True,True
39831229,15.70000000,0.80000000,12.56000000,1666660167713,True,True
39831230,15.70000000,1.60000000,25.12000000,1666660167727,True,True
39831231,15.70000000,3.10000000,48.67000000,1666660167837,True,True
39831232,15.70000000,1.60000000,25.12000000,1666660167844,True,True
39831233,15.70000000,0.80000000,12.56000000,1666660167863,True,True
39831234,15.70000000,0.80000000,12.56000000,1666660167881,True,True
39831235,15.70000000,1.70000000,26.69000000,1666660168026,True,True
39831236,15.70000000,1.70000000,26.69000000,1666660168030,True,True
39831237,15.70000000,20.00000000,314.00000000,1666660168072,True,True
39831238,15.70000000,19.60000000,307.72000000,1666660168168,True,True
39831239,15.70000000,6.70000000,105.19000000,1666660168174,True,True
39831240,15.70000000,40.23000000,631.61100000,1666660168253,True,True
39831241,15.70000000,6.36000000,99.85200000,1666660168253,True,True
39831242,15.70000000,2.42000000,37.99400000,1666660168253,True,True
39831243,15.70000000,0.64000000,10.04800000,1666660168253,True,True
39831244,15.70000000,14.84000000,232.98800000,1666660168253,True,True
39831245,15.70000000,15.16000000,238.01200000,1666660168625,True,True
39831246,15.70000000,14.00000000,219.80000000,1666660168625,True,True
39831247,15.70000000,41.43000000,650.45100000,1666660168625,True,True
39831248,15.70000000,2.40000000,37.68000000,1666660168625,True,True
39831249,15.70000000,12.10000000,189.97000000,1666660168639,True,True
39831250,15.70000000,3.30000000,51.81000000,1666660168645,True,True
39831251,15.70000000,0.52000000,8.16400000,1666660168661,True,True
39831252,15.70000000,1.58000000,24.80600000,1666660168661,True,True
39831253,15.70000000,9.09000000,142.71300000,1666660168687,True,True
39831254,15.70000000,0.64000000,10.04800000,1666660168687,True,True
39831255,15.70000000,3.30000000,51.81000000,1666660168687,True,True
39831256,15.70000000,3.59000000,56.36300000,1666660168687,True,True
39831257,15.70000000,0.17000000,2.66900000,1666660168716,True,True
39831258,15.69000000,10.00000000,156.90000000,1666660168726,True,True
39831259,15.69000000,0.69000000,10.82610000,1666660168726,True,True
39831260,15.69000000,1.00000000,15.69000000,1666660168726,True,True
39831261,15.69000000,1.28000000,20.08320000,1666660168726,True,True
39831262,15.69000000,0.71000000,11.13990000,1666660168726,True,True
39831263,15.69000000,1.34000000,21.02460000,1666660168726,True,True
39831264,15.69000000,0.95000000,14.90550000,1666660168726,True,True
39831265,15.69000000,1.04000000,16.31760000,1666660168726,True,True
39831266,15.69000000,1.84000000,28.86960000,1666660168726,True,True
39831267,15.69000000,2.54000000,39.85260000,1666660168726,True,True
39831268,15.69000000,8.61000000,135.09090000,1666660168726,True,True
39831269,15.69000000,18.06000000,283.36140000,1666660168726,True,True
39831270,15.69000000,3.00000000,47.07000000,1666660168728,True,True
39831271,15.69000000,8.11000000,127.24590000,1666660168747,True,True
39831272,15.69000000,101.25000000,1588.61250000,1666660168916,True,True
39831273,15.69000000,5.00000000,78.45000000,1666660169237,True,True
39831274,15.69000000,63.00000000,988.47000000,1666660169412,True,True
39831275,15.69000000,10.00000000,156.90000000,1666660170052,True,True
39831276,15.69000000,57.64000000,904.37160000,1666660170207,True,True
39831277,15.69000000,1.09000000,17.10210000,1666660173146,False,True
39831278,15.69000000,1.09000000,17.10210000,1666660173146,False,True
39831279,15.69000000,2.87000000,45.03030000,1666660173146,False,True
39831280,15.70000000,0.65000000,10.20500000,1666660176338,False,True
39831281,15.69000000,3.30000000,51.77700000,1666660183601,True,True
39831282,15.69000000,14.36000000,225.30840000,1666660183714,False,True
39831283,15.69000000,1.09000000,17.10210000,1666660183714,False,True
39831284,15.69000000,6.20000000,97.27800000,1666660183714,False,True
39831285,15.70000000,0.65000000,10.20500000,1666660203624,False,True
39831286,15.70000000,2.20000000,34.54000000,1666660204004,False,True
39831287,15.70000000,11.70000000,183.69000000,1666660204004,False,True
39831288,15.70000000,12.30000000,193.11000000,1666660204004,False,True
39831289,15.70000000,9.39000000,147.42300000,1666660204004,False,True
39831290,15.70000000,2.91000000,45.68700000,1666660204394,False,True
39831291,15.70000000,1.09000000,17.11300000,1666660204394,False,True
39831292,15.70000000,1.09000000,17.11300000,1666660204394,False,True
39831293,15.70000000,0.93000000,14.60100000,1666660204394,False,True
39831294,15.70000000,6.20000000,97.34000000,1666660204394,False,True
39831295,15.70000000,2.80000000,43.96000000,1666660204394,False,True
39831296,15.70000000,6.42000000,100.79400000,1666660204550,True,True
39831297,15.70000000,25.22000000,395.95400000,1666660204550,True,True
39831298,15.70000000,1.21000000,18.99700000,1666660281229,True,True
39831299,15.71000000,0.64000000,10.05440000,1666660296366,False,True
39831300,15.71000000,3.30000000,51.84300000,1666660296366,False,True
39831301,15.71000000,2.91000000,45.71610000,1666660296366,False,True
39831302,15.71000000,1.09000000,17.12390000,1666660296366,False,True
39831303,15.71000000,1.09000000,17.12390000,1666660296366,False,True
39831304,15.71000000,6.20000000,97.40200000,1666660296366,False,True
39831305,15.71000000,3.76000000,59.06960000,1666660296366,False,True
39831306,15.71000000,35.59000000,559.11890000,1666660310145,True,True
39831307,15.71000000,1.66000000,26.07860000,1666660310190,True,True
39831308,15.71000000,3.74000000,58.75540000,1666660310190,True,True
39831309,15.71000000,7.00000000,109.97000000,1666660326159,False,True
39831310,15.71000000,25.22000000,396.20620000,1666660366709,False,True
39831311,15.71000000,6.20000000,97.40200000,1666660366709,False,True
39831312,15.71000000,37.24000000,585.04040000,1666660366709,False,True
39831313,15.71000000,1.73000000,27.17830000,1666660371242,True,True
39831314,15.71000000,37.24000000,585.04040000,1666660371328,True,True
39831315,15.71000000,78.80000000,1237.94800000,1666660371328,True,True
39831316,15.71000000,39.86000000,626.20060000,1666660371328,True,True
39831317,15.71000000,34.00000000,534.14000000,1666660371344,True,True
39831318,15.71000000,21.35000000,335.40850000,1666660381530,True,True
39831319,15.71000000,57.49000000,903.16790000,1666660381530,True,True
39831320,15.71000000,19.65000000,308.70150000,1666660386362,True,True
39831321,15.71000000,1.89000000,29.69190000,1666660386866,True,True
39831322,15.71000000,1.89000000,29.69190000,1666660386866,True,True
39831323,15.71000000,1.89000000,29.69190000,1666660386866,True,True
39831324,15.71000000,1.89000000,29.69190000,1666660386867,True,True
39831325,15.71000000,1.89000000,29.69190000,1666660386869,True,True
39831326,15.71000000,1.89000000,29.69190000,1666660386869,True,True
39831327,15.70000000,0.64000000,10.04800000,1666660410155,True,True
39831328,15.70000000,37.24000000,584.66800000,1666660422946,False,True
39831329,15.70000000,44.49000000,698.49300000,1666660422946,False,True
39831330,15.70000000,2.98000000,46.78600000,1666660422946,False,True
39831331,15.70000000,6.20000000,97.34000000,1666660422946,False,True
39831332,15.70000000,12.30000000,193.11000000,1666660422946,False,True
39831333,15.70000000,12.30000000,193.11000000,1666660422946,False,True
39831334,15.71000000,5.22000000,82.00620000,1666660428415,False,True
39831335,15.71000000,0.64000000,10.05440000,1666660456268,False,True
39831336,15.71000000,3.03000000,47.60130000,1666660456268,False,True
39831337,15.71000000,5.23000000,82.16330000,1666660456268,False,True
39831338,15.71000000,5.37000000,84.36270000,1666660456349,True,True
39831339,15.71000000,5.10000000,80.12100000,1666660462853,True,True
39831340,15.71000000,5.21000000,81.84910000,1666660478377,True,True
39831341,15.71000000,1.22000000,19.16620000,1666660478574,True,True
39831342,15.71000000,1.63000000,25.60730000,1666660478647,True,True
39831343,15.71000000,2.82000000,44.30220000,1666660479216,True,True
39831344,15.71000000,2.94000000,46.18740000,1666660479267,True,True
39831345,15.71000000,2.84000000,44.61640000,1666660479324,True,True
39831346,15.71000000,2.91000000,45.71610000,1666660479378,True,True
39831347,15.71000000,3.07000000,48.22970000,1666660479897,True,True
39831348,15.71000000,2.95000000,46.34450000,1666660479951,True,True
39831349,15.71000000,3.03000000,47.60130000,1666660480004,True,True
39831350,15.71000000,3.05000000,47.91550000,1666660480071,True,True
39831351,15.71000000,2.86000000,44.93060000,1666660480136,True,True
39831352,15.71000000,2.88000000,45.24480000,1666660480196,True,True
39831353,15.71000000,2.58000000,40.53180000,1666660480259,True,True
39831354,15.71000000,2.58000000,40.53180000,1666660482961,True,True
39831355,15.71000000,2.34000000,36.76140000,1666660483035,True,True
39831356,15.71000000,2.10000000,32.99100000,1666660483103,True,True
39831357,15.71000000,1.88000000,29.53480000,1666660483173,True,True
39831358,15.71000000,1.10000000,17.28100000,1666660514039,False,True
39831359,15.70000000,0.64000000,10.04800000,1666660517429,True,True
39831360,15.69000000,37.25000000,584.45250000,1666660518945,True,True
39831361,15.69000000,12.41000000,194.71290000,1666660518945,True,True
39831362,15.69000000,1.98000000,31.06620000,1666660518945,True,True
39831363,15.69000000,1.24000000,19.45560000,1666660519694,True,True
39831364,15.69000000,0.08000000,1.25520000,1666660519696,True,True
39831365,15.69000000,1.16000000,18.20040000,1666660519696,True,True
39831366,15.69000000,2.60000000,40.79400000,1666660519701,True,True
39831367,15.68000000,10.63000000,166.67840000,1666660522364,True,True
39831368,15.68000000,1.26000000,19.75680000,1666660522364,True,True
39831369,15.68000000,6.31000000,98.94080000,1666660522504,True,True
39831370,15.68000000,8.11000000,127.16480000,1666660522513,True,True
39831371,15.68000000,3.69000000,57.85920000,1666660522537,True,True
39831372,15.68000000,48.04000000,753.26720000,1666660522537,True,True
39831373,15.68000000,24.04000000,376.94720000,1666660522555,True,True
39831374,15.68000000,44.98000000,705.28640000,1666660522836,True,True
39831375,15.68000000,74.26000000,1164.39680000,1666660522876,True,True
39831376,15.68000000,1.29000000,20.22720000,1666660522876,True,True
39831377,15.68000000,1.53000000,23.99040000,1666660522876,True,True
39831378,15.68000000,0.97000000,15.20960000,1666660522876,True,True
39831379,15.68000000,0.72000000,11.28960000,1666660522876,True,True
39831380,15.68000000,0.69000000,10.81920000,1666660522876,True,True
39831381,15.68000000,14.54000000,227.98720000,1666660522876,True,True
39831382,15.68000000,5.46000000,85.61280000,1666660522877,True,True
39831383,15.68000000,8.40000000,131.71200000,1666660522877,True,True
39831384,15.68000000,3.30000000,51.74400000,1666660522877,True,True
39831385,15.68000000,3.76000000,58.95680000,1666660522877,True,True
39831386,15.68000000,8.40000000,131.71200000,1666660522877,True,True
39831387,15.68000000,8.40000000,131.71200000,1666660522877,True,True
39831388,15.68000000,8.40000000,131.71200000,1666660522877,True,True
39831389,15.68000000,8.40000000,131.71200000,1666660522877,True,True
39831390,15.68000000,8.40000000,131.71200000,1666660522877,True,True
39831391,15.68000000,7.02000000,110.07360000,1666660522877,True,True
39831392,15.68000000,1.38000000,21.63840000,1666660522886,True,True
39831393,15.68000000,8.40000000,131.71200000,1666660522886,True,True
39831394,15.68000000,8.40000000,131.71200000,1666660522886,True,True
39831395,15.68000000,8.39000000,131.55520000,1666660522886,True,True
39831396,15.67000000,44.19000000,692.45730000,1666660522945,True,True
39831397,15.67000000,0.70000000,10.96900000,1666660522945,True,True
39831398,15.67000000,1.00000000,15.67000000,1666660522945,True,True
39831399,15.67000000,1.27000000,19.90090000,1666660522945,True,True
39831400,15.67000000,1.94000000,30.39980000,1666660522945,True,True
39831401,15.67000000,2.53000000,39.64510000,1666660522945,True,True
39831402,15.67000000,1.99000000,31.18330000,1666660522945,True,True
39831403,15.67000000,3.72000000,58.29240000,1666660522945,True,True
39831404,15.67000000,7.35000000,115.17450000,1666660522945,True,True
39831405,15.67000000,492.65000000,7719.82550000,1666660522945,True,True
39831406,15.67000000,8.11000000,127.08370000,1666660522959,True,True
39831407,15.67000000,60.60000000,949.60200000,1666660523553,True,True
39831408,15.67000000,74.26000000,1163.65420000,1666660523553,True,True
39831409,15.67000000,44.22000000,692.92740000,1666660523558,True,True
39831410,15.67000000,4.15000000,65.03050000,1666660523568,True,True
39831411,15.67000000,1.05000000,16.45350000,1666660523798,True,True
39831412,15.67000000,31.63000000,495.64210000,1666660524091,True,True
39831413,15.67000000,0.94000000,14.72980000,1666660524091,True,True
39831414,15.67000000,17.39000000,272.50130000,1666660524105,True,True
39831415,15.67000000,0.64000000,10.02880000,1666660524105,True,True
39831416,15.67000000,0.94000000,14.72980000,1666660524105,True,True
39831417,15.67000000,14.06000000,220.32020000,1666660524105,True,True
39831418,15.67000000,36.01000000,564.27670000,1666660525195,False,True
39831419,15.67000000,6.12000000,95.90040000,1666660525448,False,True
39831420,15.67000000,33.55000000,525.72850000,1666660525979,False,True
39831421,15.67000000,1.71000000,26.79570000,1666660525992,False,True
39831422,15.67000000,32.21000000,504.73070000,1666660525992,False,True
39831423,15.67000000,10.96000000,171.74320000,1666660526081,False,True
39831424,15.67000000,1.67000000,26.16890000,1666660526083,False,True
39831425,15.67000000,12.40000000,194.30800000,1666660526083,False,True
39831426,15.67000000,26.00000000,407.42000000,1666660526083,False,True
39831427,15.67000000,11.07000000,173.46690000,1666660526083,False,True
39831428,15.68000000,6.20000000,97.21600000,1666660528085,False,True
39831429,15.68000000,3.21000000,50.33280000,1666660529961,False,True
39831430,15.68000000,0.64000000,10.03520000,1666660529961,False,True
39831431,15.68000000,1.09000000,17.09120000,1666660529961,False,True
39831432,15.68000000,37.25000000,584.08000000,1666660531296,False,True
39831433,15.68000000,20.41000000,320.02880000,1666660531296,False,True
39831434,15.69000000,3.76000000,58.99440000,1666660535222,False,True
39831435,15.69000000,3.30000000,51.77700000,1666660535222,False,True
39831436,15.69000000,12.63000000,198.16470000,1666660535222,False,True
39831437,15.69000000,2.87000000,45.03030000,1666660535222,False,True
