39649355,16.19000000,1.35000000,21.85650000,1666051202174,False,True
39649356,16.19000000,3.09000000,50.02710000,1666051205334,False,True
39649357,16.19000000,1.80000000,29.14200000,1666051205586,False,True
39649358,16.18000000,3.03000000,49.02540000,1666051207060,True,True
39649359,16.19000000,33.90000000,548.84100000,1666051215009,False,True
39649360,16.19000000,3.26000000,52.77940000,1666051215078,False,True
39649361,16.19000000,26.00000000,420.94000000,1666051215078,False,True
39649362,16.19000000,1.11000000,17.97090000,1666051215078,False,True
39649363,16.19000000,8.58000000,138.91020000,1666051215102,True,True
39649364,16.19000000,7.44000000,120.45360000,1666051215311,True,True
39649365,16.19000000,19.02000000,307.93380000,1666051215447,True,True
39649366,16.19000000,6.64000000,107.50160000,1666051215447,True,True
39649367,16.20000000,13.48000000,218.37600000,1666051217716,False,True
39649368,16.20000000,1.00000000,16.20000000,1666051217716,False,True
39649369,16.20000000,2.40000000,38.88000000,1666051217716,False,True
39649370,16.20000000,1.09000000,17.65800000,1666051217716,False,True
39649371,16.20000000,3.08000000,49.89600000,1666051217716,False,True
39649372,16.20000000,3.30000000,53.46000000,1666051217716,False,True
39649373,16.20000000,1.46000000,23.65200000,1666051217716,False,True
39649374,16.20000000,3.34000000,54.10800000,1666051217716,False,True
39649375,16.20000000,4.10000000,66.42000000,1666051217716,False,True
39649376,16.20000000,49.78000000,806.43600000,1666051217727,False,True
39649377,16.20000000,3.22000000,52.16400000,1666051217746,False,True
39649378,16.20000000,8.96000000,145.15200000,1666051218113,True,True
39649379,16.20000000,6.42000000,104.00400000,1666051218827,True,True
39649380,16.20000000,4.08000000,66.09600000,1666051218827,True,True
39649381,16.20000000,12.34000000,199.90800000,1666051231858,True,True
39649382,16.20000000,31.43000000,509.16600000,1666051232023,True,True
39649383,16.20000000,12.94000000,209.62800000,1666051232105,True,True
39649384,16.21000000,1.00000000,16.21000000,1666051235262,False,True
39649385,16.21000000,7.07000000,114.60470000,1666051235262,False,True
39649386,16.21000000,58.72000000,951.85120000,1666051235274,False,True
39649387,16.21000000,56.50000000,915.86500000,1666051235275,False,True
39649388,16.21000000,63.41000000,1027.87610000,1666051235878,False,True
39649389,16.21000000,2.22000000,35.98620000,1666051235889,False,True
39649390,16.21000000,5.92000000,95.96320000,1666051236864,False,True
39649391,16.21000000,8.96000000,145.24160000,1666051236866,False,True
39649392,16.21000000,2.45000000,39.71450000,1666051237046,False,True
39649393,16.21000000,0.81000000,13.13010000,1666051237544,False,True
39649394,16.21000000,5.80000000,94.01800000,1666051238966,False,True
39649395,16.21000000,0.87000000,14.10270000,1666051239463,False,True
39649396,16.21000000,140.69000000,2280.58490000,1666051239636,False,True
39649397,16.21000000,35.29000000,572.05090000,1666051239643,False,True
39649398,16.21000000,5.11000000,82.83310000,1666051239644,False,True
39649399,16.21000000,5.29000000,85.75090000,1666051239647,False,True
39649400,16.21000000,6.97000000,112.98370000,1666051239648,False,True
39649401,16.21000000,199.18000000,3228.70780000,1666051239653,False,True
39649402,16.21000000,5.07000000,82.18470000,1666051239657,False,True
39649403,16.21000000,6.00000000,97.26000000,1666051239660,False,True
39649404,16.21000000,1.09000000,17.66890000,1666051239660,False,True
39649405,16.21000000,1.00000000,16.21000000,1666051239660,False,True
39649406,16.21000000,3.30000000,53.49300000,1666051239660,False,True
39649407,16.21000000,1.46000000,23.66660000,1666051239660,False,True
39649408,16.22000000,0.99000000,16.05780000,1666051242650,False,True
39649409,16.22000000,2.94000000,47.68680000,1666051242650,False,True
39649410,16.22000000,1.09000000,17.67980000,1666051242650,False,True
39649411,16.22000000,3.08000000,49.95760000,1666051242650,False,True
39649412,16.22000000,3.30000000,53.52600000,1666051242650,False,True
39649413,16.22000000,7.65000000,124.08300000,1666051242709,True,True
39649414,16.23000000,0.98000000,15.90540000,1666051255840,False,True
39649415,16.23000000,1.09000000,17.69070000,1666051255840,False,True
39649416,16.23000000,4.08000000,66.21840000,1666051255840,False,True
39649417,16.23000000,1.85000000,30.02550000,1666051255840,False,True
39649418,16.23000000,1.46000000,23.69580000,1666051255840,False,True
39649419,16.23000000,9.11000000,147.85530000,1666051255840,False,True
39649420,16.23000000,2.36000000,38.30280000,1666051258652,True,True
39649421,16.23000000,2.36000000,38.30280000,1666051259396,True,True
39649422,16.23000000,40.67000000,660.07410000,1666051259699,True,True
39649423,16.22000000,1.45000000,23.51900000,1666051259735,True,True
39649424,16.22000000,1.16000000,18.81520000,1666051260143,True,True
39649425,16.22000000,23.44000000,380.19680000,1666051270522,True,True
39649426,16.22000000,10.90000000,176.79800000,1666051270522,True,True
39649427,16.22000000,0.98000000,15.89560000,1666051270522,True,True
39649428,16.22000000,10.90000000,176.79800000,1666051270522,True,True
39649429,16.22000000,21.76000000,352.94720000,1666051270522,True,True
39649430,16.22000000,10.90000000,176.79800000,1666051270522,True,True
39649431,16.22000000,14.81000000,240.21820000,1666051272878,False,True
39649432,16.22000000,12.33000000,199.99260000,1666051272878,False,True
39649433,16.22000000,23.43000000,380.03460000,1666051272878,False,True
39649434,16.22000000,6.30000000,102.18600000,1666051272878,False,True
39649435,16.23000000,27.99000000,454.27770000,1666051272890,False,True
39649436,16.23000000,1.11000000,18.01530000,1666051272890,False,True
39649437,16.23000000,1.11000000,18.01530000,1666051272890,False,True
39649438,16.23000000,86.03000000,1396.26690000,1666051272890,False,True
39649439,16.23000000,26.00000000,421.98000000,1666051272890,False,True
39649440,16.23000000,2.61000000,42.36030000,1666051272890,False,True
39649441,16.23000000,4.84000000,78.55320000,1666051272897,False,True
39649442,16.23000000,0.98000000,15.90540000,1666051272897,False,True
39649443,16.23000000,55.08000000,893.94840000,1666051272897,False,True
39649444,16.23000000,53.87000000,874.31010000,1666051272897,False,True
39649445,16.23000000,84.00000000,1363.32000000,1666051272897,False,True
39649446,16.23000000,2.11000000,34.24530000,1666051272911,True,True
39649447,16.23000000,8.81000000,142.98630000,1666051273163,True,True
39649448,16.23000000,1.20000000,19.47600000,1666051275104,True,True
39649449,16.23000000,1.20000000,19.47600000,1666051275463,True,True
39649450,16.23000000,10.92000000,177.23160000,1666051277644,True,True
39649451,16.23000000,5.64000000,91.53720000,1666051288543,True,True
39649452,16.24000000,0.68000000,11.04320000,1666051293165,False,True
39649453,16.24000000,1.32000000,21.43680000,1666051293165,False,True
39649454,16.23000000,53.97000000,875.93310000,1666051297599,True,True
39649455,16.23000000,16.03000000,260.16690000,1666051297599,True,True
39649456,16.24000000,1.61000000,26.14640000,1666051302256,False,True
39649457,16.24000000,1.09000000,17.70160000,1666051302256,False,True
39649458,16.24000000,1.35000000,21.92400000,1666051302256,False,True
39649459,16.24000000,3.08000000,50.01920000,1666051302256,False,True
39649460,16.24000000,8.89000000,144.37360000,1666051302256,False,True
39649461,16.24000000,1.46000000,23.71040000,1666051302256,False,True
39649462,16.24000000,7.69000000,124.88560000,1666051302283,True,True
39649463,16.24000000,2.05000000,33.29200000,1666051302311,True,True
39649464,16.24000000,1.43000000,23.22320000,1666051302414,True,True
39649465,16.24000000,0.02000000,0.32480000,1666051302414,True,True
39649466,16.24000000,12.75000000,207.06000000,1666051302519,True,True
39649467,16.24000000,7.65000000,124.23600000,1666051302615,True,True
39649468,16.25000000,0.98000000,15.92500000,1666051308385,False,True
39649469,16.25000000,1.09000000,17.71250000,1666051308385,False,True
39649470,16.25000000,0.68000000,11.05000000,1666051308385,False,True
39649471,16.25000000,4.07000000,66.13750000,1666051308385,False,True
39649472,16.25000000,3.08000000,50.05000000,1666051308385,False,True
39649473,16.25000000,1.00000000,16.25000000,1666051308385,False,True
39649474,16.25000000,3.13000000,50.86250000,1666051308385,False,True
39649475,16.25000000,1.46000000,23.72500000,1666051308385,False,True
39649476,16.25000000,3.07000000,49.88750000,1666051308385,False,True
39649477,16.25000000,18.55000000,301.43750000,1666051308386,False,True
39649478,16.25000000,38.55000000,626.43750000,1666051308410,False,True
39649479,16.25000000,3.35000000,54.43750000,1666051308422,False,True
39649480,16.25000000,7.29000000,118.46250000,1666051308442,True,True
39649481,16.25000000,8.77000000,142.51250000,1666051311529,True,True
39649482,16.25000000,43.50000000,706.87500000,1666051319957,True,True
39649483,16.25000000,6.45000000,104.81250000,1666051319957,True,True
39649484,16.25000000,2.45000000,39.81250000,1666051320631,True,True
39649485,16.25000000,114.83000000,1865.98750000,1666051320631,True,True
39649486,16.25000000,33.63000000,546.48750000,1666051320631,True,True
39649487,16.25000000,12.06000000,195.97500000,1666051320642,True,True
39649488,16.25000000,30.58000000,496.92500000,1666051320642,True,True
39649489,16.25000000,13.44000000,218.40000000,1666051320642,True,True
39649490,16.25000000,24.47000000,397.63750000,1666051320647,True,True
39649491,16.25000000,13.81000000,224.41250000,1666051320647,True,True
39649492,16.25000000,18.03000000,292.98750000,1666051320647,True,True
39649493,16.25000000,15.59000000,253.33750000,1666051320670,True,True
39649494,16.25000000,38.15000000,619.93750000,1666051320670,True,True
39649495,16.24000000,6.06000000,98.41440000,1666051333088,True,True
39649496,16.24000000,45.87000000,744.92880000,1666051333088,True,True
39649497,16.24000000,80.35000000,1304.88400000,1666051333088,True,True
39649498,16.24000000,3.12000000,50.66880000,1666051333088,True,True
39649499,16.24000000,2.33000000,37.83920000,1666051333088,True,True
39649500,16.24000000,40.22000000,653.17280000,1666051346403,True,True
39649501,16.24000000,19.33000000,313.91920000,1666051346406,True,True
39649502,16.23000000,8.89000000,144.28470000,1666051346406,True,True
39649503,16.23000000,21.50000000,348.94500000,1666051346406,True,True
39649504,16.24000000,30.90000000,501.81600000,1666051376536,False,True
39649505,16.24000000,21.78000000,353.70720000,1666051386969,False,True
39649506,16.24000000,2.85000000,46.28400000,1666051386969,False,True
39649507,16.23000000,0.98000000,15.90540000,1666051404473,True,True
39649508,16.23000000,2.27000000,36.84210000,1666051404473,True,True
39649509,16.23000000,1.46000000,23.69580000,1666051406615,True,True
39649510,16.23000000,12.32000000,199.95360000,1666051406615,True,True
39649511,16.23000000,12.32000000,199.95360000,1666051406615,True,True
39649512,16.23000000,12.32000000,199.95360000,1666051406615,True,True
39649513,16.23000000,10.89000000,176.74470000,1666051406615,True,True
39649514,16.23000000,20.82000000,337.90860000,1666051406615,True,True
39649515,16.22000000,0.98000000,15.89560000,1666051407564,True,True
39649516,16.22000000,10.80000000,175.17600000,1666051407564,True,True
39649517,16.22000000,33.21000000,538.66620000,1666051407564,True,True
39649518,16.22000000,2.41000000,39.09020000,1666051407638,True,True
39649519,16.22000000,19.39000000,314.50580000,1666051407806,True,True
39649520,16.22000000,20.00000000,324.40000000,1666051407932,True,True
39649521,16.22000000,60.00000000,973.20000000,1666051407940,True,True
39649522,16.22000000,20.00000000,324.40000000,1666051407942,True,True
39649523,16.22000000,2.62000000,42.49640000,1666051407942,True,True
39649524,16.22000000,53.04000000,860.30880000,1666051407951,True,True
39649525,16.22000000,160.00000000,2595.20000000,1666051408008,True,True
39649526,16.22000000,20.00000000,324.40000000,1666051408010,True,True
39649527,16.22000000,40.00000000,648.80000000,1666051408014,True,True
39649528,16.22000000,79.74000000,1293.38280000,1666051408022,True,True
39649529,16.22000000,2.64000000,42.82080000,1666051408036,True,True
39649530,16.22000000,20.00000000,324.40000000,1666051408051,True,True
39649531,16.22000000,82.85000000,1343.82700000,1666051408184,True,True
39649532,16.22000000,6.00000000,97.32000000,1666051408184,True,True
39649533,16.22000000,4.80000000,77.85600000,1666051408184,True,True
39649534,16.22000000,3.30000000,53.52600000,1666051408184,True,True
39649535,16.22000000,1.67000000,27.08740000,1666051408184,True,True
39649536,16.22000000,1.85000000,30.00700000,1666051411572,True,True
39649537,16.22000000,2.36000000,38.27920000,1666051411628,True,True
39649538,16.22000000,2.36000000,38.27920000,1666051412326,True,True
39649539,16.21000000,1.09000000,17.66890000,1666051422519,True,True
39649540,16.21000000,3.28000000,53.16880000,1666051422519,True,True
39649541,16.21000000,2.36000000,38.25560000,1666051423332,False,True
39649542,16.21000000,33.28000000,539.46880000,1666051437738,False,True
39649543,16.21000000,22.03000000,357.10630000,1666051437748,False,True
39649544,16.21000000,11.33000000,183.65930000,1666051437748,False,True
39649545,16.21000000,6.34000000,102.77140000,1666051437751,False,True
39649546,16.21000000,6.49000000,105.20290000,1666051437755,False,True
39649547,16.21000000,58.72000000,951.85120000,1666051437764,False,True
39649548,16.21000000,1.13000000,18.31730000,1666051437796,False,True
39649549,16.22000000,2.36000000,38.27920000,1666051441210,True,True
39649550,16.23000000,10.90000000,176.90700000,1666051441566,False,True
39649551,16.23000000,0.98000000,15.90540000,1666051441566,False,True
39649552,16.23000000,47.81000000,775.95630000,1666051441566,False,True
39649553,16.23000000,1.00000000,16.23000000,1666051441566,False,True
39649554,16.23000000,23.31000000,378.32130000,1666051441566,False,True
39649555,16.23000000,7.63000000,123.83490000,1666051441602,True,True
39649556,16.23000000,5.29000000,85.85670000,1666051441643,True,True
39649557,16.23000000,2.01000000,32.62230000,1666051441709,True,True
39649558,16.23000000,20.00000000,324.60000000,1666051443049,True,True
39649559,16.23000000,20.00000000,324.60000000,1666051443052,True,True
39649560,16.23000000,2.70000000,43.82100000,1666051443059,True,True
39649561,16.23000000,40.54000000,657.96420000,1666051443059,True,True
39649562,16.23000000,12.91000000,209.52930000,1666051443059,True,True
39649563,16.23000000,3.85000000,62.48550000,1666051443059,True,True
39649564,16.23000000,55.55000000,901.57650000,1666051443066,True,True
39649565,16.23000000,4.95000000,80.33850000,1666051443070,True,True
39649566,16.22000000,71.88000000,1165.89360000,1666051463715,True,True
39649567,16.22000000,12.12000000,196.58640000,1666051463717,True,True
39649568,16.22000000,0.98000000,15.89560000,1666051463717,True,True
39649569,16.22000000,6.20000000,100.56400000,1666051463717,True,True
39649570,16.21000000,59.63000000,966.60230000,1666051463727,True,True
39649571,16.21000000,20.00000000,324.20000000,1666051463727,True,True
39649572,16.21000000,10.80000000,175.06800000,1666051463727,True,True
39649573,16.21000000,10.90000000,176.68900000,1666051463732,True,True
39649574,16.21000000,1.11000000,17.99310000,1666051463732,True,True
39649575,16.21000000,27.84000000,451.28640000,1666051463797,True,True
39649576,16.21000000,20.32000000,329.38720000,1666051463797,True,True
39649577,16.22000000,12.45000000,201.93900000,1666051468467,False,True
39649578,16.20000000,0.99000000,16.03800000,1666051484229,True,True
39649579,16.20000000,2.93000000,47.46600000,1666051484229,True,True
39649580,16.20000000,1.09000000,17.65800000,1666051484229,True,True
39649581,16.20000000,0.68000000,11.01600000,1666051484229,True,True
39649582,16.20000000,4.07000000,65.93400000,1666051484229,True,True
39649583,16.20000000,0.97000000,15.71400000,1666051484229,True,True
39649584,16.20000000,3.30000000,53.46000000,1666051484229,True,True
39649585,16.20000000,1.67000000,27.05400000,1666051484229,True,True
39649586,16.20000000,1.46000000,23.65200000,1666051484229,True,True
39649587,16.20000000,10.04000000,162.64800000,1666051492751,False,True
39649588,16.21000000,1.44000000,23.34240000,1666051504425,True,True
39649589,16.21000000,10.50000000,170.20500000,1666051504662,True,True
39649590,16.20000000,3.25000000,52.65000000,1666051537513,False,True
39649591,16.20000000,32.89000000,532.81800000,1666051547572,False,True
39649592,16.20000000,20.46000000,331.45200000,1666051547578,False,True
39649593,16.20000000,6.20000000,100.44000000,1666051547578,False,True
39649594,16.20000000,31.84000000,515.80800000,1666051547578,False,True
39649595,16.21000000,21.79000000,353.21590000,1666051581951,False,True
39649596,16.21000000,6.20000000,100.50200000,1666051581951,False,True
39649597,16.21000000,2.36000000,38.25560000,1666051582237,True,True
39649598,16.22000000,9.98000000,161.87560000,1666051584116,False,True
39649599,16.21000000,2.36000000,38.25560000,1666051600956,True,True
39649600,16.22000000,15.81000000,256.43820000,1666051603045,False,True
39649601,16.22000000,1.06000000,17.19320000,1666051603868,False,True
39649602,16.20000000,0.71000000,11.50200000,1666051662957,True,True
39649603,16.20000000,27.99000000,453.43800000,1666051684198,True,True
39649604,16.20000000,9.54000000,154.54800000,1666051684198,True,True
39649605,16.20000000,21.78000000,352.83600000,1666051684198,True,True
39649606,16.20000000,10.90000000,176.58000000,1666051684198,True,True
39649607,16.20000000,15.40000000,249.48000000,1666051684198,True,True
39649608,16.20000000,6.15000000,99.63000000,1666051684198,True,True
39649609,16.20000000,0.05000000,0.81000000,1666051684211,True,True
39649610,16.20000000,12.34000000,199.90800000,1666051686790,False,True
39649611,16.20000000,18.73000000,303.42600000,1666051686790,False,True
39649612,16.20000000,11.40000000,184.68000000,1666051686790,False,True
39649613,16.20000000,0.67000000,10.85400000,1666051715547,True,True
39649614,16.20000000,6.58000000,106.59600000,1666051727123,True,True
39649615,16.21000000,30.72000000,497.97120000,1666051758158,False,True
39649616,16.21000000,1.00000000,16.21000000,1666051758158,False,True
39649617,16.21000000,14.68000000,237.96280000,1666051758158,False,True
39649618,16.21000000,10.50000000,170.20500000,1666051758331,True,True
39649619,16.21000000,12.33000000,199.86930000,1666051774120,True,True
39649620,16.21000000,12.33000000,199.86930000,1666051776827,True,True
39649621,16.22000000,0.99000000,16.05780000,1666051797018,False,True
39649622,16.22000000,1.00000000,16.22000000,1666051797018,False,True
39649623,16.23000000,10.90000000,176.90700000,1666051801706,False,True
39649624,16.23000000,10.89000000,176.74470000,1666051801706,False,True
39649625,16.23000000,0.98000000,15.90540000,1666051801706,False,True
39649626,16.23000000,1.66000000,26.94180000,1666051801706,False,True
39649627,16.23000000,1.46000000,23.69580000,1666051801706,False,True
39649628,16.23000000,7.05000000,114.42150000,1666051801706,False,True
39649629,16.23000000,18.24000000,296.03520000,1666051801876,False,True
39649630,16.24000000,1.09000000,17.70160000,1666051806604,False,True
39649631,16.24000000,2.93000000,47.58320000,1666051806604,False,True
39649632,16.24000000,3.08000000,50.01920000,1666051806604,False,True
39649633,16.24000000,1.07000000,17.37680000,1666051806604,False,True
39649634,16.24000000,1.00000000,16.24000000,1666051806604,False,True
39649635,16.24000000,3.91000000,63.49840000,1666051806604,False,True
39649636,16.24000000,3.08000000,50.01920000,1666051806630,False,True
39649637,16.24000000,1.46000000,23.71040000,1666051806630,False,True
39649638,16.24000000,8.62000000,139.98880000,1666051806931,True,True
39649639,16.24000000,32.89000000,534.13360000,1666051807955,True,True
39649640,16.24000000,32.94000000,534.94560000,1666051807956,True,True
39649641,16.24000000,58.72000000,953.61280000,1666051807965,True,True
39649642,16.24000000,8.56000000,139.01440000,1666051807972,True,True
39649643,16.24000000,8.56000000,139.01440000,1666051807972,True,True
39649644,16.24000000,1.36000000,22.08640000,1666051807972,True,True
39649645,16.24000000,4.84000000,78.60160000,1666051808033,True,True
39649646,16.23000000,0.70000000,11.36100000,1666051819319,True,True
39649647,16.23000000,15.82000000,256.75860000,1666051849645,False,True
39649648,16.23000000,15.38000000,249.61740000,1666051881840,False,True
39649649,16.23000000,15.38000000,249.61740000,1666051887865,True,True
39649650,16.22000000,2.36000000,38.27920000,1666051887976,True,True
39649651,16.23000000,9.62000000,156.13260000,1666051920012,True,True
39649652,16.23000000,12.55000000,203.68650000,1666051920077,True,True
39649653,16.23000000,35.55000000,576.97650000,1666051920077,True,True
39649654,16.23000000,24.11000000,391.30530000,1666051920077,True,True
39649655,16.23000000,7.64000000,123.99720000,1666051922733,True,True
39649656,16.23000000,16.05000000,260.49150000,1666051923292,True,True
39649657,16.22000000,0.98000000,15.89560000,1666051956425,True,True
39649658,16.22000000,3.30000000,53.52600000,1666051956425,True,True
39649659,16.22000000,1.67000000,27.08740000,1666051956425,True,True
39649660,16.22000000,17.94000000,290.98680000,1666051956425,True,True
39649661,16.22000000,10.90000000,176.79800000,1666051956425,True,True
39649662,16.22000000,1.91000000,30.98020000,1666051956446,False,True
39649663,16.22000000,6.65000000,107.86300000,1666051957575,False,True
39649664,16.22000000,8.56000000,138.84320000,1666051957575,False,True
39649665,16.22000000,17.06000000,276.71320000,1666051957575,False,True
39649666,16.21000000,12.11000000,196.30310000,1666052002769,True,True
39649667,16.21000000,5.33000000,86.39930000,1666052002769,True,True
39649668,16.21000000,3.40000000,55.11400000,1666052002775,True,True
39649669,16.21000000,6.00000000,97.26000000,1666052002775,True,True
39649670,16.21000000,6.42000000,104.06820000,1666052002775,True,True
39649671,16.21000000,1.46000000,23.66660000,1666052002779,True,True
39649672,16.21000000,3.30000000,53.49300000,1666052002779,True,True
39649673,16.21000000,1.67000000,27.07070000,1666052002779,True,True
39649674,16.21000000,12.33000000,199.86930000,1666052004077,False,True
39649675,16.21000000,21.76000000,352.72960000,1666052004077,False,True
39649676,16.21000000,10.50000000,170.20500000,1666052004156,True,True
39649677,16.22000000,57.58000000,933.94760000,1666052040041,False,True
39649678,16.22000000,15.17000000,246.05740000,1666052040041,False,True
39649679,16.22000000,64.50000000,1046.19000000,1666052040052,False,True
39649680,16.21000000,35.56000000,576.42760000,1666052104365,False,True
39649681,16.21000000,6.20000000,100.50200000,1666052107258,False,True
39649682,16.21000000,11.70000000,189.65700000,1666052107258,False,True
39649683,16.21000000,12.30000000,199.38300000,1666052107258,False,True
39649684,16.21000000,12.30000000,199.38300000,1666052107258,False,True
39649685,16.21000000,10.00000000,162.10000000,1666052147578,False,True
39649686,16.21000000,20.00000000,324.20000000,1666052216977,False,True
39649687,16.21000000,29.58000000,479.49180000,1666052235128,False,True
39649688,16.21000000,4.25000000,68.89250000,1666052235128,False,True
39649689,16.21000000,33.99000000,550.97790000,1666052235129,False,True
39649690,16.21000000,0.12000000,1.94520000,1666052235129,False,True
39649691,16.21000000,19.36000000,313.82560000,1666052235145,False,True
39649692,16.21000000,13.61000000,220.61810000,1666052235145,False,True
39649693,16.21000000,8.20000000,132.92200000,1666052235163,False,True
39649694,16.21000000,5.00000000,81.05000000,1666052235163,False,True
39649695,16.21000000,6.24000000,101.15040000,1666052235167,False,True
39649696,16.21000000,38.24000000,619.87040000,1666052241131,True,True
39649697,16.21000000,8.80000000,142.64800000,1666052241131,True,True
39649698,16.21000000,2.11000000,34.20310000,1666052241140,True,True
39649699,16.21000000,35.36000000,573.18560000,1666052241140,True,True
39649700,16.21000000,2.86000000,46.36060000,1666052241140,True,True
39649701,16.21000000,5.00000000,81.05000000,1666052261340,True,True
39649702,16.21000000,34.59000000,560.70390000,1666052287156,True,True
39649703,16.21000000,16.09000000,260.81890000,1666052287156,True,True
39649704,16.21000000,1.14000000,18.47940000,1666052287156,True,True
39649705,16.22000000,0.74000000,12.00280000,1666052325246,False,True
39649706,16.22000000,0.26000000,4.21720000,1666052327262,False,True
39649707,16.22000000,3.85000000,62.44700000,1666052327262,False,True
39649708,16.22000000,7.05000000,114.35100000,1666052327262,False,True
39649709,16.22000000,49.10000000,796.40200000,1666052327262,False,True
39649710,16.23000000,4.67000000,75.79410000,1666052354878,False,True
39649711,16.23000000,7.58000000,123.02340000,1666052365545,False,True
39649712,16.23000000,25.99000000,421.81770000,1666052365558,False,True
39649713,16.23000000,0.98000000,15.90540000,1666052365558,False,True
39649714,16.23000000,3.30000000,53.55900000,1666052365558,False,True
39649715,16.23000000,1.46000000,23.69580000,1666052365558,False,True
39649716,16.23000000,7.04000000,114.25920000,1666052365558,False,True
39649717,16.24000000,3.67000000,59.60080000,1666052366156,False,True
39649718,16.24000000,3.08000000,50.01920000,1666052366321,False,True
39649719,16.24000000,1.66000000,26.95840000,1666052366321,False,True
39649720,16.24000000,3.08000000,50.01920000,1666052366321,False,True
39649721,16.24000000,1.00000000,16.24000000,1666052366321,False,True
39649722,16.24000000,0.28000000,4.54720000,1666052366321,False,True
39649723,16.24000000,4.45000000,72.26800000,1666052366824,False,True
39649724,16.24000000,3.15000000,51.15600000,1666052366833,False,True
39649725,16.24000000,12.44000000,202.02560000,1666052368461,False,True
39649726,16.25000000,0.80000000,13.00000000,1666052369922,False,True
39649727,16.25000000,0.18000000,2.92500000,1666052371652,False,True
39649728,16.25000000,0.92000000,14.95000000,1666052371652,False,True
39649729,16.25000000,0.17000000,2.76250000,1666052371652,False,True
39649730,16.25000000,0.60000000,9.75000000,1666052371652,False,True
39649731,16.25000000,12.36000000,200.85000000,1666052373090,False,True
39649732,16.25000000,2.77000000,45.01250000,1666052373537,False,True
39649733,16.25000000,2.46000000,39.97500000,1666052373541,False,True
39649734,16.25000000,6.14000000,99.77500000,1666052373587,False,True
39649735,16.25000000,11.08000000,180.05000000,1666052373666,False,True
39649736,16.25000000,1.77000000,28.76250000,1666052374321,False,True
39649737,16.25000000,11.47000000,186.38750000,1666052374335,False,True
39649738,16.25000000,20.00000000,325.00000000,1666052374438,False,True
39649739,16.25000000,260.89000000,4239.46250000,1666052374552,False,True
39649740,16.25000000,24.81000000,403.16250000,1666052374971,False,True
39649741,16.25000000,2.86000000,46.47500000,1666052375916,False,True
39649742,16.25000000,18.54000000,301.27500000,1666052376118,False,True
39649743,16.25000000,4.98000000,80.92500000,1666052382008,False,True
39649744,16.25000000,3.57000000,58.01250000,1666052382136,False,True
39649745,16.25000000,2.57000000,41.76250000,1666052382218,False,True
39649746,16.25000000,0.94000000,15.27500000,1666052383139,False,True
39649747,16.25000000,24.71000000,401.53750000,1666052383220,False,True
39649748,16.25000000,3.23000000,52.48750000,1666052383276,False,True
39649749,16.25000000,3.23000000,52.48750000,1666052383567,False,True
39649750,16.25000000,3.12000000,50.70000000,1666052383766,False,True
39649751,16.25000000,3.20000000,52.00000000,1666052383828,False,True
39649752,16.25000000,3.15000000,51.18750000,1666052383897,False,True
39649753,16.25000000,3.09000000,50.21250000,1666052383959,False,True
39649754,16.25000000,179.94000000,2924.02500000,1666052386676,False,True
39649755,16.25000000,4.42000000,71.82500000,1666052386701,False,True
39649756,16.25000000,0.68000000,11.05000000,1666052386701,False,True
39649757,16.25000000,4.07000000,66.13750000,1666052386701,False,True
39649758,16.25000000,10.00000000,162.50000000,1666052386701,False,True
39649759,16.25000000,0.88000000,14.30000000,1666052386701,False,True
39649760,16.25000000,1.46000000,23.72500000,1666052386701,False,True
39649761,16.25000000,3.30000000,53.62500000,1666052386701,False,True
39649762,16.26000000,1.09000000,17.72340000,1666052389131,False,True
39649763,16.26000000,2.93000000,47.64180000,1666052389131,False,True
39649764,16.26000000,0.69000000,11.21940000,1666052389131,False,True
39649765,16.26000000,1.85000000,30.08100000,1666052389131,False,True
39649766,16.26000000,1.35000000,21.95100000,1666052389131,False,True
39649767,16.26000000,33.96000000,552.18960000,1666052389131,False,True
39649768,16.26000000,120.00000000,1951.20000000,1666052389132,False,True
39649769,16.26000000,77.96000000,1267.62960000,1666052389149,False,True
39649770,16.26000000,0.64000000,10.40640000,1666052389149,False,True
39649771,16.26000000,3.07000000,49.91820000,1666052389149,False,True
39649772,16.26000000,1.66000000,26.99160000,1666052389872,True,True
39649773,16.26000000,59.59000000,968.93340000,1666052391798,True,True
39649774,16.25000000,21.61000000,351.16250000,1666052394828,True,True
39649775,16.25000000,12.50000000,203.12500000,1666052394828,True,True
39649776,16.25000000,25.74000000,418.27500000,1666052394832,True,True
39649777,16.25000000,14.25000000,231.56250000,1666052394832,True,True
39649778,16.25000000,1.42000000,23.07500000,1666052394832,True,True
39649779,16.25000000,18.89000000,306.96250000,1666052394861,True,True
39649780,16.25000000,39.22000000,637.32500000,1666052394876,True,True
39649781,16.25000000,12.30000000,199.87500000,1666052394876,True,True
39649782,16.25000000,11.70000000,190.12500000,1666052394876,True,True
39649783,16.25000000,12.30000000,199.87500000,1666052394876,True,True
39649784,16.25000000,8.48000000,137.80000000,1666052394876,True,True
39649785,16.25000000,3.68000000,59.80000000,1666052394886,True,True
39649786,16.25000000,2.36000000,38.35000000,1666052398081,False,True
39649787,16.25000000,1.82000000,29.57500000,1666052398111,False,True
39649788,16.25000000,18.56000000,301.60000000,1666052398396,False,True
39649789,16.25000000,15.50000000,251.87500000,1666052398407,False,True
39649790,16.25000000,18.97000000,308.26250000,1666052398407,False,True
39649791,16.25000000,32.27000000,524.38750000,1666052403379,True,True
39649792,16.25000000,5.01000000,81.41250000,1666052403379,True,True
39649793,16.25000000,29.46000000,478.72500000,1666052403379,True,True
39649794,16.24000000,3.67000000,59.60080000,1666052406695,True,True
39649795,16.24000000,8.64000000,140.31360000,1666052406695,True,True
39649796,16.24000000,1.29000000,20.94960000,1666052406695,True,True
39649797,16.24000000,6.25000000,101.50000000,1666052406695,True,True
39649798,16.24000000,2.36000000,38.32640000,1666052409294,False,True
39649799,16.24000000,12.70000000,206.24800000,1666052409308,False,True
39649800,16.25000000,21.78000000,353.92500000,1666052427461,False,True
39649801,16.25000000,11.95000000,194.18750000,1666052427461,False,True
39649802,16.25000000,12.29000000,199.71250000,1666052438502,False,True
39649803,16.25000000,0.74000000,12.02500000,1666052438502,False,True
39649804,16.25000000,3.68000000,59.80000000,1666052438502,False,True
39649805,16.25000000,17.52000000,284.70000000,1666052438502,False,True
39649806,16.26000000,1.00000000,16.26000000,1666052441558,False,True
39649807,16.26000000,3.30000000,53.65800000,1666052441558,False,True
39649808,16.27000000,0.98000000,15.94460000,1666052442036,False,True
39649809,16.27000000,1.09000000,17.73430000,1666052442036,False,True
39649810,16.27000000,4.07000000,66.21890000,1666052442036,False,True
39649811,16.27000000,26.98000000,438.96460000,1666052442036,False,True
39649812,16.27000000,20.84000000,339.06680000,1666052442043,False,True
39649813,16.27000000,3.07000000,49.94890000,1666052442043,False,True
39649814,16.27000000,1.46000000,23.75420000,1666052442043,False,True
39649815,16.27000000,3.07000000,49.94890000,1666052442043,False,True
39649816,16.27000000,4.82000000,78.42140000,1666052442043,False,True
39649817,16.27000000,5.98000000,97.29460000,1666052442071,False,True
39649818,16.27000000,1.66000000,27.00820000,1666052442071,False,True
39649819,16.27000000,3.27000000,53.20290000,1666052442071,False,True
39649820,16.28000000,1.35000000,21.97800000,1666052443039,False,True
39649821,16.28000000,1.09000000,17.74520000,1666052443039,False,True
39649822,16.28000000,0.70000000,11.39600000,1666052443039,False,True
39649823,16.28000000,1.23000000,20.02440000,1666052443039,False,True
39649824,16.28000000,1.37000000,22.30360000,1666052443039,False,True
39649825,16.28000000,0.72000000,11.72160000,1666052443039,False,True
39649826,16.28000000,0.63000000,10.25640000,1666052443039,False,True
39649827,16.28000000,1.24000000,20.18720000,1666052443039,False,True
39649828,16.28000000,2.98000000,48.51440000,1666052443039,False,True
39649829,16.28000000,1.29000000,21.00120000,1666052443039,False,True
39649830,16.28000000,0.71000000,11.55880000,1666052443039,False,True
39649831,16.28000000,1.00000000,16.28000000,1666052443039,False,True
39649832,16.28000000,0.98000000,15.95440000,1666052443039,False,True
39649833,16.28000000,2.92000000,47.53760000,1666052443039,False,True
39649834,16.28000000,1.45000000,23.60600000,1666052443039,False,True
39649835,16.28000000,0.84000000,13.67520000,1666052443039,False,True
39649836,16.28000000,11.68000000,190.15040000,1666052443039,False,True
39649837,16.28000000,46.91000000,763.69480000,1666052443044,False,True
39649838,16.28000000,28.70000000,467.23600000,1666052443126,False,True
39649839,16.28000000,0.11000000,1.79080000,1666052443126,False,True
39649840,16.27000000,1.05000000,17.08350000,1666052444219,True,True
39649841,16.28000000,1.06000000,17.25680000,1666052445037,False,True
39649842,16.27000000,24.49000000,398.45230000,1666052446799,True,True
39649843,16.27000000,8.63000000,140.41010000,1666052446799,True,True
39649844,16.27000000,1.25000000,20.33750000,1666052447375,True,True
39649845,16.27000000,8.23000000,133.90210000,1666052448288,True,True
39649846,16.27000000,3.68000000,59.87360000,1666052448288,True,True
39649847,16.27000000,0.98000000,15.94460000,1666052448288,True,True
39649848,16.27000000,14.52000000,236.24040000,1666052448288,True,True
39649849,16.26000000,0.69000000,11.21940000,1666052452392,True,True
39649850,16.28000000,1.46000000,23.76880000,1666052457156,False,True
39649851,16.28000000,31.32000000,509.88960000,1666052457156,False,True
39649852,16.28000000,6.40000000,104.19200000,1666052457176,False,True
39649853,16.28000000,27.41000000,446.23480000,1666052457223,False,True
39649854,16.28000000,53.85000000,876.67800000,1666052457234,False,True
39649855,16.28000000,0.57000000,9.27960000,1666052457234,False,True
39649856,16.28000000,0.98000000,15.95440000,1666052457343,False,True
39649857,16.28000000,1.05000000,17.09400000,1666052458413,True,True
39649858,16.28000000,1.05000000,17.09400000,1666052459265,True,True
39649859,16.28000000,40.13000000,653.31640000,1666052459625,True,True
39649860,16.28000000,32.78000000,533.65840000,1666052459626,True,True
39649861,16.28000000,33.26000000,541.47280000,1666052459633,True,True
39649862,16.28000000,12.80000000,208.38400000,1666052459634,True,True
39649863,16.28000000,15.85000000,258.03800000,1666052459634,True,True
39649864,16.28000000,34.72000000,565.24160000,1666052459638,True,True
39649865,16.28000000,56.64000000,922.09920000,1666052459638,True,True
39649866,16.27000000,1.45000000,23.59150000,1666052459669,True,True
39649867,16.27000000,0.89000000,14.48030000,1666052464148,True,True
39649868,16.28000000,34.28000000,558.07840000,1666052466719,False,True
39649869,16.28000000,7.49000000,121.93720000,1666052467037,True,True
39649870,16.28000000,10.67000000,173.70760000,1666052467037,True,True
39649871,16.28000000,35.72000000,581.52160000,1666052474997,True,True
39649872,16.28000000,2.08000000,33.86240000,1666052474999,True,True
39649873,16.28000000,7.49000000,121.93720000,1666052480213,True,True
39649874,16.28000000,6.70000000,109.07600000,1666052484411,True,True
39649875,16.29000000,0.64000000,10.42560000,1666052489534,False,True
39649876,16.29000000,0.45000000,7.33050000,1666052493509,False,True
39649877,16.29000000,1.57000000,25.57530000,1666052493509,False,True
39649878,16.29000000,0.63000000,10.26270000,1666052493509,False,True
39649879,16.29000000,0.63000000,10.26270000,1666052493509,False,True
39649880,16.29000000,1.22000000,19.87380000,1666052493509,False,True
39649881,16.29000000,1.83000000,29.81070000,1666052493509,False,True
39649882,16.29000000,4.05000000,65.97450000,1666052493509,False,True
39649883,16.29000000,0.68000000,11.07720000,1666052493509,False,True
39649884,16.29000000,1.00000000,16.29000000,1666052493509,False,True
39649885,16.29000000,0.63000000,10.26270000,1666052493509,False,True
39649886,16.29000000,84.09000000,1369.82610000,1666052493509,False,True
39649887,16.29000000,5.00000000,81.45000000,1666052493509,False,True
39649888,16.29000000,1.00000000,16.29000000,1666052493509,False,True
39649889,16.29000000,10.90000000,177.56100000,1666052493509,False,True
39649890,16.29000000,31.68000000,516.06720000,1666052493509,False,True
39649891,16.29000000,15.76000000,256.73040000,1666052493509,False,True
39649892,16.29000000,10.88000000,177.23520000,1666052493509,False,True
39649893,16.29000000,1.46000000,23.78340000,1666052493509,False,True
39649894,16.29000000,84.00000000,1368.36000000,1666052493509,False,True
39649895,16.29000000,10.90000000,177.56100000,1666052493509,False,True
39649896,16.29000000,11.70000000,190.59300000,1666052493509,False,True
39649897,16.29000000,12.30000000,200.36700000,1666052493509,False,True
39649898,16.29000000,12.30000000,200.36700000,1666052493509,False,True
39649899,16.29000000,6.20000000,100.99800000,1666052493509,False,True
39649900,16.29000000,1.11000000,18.08190000,1666052493509,False,True
39649901,16.29000000,1.11000000,18.08190000,1666052493509,False,True
39649902,16.29000000,195.63000000,3186.81270000,1666052493509,False,True
39649903,16.29000000,59.56000000,970.23240000,1666052493509,False,True
39649904,16.29000000,124.06000000,2020.93740000,1666052493509,False,True
39649905,16.30000000,1.09000000,17.76700000,1666052493525,False,True
39649906,16.30000000,1.63000000,26.56900000,1666052493525,False,True
39649907,16.30000000,1.01000000,16.46300000,1666052493525,False,True
39649908,16.30000000,1.08000000,17.60400000,1666052493525,False,True
39649909,16.30000000,1.51000000,24.61300000,1666052493525,False,True
39649910,16.30000000,0.78000000,12.71400000,1666052493525,False,True
39649911,16.30000000,237.46000000,3870.59800000,1666052493525,False,True
39649912,16.30000000,34.27000000,558.60100000,1666052493536,False,True
39649913,16.30000000,65.14000000,1061.78200000,1666052493557,False,True
39649914,16.29000000,7.49000000,122.01210000,1666052493563,True,True
39649915,16.29000000,5.35000000,87.15150000,1666052493563,True,True
39649916,16.29000000,1.94000000,31.60260000,1666052493563,True,True
39649917,16.30000000,37.93000000,618.25900000,1666052493577,False,True
39649918,16.30000000,47.34000000,771.64200000,1666052493588,False,True
39649919,16.30000000,2.14000000,34.88200000,1666052493588,False,True
39649920,16.30000000,14.07000000,229.34100000,1666052493588,False,True
39649921,16.30000000,0.65000000,10.59500000,1666052493588,False,True
39649922,16.30000000,6.78000000,110.51400000,1666052493588,False,True
39649923,16.30000000,0.62000000,10.10600000,1666052493588,False,True
39649924,16.30000000,0.93000000,15.15900000,1666052493588,False,True
39649925,16.30000000,0.98000000,15.97400000,1666052493588,False,True
39649926,16.30000000,1.00000000,16.30000000,1666052493588,False,True
39649927,16.30000000,2.91000000,47.43300000,1666052493588,False,True
39649928,16.30000000,6.58000000,107.25400000,1666052493588,False,True
39649929,16.30000000,7.25000000,118.17500000,1666052493588,False,True
39649930,16.30000000,1.00000000,16.30000000,1666052493588,False,True
39649931,16.30000000,10.00000000,163.00000000,1666052493588,False,True
39649932,16.30000000,3.12000000,50.85600000,1666052493588,False,True
39649933,16.30000000,0.68000000,11.08400000,1666052493588,False,True
39649934,16.30000000,30.96000000,504.64800000,1666052493588,False,True
39649935,16.30000000,2.00000000,32.60000000,1666052493588,False,True
39649936,16.30000000,10.80000000,176.04000000,1666052493588,False,True
39649937,16.30000000,12.00000000,195.60000000,1666052493588,False,True
39649938,16.30000000,4.96000000,80.84800000,1666052493588,False,True
39649939,16.30000000,3.07000000,50.04100000,1666052493588,False,True
39649940,16.30000000,3.07000000,50.04100000,1666052493588,False,True
39649941,16.30000000,1.66000000,27.05800000,1666052493588,False,True
39649942,16.30000000,160.36000000,2613.86800000,1666052493588,False,True
39649943,16.30000000,29.13000000,474.81900000,1666052493588,False,True
39649944,16.30000000,272.24000000,4437.51200000,1666052493588,False,True
39649945,16.30000000,14.48000000,236.02400000,1666052493646,True,True
39649946,16.31000000,1.09000000,17.77790000,1666052494570,False,True
39649947,16.31000000,1.35000000,22.01850000,1666052494570,False,True
39649948,16.31000000,1.85000000,30.17350000,1666052494570,False,True
39649949,16.31000000,0.68000000,11.09080000,1666052494570,False,True
39649950,16.31000000,0.75000000,12.23250000,1666052494570,False,True
39649951,16.31000000,3.52000000,57.41120000,1666052494570,False,True
39649952,16.31000000,4.60000000,75.02600000,1666052494570,False,True
39649953,16.31000000,1.00000000,16.31000000,1666052494570,False,True
39649954,16.31000000,1.02000000,16.63620000,1666052494570,False,True
39649955,16.31000000,3.77000000,61.48870000,1666052494570,False,True
39649956,16.31000000,4.05000000,66.05550000,1666052494570,False,True
39649957,16.31000000,0.23000000,3.75130000,1666052494570,False,True
39649958,16.30000000,1.81000000,29.50300000,1666052495901,True,True
39649959,16.30000000,1.57000000,25.59100000,1666052495902,True,True
39649960,16.30000000,1.92000000,31.29600000,1666052495903,True,True
39649961,16.30000000,5.60000000,91.28000000,1666052495930,True,True
39649962,16.30000000,10.91000000,177.83300000,1666052495930,True,True
39649963,16.30000000,11.70000000,190.71000000,1666052495930,True,True
39649964,16.30000000,6.06000000,98.77800000,1666052495930,True,True
39649965,16.30000000,6.24000000,101.71200000,1666052496049,True,True
39649966,16.30000000,4.04000000,65.85200000,1666052496543,False,True
39649967,16.29000000,1.75000000,28.50750000,1666052496564,True,True
39649968,16.30000000,33.75000000,550.12500000,1666052496740,False,True
39649969,16.30000000,22.66000000,369.35800000,1666052496740,False,True
39649970,16.30000000,40.40000000,658.52000000,1666052496740,False,True
39649971,16.30000000,49.12000000,800.65600000,1666052496743,False,True
39649972,16.30000000,10.91000000,177.83300000,1666052496743,False,True
39649973,16.30000000,3.30000000,53.79000000,1666052496743,False,True
39649974,16.30000000,1.83000000,29.82900000,1666052497279,False,True
39649975,16.30000000,0.62000000,10.10600000,1666052498068,False,True
39649976,16.30000000,0.62000000,10.10600000,1666052499626,False,True
39649977,16.30000000,1.54000000,25.10200000,1666052501665,False,True
39649978,16.29000000,37.93000000,617.87970000,1666052508374,True,True
39649979,16.29000000,13.53000000,220.40370000,1666052508383,True,True
39649980,16.29000000,26.63000000,433.80270000,1666052508383,True,True
39649981,16.29000000,16.97000000,276.44130000,1666052508407,True,True
39649982,16.29000000,3.06000000,49.84740000,1666052508692,False,True
39649983,16.28000000,1.25000000,20.35000000,1666052509334,True,True
39649984,16.29000000,2.92000000,47.56680000,1666052511068,False,True
39649985,16.28000000,0.68000000,11.07040000,1666052515177,True,True
39649986,16.28000000,0.68000000,11.07040000,1666052515177,True,True
39649987,16.28000000,3.30000000,53.72400000,1666052515177,True,True
39649988,16.28000000,1.46000000,23.76880000,1666052515177,True,True
39649989,16.28000000,0.98000000,15.95440000,1666052515177,True,True
39649990,16.28000000,3.26000000,53.07280000,1666052515177,True,True
39649991,16.27000000,0.98000000,15.94460000,1666052519836,True,True
39649992,16.27000000,1.09000000,17.73430000,1666052519836,True,True
39649993,16.27000000,1.00000000,16.27000000,1666052519836,True,True
39649994,16.27000000,6.62000000,107.70740000,1666052519836,True,True
39649995,16.27000000,1.67000000,27.17090000,1666052519836,True,True
39649996,16.27000000,3.30000000,53.69100000,1666052519836,True,True
39649997,16.27000000,1.46000000,23.75420000,1666052519836,True,True
39649998,16.26000000,3.61000000,58.69860000,1666052520514,True,True
39649999,16.26000000,2.61000000,42.43860000,1666052520514,True,True
39650000,16.26000000,4.04000000,65.69040000,1666052520901,True,True
39650001,16.27000000,1.24000000,20.17480000,1666052530492,False,True
39650002,16.26000000,0.97000000,15.77220000,1666052531959,True,True
39650003,16.26000000,4.06000000,66.01560000,1666052531959,True,True
39650004,16.26000000,2.92000000,47.47920000,1666052531959,True,True
39650005,16.26000000,1.09000000,17.72340000,1666052531959,True,True
39650006,16.26000000,1.35000000,21.95100000,1666052531959,True,True
39650007,16.26000000,128.79000000,2094.12540000,1666052531959,True,True
39650008,16.26000000,3.30000000,53.65800000,1666052531959,True,True
39650009,16.26000000,1.46000000,23.73960000,1666052531959,True,True
39650010,16.26000000,32.87000000,534.46620000,1666052536426,False,True
39650011,16.26000000,31.28000000,508.61280000,1666052536439,False,True
39650012,16.27000000,2.61000000,42.46470000,1666052536439,False,True
39650013,16.27000000,5.82000000,94.69140000,1666052536444,False,True
39650014,16.26000000,8.56000000,139.18560000,1666052536463,False,True
39650015,16.26000000,20.09000000,326.66340000,1666052541061,True,True
39650016,16.26000000,12.30000000,199.99800000,1666052541061,True,True
39650017,16.26000000,21.78000000,354.14280000,1666052541061,True,True
39650018,16.26000000,21.28000000,346.01280000,1666052541061,True,True
39650019,16.26000000,199.70000000,3247.12200000,1666052541061,True,True
39650020,16.26000000,12.30000000,199.99800000,1666052541061,True,True
39650021,16.26000000,84.00000000,1365.84000000,1666052541061,True,True
39650022,16.26000000,128.55000000,2090.22300000,1666052541061,True,True
39650023,16.27000000,10.91000000,177.50570000,1666052563160,False,True
39650024,16.27000000,44.82000000,729.22140000,1666052563160,False,True
39650025,16.27000000,32.87000000,534.79490000,1666052563176,False,True
39650026,16.27000000,49.70000000,808.61900000,1666052563309,True,True
39650027,16.27000000,2.22000000,36.11940000,1666052563309,True,True
39650028,16.27000000,35.38000000,575.63260000,1666052567239,True,True
39650029,16.27000000,12.11000000,197.02970000,1666052567241,True,True
39650030,16.27000000,10.91000000,177.50570000,1666052567241,True,True
39650031,16.26000000,1.68000000,27.31680000,1666052567251,True,True
39650032,16.26000000,10.42000000,169.42920000,1666052567251,True,True
39650033,16.26000000,84.00000000,1365.84000000,1666052567251,True,True
39650034,16.26000000,10.91000000,177.39660000,1666052567251,True,True
39650035,16.26000000,1.09000000,17.72340000,1666052567251,True,True
39650036,16.26000000,20.00000000,325.20000000,1666052567251,True,True
39650037,16.26000000,69.92000000,1136.89920000,1666052567251,True,True
39650038,16.26000000,39.71000000,645.68460000,1666052567328,True,True
39650039,16.26000000,4.18000000,67.96680000,1666052585057,True,True
39650040,16.26000000,25.91000000,421.29660000,1666052585057,True,True
39650041,16.26000000,18.74000000,304.71240000,1666052587060,True,True
39650042,16.26000000,8.99000000,146.17740000,1666052587060,True,True
39650043,16.26000000,68.71000000,1117.22460000,1666052601220,True,True
39650044,16.26000000,6.20000000,100.81200000,1666052601220,True,True
39650045,16.26000000,2.92000000,47.47920000,1666052601220,True,True
39650046,16.26000000,1.11000000,18.04860000,1666052601220,True,True
39650047,16.26000000,1.11000000,18.04860000,1666052601220,True,True
39650048,16.26000000,29.95000000,486.98700000,1666052601220,True,True
39650049,16.26000000,5.34000000,86.82840000,1666052615374,True,True
39650050,16.26000000,6.20000000,100.81200000,1666052615374,True,True
39650051,16.27000000,33.83000000,550.41410000,1666052625511,False,True
39650052,16.27000000,2.95000000,47.99650000,1666052630814,False,True
39650053,16.27000000,1.09000000,17.73430000,1666052630821,False,True
39650054,16.27000000,1.00000000,16.27000000,1666052630821,False,True
39650055,16.27000000,32.87000000,534.79490000,1666052633867,True,True
39650056,16.27000000,26.08000000,424.32160000,1666052633874,True,True
39650057,16.27000000,2.57000000,41.81390000,1666052633874,True,True
39650058,16.27000000,1.07000000,17.40890000,1666052633879,True,True
39650059,16.27000000,7.55000000,122.83850000,1666052644847,False,True
39650060,16.28000000,0.98000000,15.95440000,1666052651593,False,True
39650061,16.28000000,0.88000000,14.32640000,1666052651593,False,True
39650062,16.28000000,22.20000000,361.41600000,1666052651593,False,True
39650063,16.28000000,9.30000000,151.40400000,1666052651593,False,True
39650064,16.28000000,18.03000000,293.52840000,1666052651679,False,True
39650065,16.28000000,10.62000000,172.89360000,1666052651679,False,True
39650066,16.28000000,58.92000000,959.21760000,1666052664281,True,True
39650067,16.28000000,38.88000000,632.96640000,1666052664281,True,True
39650068,16.28000000,43.29000000,704.76120000,1666052664281,True,True
39650069,16.28000000,8.23000000,133.98440000,1666052664281,True,True
39650070,16.28000000,84.04000000,1368.17120000,1666052664281,True,True
39650071,16.28000000,85.01000000,1383.96280000,1666052664281,True,True
39650072,16.28000000,46.72000000,760.60160000,1666052664281,True,True
39650073,16.28000000,11.75000000,191.29000000,1666052664281,True,True
39650074,16.28000000,39.71000000,646.47880000,1666052664281,True,True
39650075,16.28000000,18.60000000,302.80800000,1666052664281,True,True
39650076,16.28000000,6.20000000,100.93600000,1666052664281,True,True
39650077,16.28000000,12.30000000,200.24400000,1666052664281,True,True
39650078,16.28000000,14.80000000,240.94400000,1666052664281,True,True
39650079,16.28000000,15.50000000,252.34000000,1666052664281,True,True
39650080,16.28000000,12.30000000,200.24400000,1666052664281,True,True
39650081,16.28000000,3.75000000,61.05000000,1666052664281,True,True
39650082,16.29000000,1.66000000,27.04140000,1666052674371,False,True
39650083,16.29000000,19.15000000,311.95350000,1666052674371,False,True
39650084,16.29000000,1.46000000,23.78340000,1666052674371,False,True
39650085,16.30000000,0.98000000,15.97400000,1666052688120,False,True
39650086,16.30000000,1.09000000,17.76700000,1666052688120,False,True
39650087,16.30000000,2.92000000,47.59600000,1666052688120,False,True
39650088,16.30000000,3.07000000,50.04100000,1666052688120,False,True
39650089,16.30000000,1.15000000,18.74500000,1666052688120,False,True
39650090,16.29000000,1.05000000,17.10450000,1666052698505,True,True
39650091,16.29000000,1.05000000,17.10450000,1666052699128,True,True
39650092,16.30000000,4.30000000,70.09000000,1666052711394,False,True
39650093,16.30000000,0.62000000,10.10600000,1666052734814,False,True
39650094,16.29000000,1.00000000,16.29000000,1666052741835,True,True
39650095,16.30000000,3.07000000,50.04100000,1666052752322,False,True
39650096,16.30000000,1.66000000,27.05800000,1666052752322,False,True
39650097,16.30000000,1.46000000,23.79800000,1666052752322,False,True
39650098,16.30000000,6.01000000,97.96300000,1666052753314,True,True
39650099,16.30000000,5.76000000,93.88800000,1666052753346,True,True
39650100,16.30000000,11.77000000,191.85100000,1666052753346,True,True
39650101,16.30000000,16.65000000,271.39500000,1666052753346,True,True
39650102,16.30000000,18.35000000,299.10500000,1666052753387,False,True
39650103,16.30000000,10.09000000,164.46700000,1666052753532,False,True
39650104,16.30000000,24.54000000,400.00200000,1666052753603,False,True
39650105,16.30000000,36.80000000,599.84000000,1666052753978,False,True
39650106,16.29000000,9.63000000,156.87270000,1666052762065,True,True
39650107,16.29000000,16.42000000,267.48180000,1666052762065,True,True
39650108,16.29000000,15.42000000,251.19180000,1666052763579,True,True
39650109,16.29000000,13.99000000,227.89710000,1666052776493,True,True
39650110,16.29000000,15.25000000,248.42250000,1666052811646,True,True
39650111,16.29000000,10.31000000,167.94990000,1666052814038,True,True
39650112,16.28000000,1.00000000,16.28000000,1666052818999,True,True
39650113,16.28000000,0.98000000,15.95440000,1666052845041,True,True
39650114,16.28000000,6.07000000,98.81960000,1666052845041,True,True
39650115,16.28000000,3.30000000,53.72400000,1666052845041,True,True
39650116,16.28000000,1.66000000,27.02480000,1666052845041,True,True
39650117,16.28000000,1.46000000,23.76880000,1666052845041,True,True
39650118,16.28000000,1.52000000,24.74560000,1666052845193,False,True
39650119,16.28000000,0.90000000,14.65200000,1666052845967,False,True
39650120,16.28000000,14.98000000,243.87440000,1666052846156,False,True
39650121,16.28000000,1.62000000,26.37360000,1666052846212,False,True
39650122,16.28000000,12.30000000,200.24400000,1666052846212,False,True
39650123,16.28000000,11.70000000,190.47600000,1666052846212,False,True
39650124,16.28000000,6.20000000,100.93600000,1666052846212,False,True
39650125,16.28000000,12.30000000,200.24400000,1666052846212,False,True
39650126,16.27000000,0.98000000,15.94460000,1666052865728,True,True
39650127,16.27000000,12.28000000,199.79560000,1666052865728,True,True
39650128,16.27000000,10.76000000,175.06520000,1666052865728,True,True
39650129,16.27000000,65.16000000,1060.15320000,1666052865728,True,True
39650130,16.28000000,0.98000000,15.95440000,1666052872396,False,True
39650131,16.29000000,13.91000000,226.59390000,1666052877415,False,True
39650132,16.29000000,21.81000000,355.28490000,1666052877415,False,True
39650133,16.29000000,38.24000000,622.92960000,1666052877415,False,True
39650134,16.29000000,6.09000000,99.20610000,1666052877415,False,True
39650135,16.29000000,4.81000000,78.35490000,1666052877415,False,True
39650136,16.29000000,58.89000000,959.31810000,1666052877415,False,True
39650137,16.29000000,79.19000000,1290.00510000,1666052877415,False,True
39650138,16.29000000,75.22000000,1225.33380000,1666052877415,False,True
39650139,16.29000000,84.00000000,1368.36000000,1666052877415,False,True
39650140,16.29000000,14.80000000,241.09200000,1666052877415,False,True
39650141,16.29000000,15.50000000,252.49500000,1666052877415,False,True
39650142,16.29000000,18.60000000,302.99400000,1666052877415,False,True
39650143,16.29000000,7.53000000,122.66370000,1666052877567,True,True
39650144,16.29000000,25.60000000,417.02400000,1666052888782,False,True
39650145,16.29000000,33.58000000,547.01820000,1666052888795,False,True
39650146,16.29000000,25.39000000,413.60310000,1666052888808,False,True
39650147,16.29000000,1.00000000,16.29000000,1666052917996,True,True
39650148,16.29000000,20.80000000,338.83200000,1666052950673,True,True
39650149,16.29000000,39.30000000,640.19700000,1666052950673,True,True
39650150,16.29000000,9.29000000,151.33410000,1666052950673,True,True
39650151,16.29000000,17.64000000,287.35560000,1666052950673,True,True
39650152,16.30000000,0.98000000,15.97400000,1666052958257,False,True
39650153,16.30000000,1.46000000,23.79800000,1666052958257,False,True
39650154,16.30000000,3.87000000,63.08100000,1666052958257,False,True
39650155,16.30000000,17.63000000,287.36900000,1666052958371,True,True
39650156,16.31000000,1.63000000,26.58530000,1666052959102,False,True
39650157,16.31000000,0.93000000,15.16830000,1666052959102,False,True
39650158,16.31000000,1.09000000,17.77790000,1666052959102,False,True
39650159,16.31000000,1.35000000,22.01850000,1666052959102,False,True
39650160,16.31000000,4.06000000,66.21860000,1666052959102,False,True
39650161,16.31000000,12.00000000,195.72000000,1666052959102,False,True
39650162,16.31000000,1.66000000,27.07460000,1666052959102,False,True
39650163,16.31000000,10.89000000,177.61590000,1666052959102,False,True
39650164,16.31000000,1.00000000,16.31000000,1666052959102,False,True
39650165,16.31000000,10.43000000,170.11330000,1666052959102,False,True
39650166,16.31000000,3.15000000,51.37650000,1666052959258,False,True
39650167,16.31000000,10.70000000,174.51700000,1666052961156,True,True
39650168,16.31000000,22.66000000,369.58460000,1666052961156,True,True
39650169,16.30000000,33.58000000,547.35400000,1666052961187,True,True
39650170,16.31000000,2.91000000,47.46210000,1666052964843,False,True
39650171,16.32000000,1.09000000,17.78880000,1666052974896,False,True
39650172,16.32000000,0.69000000,11.26080000,1666052974896,False,True
39650173,16.32000000,0.05000000,0.81600000,1666052974896,False,True
39650174,16.32000000,3.38000000,55.16160000,1666052978521,False,True
39650175,16.32000000,0.65000000,10.60800000,1666052978521,False,True
39650176,16.31000000,1.05000000,17.12550000,1666052984694,True,True
39650177,16.31000000,0.62000000,10.11220000,1666052988573,True,True
39650178,16.32000000,1.76000000,28.72320000,1666053002617,False,True
39650179,16.32000000,0.32000000,5.22240000,1666053002617,False,True
39650180,16.31000000,1.39000000,22.67090000,1666053006668,True,True
39650181,16.32000000,1.06000000,17.29920000,1666053013917,False,True
39650182,16.32000000,1.34000000,21.86880000,1666053018636,False,True
39650183,16.32000000,0.68000000,11.09760000,1666053018636,False,True
39650184,16.32000000,2.30000000,37.53600000,1666053018636,False,True
39650185,16.32000000,28.50000000,465.12000000,1666053018636,False,True
39650186,16.32000000,32.82000000,535.62240000,1666053018657,False,True
39650187,16.32000000,0.98000000,15.99360000,1666053018657,False,True
39650188,16.32000000,3.07000000,50.10240000,1666053018657,False,True
39650189,16.32000000,1.83000000,29.86560000,1666053018657,False,True
39650190,16.32000000,0.97000000,15.83040000,1666053018657,False,True
39650191,16.32000000,2.91000000,47.49120000,1666053018657,False,True
39650192,16.32000000,0.63000000,10.28160000,1666053018657,False,True
39650193,16.32000000,14.57000000,237.78240000,1666053018657,False,True
39650194,16.32000000,1.25000000,20.40000000,1666053018657,False,True
39650195,16.32000000,3.06000000,49.93920000,1666053018657,False,True
39650196,16.32000000,11.69000000,190.78080000,1666053018657,False,True
39650197,16.32000000,10.89000000,177.72480000,1666053018657,False,True
39650198,16.32000000,3.06000000,49.93920000,1666053018657,False,True
39650199,16.32000000,1.46000000,23.82720000,1666053018657,False,True
39650200,16.32000000,17.65000000,288.04800000,1666053018657,False,True
39650201,16.32000000,0.61000000,9.95520000,1666053018679,True,True
39650202,16.32000000,6.43000000,104.93760000,1666053018679,True,True
39650203,16.32000000,49.68000000,810.77760000,1666053018930,True,True
39650204,16.33000000,0.65000000,10.61450000,1666053023176,False,True
39650205,16.33000000,0.43000000,7.02190000,1666053023213,False,True
39650206,16.33000000,1.35000000,22.04550000,1666053023213,False,True
39650207,16.33000000,0.76000000,12.41080000,1666053023213,False,True
39650208,16.33000000,5.54000000,90.46820000,1666053023213,False,True
39650209,16.33000000,0.65000000,10.61450000,1666053023213,False,True
39650210,16.33000000,3.76000000,61.40080000,1666053023213,False,True
39650211,16.33000000,0.75000000,12.24750000,1666053023213,False,True
39650212,16.33000000,1.58000000,25.80140000,1666053023213,False,True
39650213,16.32000000,63.89000000,1042.68480000,1666053023473,True,True
39650214,16.32000000,79.10000000,1290.91200000,1666053023473,True,True
39650215,16.32000000,47.77000000,779.60640000,1666053023473,True,True
39650216,16.32000000,18.02000000,294.08640000,1666053023473,True,True
39650217,16.32000000,10.88000000,177.56160000,1666053023473,True,True
39650218,16.32000000,58.97000000,962.39040000,1666053023473,True,True
39650219,16.32000000,17.65000000,288.04800000,1666053023473,True,True
39650220,16.32000000,85.43000000,1394.21760000,1666053023473,True,True
39650221,16.32000000,84.75000000,1383.12000000,1666053023473,True,True
39650222,16.32000000,8.69000000,141.82080000,1666053023473,True,True
39650223,16.32000000,24.85000000,405.55200000,1666053023473,True,True
39650224,16.32000000,5.35000000,87.31200000,1666053023594,True,True
39650225,16.33000000,0.97000000,15.84010000,1666053023598,False,True
39650226,16.33000000,3.10000000,50.62300000,1666053023598,False,True
39650227,16.33000000,0.98000000,16.00340000,1666053023598,False,True
39650228,16.33000000,4.03000000,65.80990000,1666053023598,False,True
39650229,16.33000000,1.24000000,20.24920000,1666053023598,False,True
39650230,16.33000000,0.68000000,11.10440000,1666053023598,False,True
39650231,16.33000000,0.68000000,11.10440000,1666053023598,False,True
39650232,16.34000000,0.62000000,10.13080000,1666053027410,False,True
39650233,16.34000000,0.46000000,7.51640000,1666053027688,False,True
39650234,16.34000000,0.75000000,12.25500000,1666053027688,False,True
39650235,16.34000000,0.02000000,0.32680000,1666053027688,False,True
39650236,16.34000000,2.89000000,47.22260000,1666053029483,False,True
39650237,16.34000000,0.17000000,2.77780000,1666053029483,False,True
39650238,16.34000000,0.54000000,8.82360000,1666053034070,False,True
39650239,16.34000000,1.87000000,30.55580000,1666053034070,False,True
39650240,16.34000000,0.50000000,8.17000000,1666053034070,False,True
39650241,16.34000000,1.01000000,16.50340000,1666053035526,False,True
39650242,16.34000000,1.28000000,20.91520000,1666053035526,False,True
39650243,16.34000000,0.63000000,10.29420000,1666053035526,False,True
39650244,16.34000000,1.11000000,18.13740000,1666053035526,False,True
39650245,16.34000000,2.39000000,39.05260000,1666053036598,False,True
39650246,16.34000000,6.78000000,110.78520000,1666053036598,False,True
39650247,16.34000000,9.17000000,149.83780000,1666053036598,False,True
39650248,16.34000000,0.68000000,11.11120000,1666053040973,False,True
39650249,16.33000000,20.60000000,336.39800000,1666053041302,True,True
39650250,16.33000000,10.90000000,177.99700000,1666053041302,True,True
39650251,16.33000000,0.67000000,10.94110000,1666053041302,True,True
39650252,16.33000000,15.75000000,257.19750000,1666053041302,True,True
39650253,16.32000000,42.43000000,692.45760000,1666053041302,True,True
39650254,16.33000000,199.71000000,3261.26430000,1666053045775,False,True
39650255,16.34000000,94.16000000,1538.57440000,1666053045775,False,True
39650256,16.34000000,1.83000000,29.90220000,1666053046164,False,True
39650257,16.33000000,12.24000000,199.87920000,1666053046959,True,True
39650258,16.33000000,0.96000000,15.67680000,1666053046973,False,True
39650259,16.33000000,5.74000000,93.73420000,1666053046975,False,True
39650260,16.33000000,4.35000000,71.03550000,1666053047493,False,True
39650261,16.33000000,16.33000000,266.66890000,1666053048044,False,True
39650262,16.33000000,10.35000000,169.01550000,1666053048992,False,True
39650263,16.33000000,23.76000000,388.00080000,1666053052960,False,True
39650264,16.33000000,0.78000000,12.73740000,1666053053754,False,True
39650265,16.33000000,6.21000000,101.40930000,1666053053754,False,True
39650266,16.33000000,7.44000000,121.49520000,1666053054400,False,True
39650267,16.33000000,9.20000000,150.23600000,1666053054896,False,True
39650268,16.32000000,1.05000000,17.13600000,1666053058070,True,True
39650269,16.33000000,15.34000000,250.50220000,1666053059318,False,True
39650270,16.33000000,4.32000000,70.54560000,1666053059318,False,True
39650271,16.33000000,15.35000000,250.66550000,1666053059934,False,True
39650272,16.33000000,1.59000000,25.96470000,1666053059934,False,True
39650273,16.33000000,6.35000000,103.69550000,1666053059934,False,True
39650274,16.33000000,18.19000000,297.04270000,1666053060304,False,True
39650275,16.33000000,6.35000000,103.69550000,1666053060436,False,True
39650276,16.33000000,0.75000000,12.24750000,1666053060995,False,True
39650277,16.33000000,1.07000000,17.47310000,1666053060995,False,True
39650278,16.33000000,12.18000000,198.89940000,1666053061150,False,True
39650279,16.33000000,4.19000000,68.42270000,1666053061241,False,True
39650280,16.33000000,1.68000000,27.43440000,1666053061241,False,True
39650281,16.33000000,12.00000000,195.96000000,1666053061297,False,True
39650282,16.33000000,12.00000000,195.96000000,1666053061325,False,True
39650283,16.33000000,0.54000000,8.81820000,1666053066524,False,True
39650284,16.33000000,1.48000000,24.16840000,1666053066524,False,True
39650285,16.33000000,0.74000000,12.08420000,1666053070731,True,True
39650286,16.34000000,25.00000000,408.50000000,1666053071049,False,True
39650287,16.34000000,20.42000000,333.66280000,1666053071103,False,True
39650288,16.34000000,8.10000000,132.35400000,1666053071286,False,True
39650289,16.34000000,33.38000000,545.42920000,1666053071300,False,True
39650290,16.34000000,0.93000000,15.19620000,1666053071300,False,True
39650291,16.34000000,5.05000000,82.51700000,1666053071300,False,True
39650292,16.34000000,0.64000000,10.45760000,1666053071300,False,True
39650293,16.34000000,2.28000000,37.25520000,1666053071308,False,True
39650294,16.34000000,1.46000000,23.85640000,1666053071308,False,True
39650295,16.34000000,1.20000000,19.60800000,1666053071308,False,True
39650296,16.34000000,0.84000000,13.72560000,1666053074037,True,True
39650297,16.34000000,29.49000000,481.86660000,1666053074756,True,True
39650298,16.34000000,3.33000000,54.41220000,1666053074756,True,True
39650299,16.34000000,17.32000000,283.00880000,1666053074759,True,True
39650300,16.34000000,10.56000000,172.55040000,1666053074759,True,True
39650301,16.34000000,0.93000000,15.19620000,1666053074817,False,True
39650302,16.34000000,6.16000000,100.65440000,1666053074901,False,True
39650303,16.34000000,4.33000000,70.75220000,1666053074979,False,True
39650304,16.34000000,30.58000000,499.67720000,1666053078634,False,True
39650305,16.34000000,2.37000000,38.72580000,1666053078634,False,True
39650306,16.34000000,0.81000000,13.23540000,1666053078939,False,True
39650307,16.34000000,19.41000000,317.15940000,1666053078939,False,True
39650308,16.35000000,1.08000000,17.65800000,1666053080900,False,True
39650309,16.35000000,1.35000000,22.07250000,1666053080900,False,True
39650310,16.35000000,0.62000000,10.13700000,1666053080900,False,True
39650311,16.35000000,0.61000000,9.97350000,1666053080900,False,True
39650312,16.35000000,1.72000000,28.12200000,1666053080900,False,True
39650313,16.35000000,0.91000000,14.87850000,1666053080900,False,True
39650314,16.35000000,2.51000000,41.03850000,1666053080900,False,True
39650315,16.35000000,23.12000000,378.01200000,1666053080900,False,True
39650316,16.35000000,2.49000000,40.71150000,1666053081865,False,True
39650317,16.35000000,2.47000000,40.38450000,1666053081870,False,True
39650318,16.35000000,0.89000000,14.55150000,1666053083886,False,True
39650319,16.34000000,21.78000000,355.88520000,1666053084544,True,True
39650320,16.34000000,4.39000000,71.73260000,1666053084544,True,True
39650321,16.34000000,50.97000000,832.84980000,1666053084553,True,True
39650322,16.34000000,28.65000000,468.14100000,1666053084561,True,True
39650323,16.35000000,2.90000000,47.41500000,1666053092765,False,True
39650324,16.34000000,25.70000000,419.93800000,1666053099236,True,True
39650325,16.34000000,7.25000000,118.46500000,1666053099236,True,True
39650326,16.34000000,3.70000000,60.45800000,1666053099251,True,True
39650327,16.34000000,19.63000000,320.75420000,1666053099265,True,True
39650328,16.34000000,6.07000000,99.18380000,1666053099265,True,True
39650329,16.34000000,21.78000000,355.88520000,1666053100649,False,True
39650330,16.34000000,6.87000000,112.25580000,1666053100649,False,True
39650331,16.34000000,23.71000000,387.42140000,1666053100661,False,True
39650332,16.34000000,0.71000000,11.60140000,1666053100661,False,True
39650333,16.35000000,4.03000000,65.89050000,1666053102035,False,True
39650334,16.35000000,0.74000000,12.09900000,1666053105894,False,True
39650335,16.34000000,3.86000000,63.07240000,1666053105905,True,True
39650336,16.35000000,11.09000000,181.32150000,1666053107352,False,True
39650337,16.35000000,10.00000000,163.50000000,1666053109898,False,True
39650338,16.35000000,10.00000000,163.50000000,1666053113904,False,True
39650339,16.35000000,18.34000000,299.85900000,1666053115976,False,True
39650340,16.35000000,120.00000000,1962.00000000,1666053118636,False,True
39650341,16.35000000,20.00000000,327.00000000,1666053118638,False,True
39650342,16.35000000,200.00000000,3270.00000000,1666053118641,False,True
39650343,16.35000000,236.42000000,3865.46700000,1666053118646,False,True
39650344,16.35000000,880.00000000,14388.00000000,1666053118661,False,True
39650345,16.35000000,32.86000000,537.26100000,1666053118692,False,True
39650346,16.34000000,5.04000000,82.35360000,1666053123084,True,True
39650347,16.34000000,0.63000000,10.29420000,1666053123682,True,True
39650348,16.34000000,14.87000000,242.97580000,1666053129844,True,True
39650349,16.34000000,6.91000000,112.90940000,1666053139441,True,True
39650350,16.34000000,25.95000000,424.02300000,1666053139441,True,True
39650351,16.34000000,80.00000000,1307.20000000,1666053140667,True,True
39650352,16.34000000,20.00000000,326.80000000,1666053140668,True,True
39650353,16.34000000,9.53000000,155.72020000,1666053140670,True,True
39650354,16.34000000,20.00000000,326.80000000,1666053140670,True,True
39650355,16.34000000,28.65000000,468.14100000,1666053140673,True,True
39650356,16.34000000,177.56000000,2901.33040000,1666053140677,True,True
39650357,16.34000000,0.92000000,15.03280000,1666053140677,True,True
39650358,16.34000000,22.64000000,369.93760000,1666053140677,True,True
39650359,16.34000000,5.32000000,86.92880000,1666053141107,False,True
39650360,16.34000000,19.28000000,315.03520000,1666053141107,False,True
39650361,16.34000000,24.54000000,400.98360000,1666053141121,False,True
39650362,16.34000000,4.53000000,74.02020000,1666053151668,False,True
39650363,16.34000000,5.24000000,85.62160000,1666053152168,False,True
39650364,16.34000000,3.43000000,56.04620000,1666053152188,False,True
39650365,16.34000000,8.58000000,140.19720000,1666053153335,False,True
39650366,16.34000000,0.63000000,10.29420000,1666053153335,False,True
39650367,16.34000000,6.55000000,107.02700000,1666053153410,True,True
39650368,16.34000000,0.69000000,11.27460000,1666053158592,True,True
39650369,16.34000000,0.88000000,14.37920000,1666053166173,True,True
39650370,16.34000000,9.82000000,160.45880000,1666053166189,True,True
39650371,16.34000000,8.75000000,142.97500000,1666053166189,True,True
39650372,16.34000000,0.88000000,14.37920000,1666053166202,True,True
39650373,16.33000000,0.96000000,15.67680000,1666053176512,True,True
39650374,16.34000000,6.11000000,99.83740000,1666053199984,False,True
39650375,16.33000000,0.67000000,10.94110000,1666053200612,True,True
39650376,16.33000000,14.00000000,228.62000000,1666053209217,False,True
39650377,16.33000000,2.09000000,34.12970000,1666053231481,False,True
39650378,16.33000000,0.74000000,12.08420000,1666053231481,False,True
39650379,16.33000000,28.65000000,467.85450000,1666053231482,False,True
39650380,16.33000000,0.68000000,11.10440000,1666053232246,False,True
39650381,16.33000000,11.85000000,193.51050000,1666053232246,False,True
39650382,16.33000000,3.94000000,64.34020000,1666053234255,False,True
39650383,16.33000000,0.68000000,11.10440000,1666053234255,False,True
39650384,16.34000000,7.88000000,128.75920000,1666053234255,False,True
39650385,16.33000000,5.68000000,92.75440000,1666053234300,True,True
39650386,16.34000000,24.85000000,406.04900000,1666053238720,False,True
39650387,16.34000000,5.81000000,94.93540000,1666053241781,False,True
39650388,16.34000000,8.06000000,131.70040000,1666053257041,False,True
39650389,16.34000000,1.28000000,20.91520000,1666053261323,False,True
39650390,16.34000000,1.46000000,23.85640000,1666053261323,False,True
39650391,16.34000000,17.87000000,291.99580000,1666053269564,True,True
39650392,16.34000000,10.78000000,176.14520000,1666053269564,True,True
39650393,16.34000000,2.91000000,47.54940000,1666053269572,True,True
39650394,16.34000000,30.58000000,499.67720000,1666053269572,True,True
39650395,16.33000000,8.31000000,135.70230000,1666053279746,True,True
39650396,16.33000000,16.92000000,276.30360000,1666053279746,True,True
39650397,16.33000000,1.48000000,24.16840000,1666053279752,True,True
39650398,16.33000000,0.93000000,15.18690000,1666053283182,False,True
39650399,16.33000000,1.28000000,20.90240000,1666053283461,False,True
39650400,16.33000000,9.28000000,151.54240000,1666053284592,False,True
39650401,16.34000000,30.58000000,499.67720000,1666053287214,False,True
39650402,16.34000000,123.83000000,2023.38220000,1666053287214,False,True
39650403,16.34000000,65.12000000,1064.06080000,1666053287214,False,True
39650404,16.34000000,67.40000000,1101.31600000,1666053287214,False,True
39650405,16.34000000,84.00000000,1372.56000000,1666053287214,False,True
39650406,16.34000000,170.27000000,2782.21180000,1666053287214,False,True
39650407,16.34000000,10.91000000,178.26940000,1666053287214,False,True
39650408,16.34000000,85.58000000,1398.37720000,1666053287214,False,True
39650409,16.34000000,2.00000000,32.68000000,1666053287214,False,True
39650410,16.34000000,1.11000000,18.13740000,1666053287214,False,True
39650411,16.34000000,1.11000000,18.13740000,1666053287214,False,True
39650412,16.34000000,11.25000000,183.82500000,1666053287214,False,True
39650413,16.34000000,157.74000000,2577.47160000,1666053287214,False,True
39650414,16.34000000,12.30000000,200.98200000,1666053287214,False,True
39650415,16.34000000,6.20000000,101.30800000,1666053287214,False,True
39650416,16.34000000,12.30000000,200.98200000,1666053287214,False,True
39650417,16.34000000,11.70000000,191.17800000,1666053287214,False,True
39650418,16.34000000,8.20000000,133.98800000,1666053287214,False,True
39650419,16.34000000,12.40000000,202.61600000,1666053287214,False,True
39650420,16.34000000,58.63000000,958.01420000,1666053287224,True,True
39650421,16.34000000,97.41000000,1591.67940000,1666053287226,True,True
39650422,16.34000000,2.48000000,40.52320000,1666053287227,True,True
39650423,16.34000000,216.62000000,3539.57080000,1666053287231,True,True
39650424,16.33000000,7.55000000,123.29150000,1666053307889,False,True
39650425,16.33000000,7.52000000,122.80160000,1666053307902,False,True
39650426,16.33000000,6.98000000,113.98340000,1666053311389,False,True
39650427,16.33000000,12.97000000,211.80010000,1666053311974,False,True
39650428,16.32000000,0.98000000,15.99360000,1666053328943,True,True
39650429,16.32000000,10.04000000,163.85280000,1666053328943,True,True
39650430,16.32000000,18.24000000,297.67680000,1666053329129,True,True
39650431,16.32000000,2.52000000,41.12640000,1666053329129,True,True
39650432,16.31000000,20.76000000,338.59560000,1666053329283,True,True
39650433,16.31000000,13.27000000,216.43370000,1666053336037,True,True
39650434,16.31000000,1.08000000,17.61480000,1666053336037,True,True
39650435,16.31000000,3.30000000,53.82300000,1666053336037,True,True
39650436,16.31000000,20.51000000,334.51810000,1666053336037,True,True
39650437,16.31000000,0.92000000,15.00520000,1666053336037,True,True
39650438,16.31000000,1.66000000,27.07460000,1666053336037,True,True
39650439,16.31000000,1.46000000,23.81260000,1666053336037,True,True
39650440,16.31000000,17.99000000,293.41690000,1666053336037,True,True
39650441,16.31000000,32.69000000,533.17390000,1666053346528,True,True
39650442,16.31000000,30.58000000,498.75980000,1666053346528,True,True
39650443,16.31000000,12.40000000,202.24400000,1666053346528,True,True
39650444,16.31000000,22.47000000,366.48570000,1666053346578,False,True
39650445,16.31000000,10.31000000,168.15610000,1666053346598,False,True
39650446,16.31000000,12.40000000,202.24400000,1666053346598,False,True
39650447,16.32000000,0.23000000,3.75360000,1666053346598,False,True
39650448,16.31000000,10.70000000,174.51700000,1666053346719,True,True
39650449,16.31000000,14.86000000,242.36660000,1666053346799,False,True
39650450,16.31000000,4.76000000,77.63560000,1666053354172,False,True
39650451,16.31000000,15.49000000,252.64190000,1666053359095,False,True
39650452,16.31000000,0.61000000,9.94910000,1666053360248,False,True
39650453,16.31000000,9.75000000,159.02250000,1666053360320,False,True
39650454,16.31000000,2.34000000,38.16540000,1666053361424,False,True
39650455,16.30000000,0.67000000,10.92100000,1666053364233,True,True
39650456,16.31000000,10.39000000,169.46090000,1666053364912,False,True
39650457,16.31000000,1.83000000,29.84730000,1666053364976,False,True
39650458,16.31000000,37.05000000,604.28550000,1666053369555,True,True
39650459,16.31000000,5.16000000,84.15960000,1666053369555,True,True
39650460,16.31000000,42.22000000,688.60820000,1666053371556,True,True
39650461,16.31000000,42.22000000,688.60820000,1666053372555,True,True
39650462,16.31000000,65.12000000,1062.10720000,1666053386620,True,True
39650463,16.31000000,49.47000000,806.85570000,1666053386620,True,True
39650464,16.31000000,15.97000000,260.47070000,1666053386620,True,True
39650465,16.31000000,0.62000000,10.11220000,1666053400180,False,True
39650466,16.31000000,33.04000000,538.88240000,1666053408289,False,True
39650467,16.31000000,55.30000000,901.94300000,1666053408291,False,True
39650468,16.31000000,46.12000000,752.21720000,1666053409233,True,True
39650469,16.31000000,19.05000000,310.70550000,1666053409244,True,True
39650470,16.31000000,20.00000000,326.20000000,1666053425318,False,True
39650471,16.32000000,33.50000000,546.72000000,1666053437876,False,True
39650472,16.32000000,6.26000000,102.16320000,1666053437928,False,True
39650473,16.32000000,25.38000000,414.20160000,1666053437950,False,True
39650474,16.32000000,11.36000000,185.39520000,1666053437950,False,True
39650475,16.32000000,5.00000000,81.60000000,1666053437950,False,True
39650476,16.32000000,1.00000000,16.32000000,1666053437950,False,True
39650477,16.32000000,20.00000000,326.40000000,1666053438009,True,True
39650478,16.32000000,43.73000000,713.67360000,1666053438009,True,True
39650479,16.32000000,95.30000000,1555.29600000,1666053438009,True,True
39650480,16.32000000,10.70000000,174.62400000,1666053438241,True,True
39650481,16.32000000,3.04000000,49.61280000,1666053438241,True,True
39650482,16.32000000,12.30000000,200.73600000,1666053438241,True,True
39650483,16.32000000,12.30000000,200.73600000,1666053438241,True,True
39650484,16.32000000,11.70000000,190.94400000,1666053438241,True,True
39650485,16.32000000,35.29000000,575.93280000,1666053438241,True,True
39650486,16.32000000,6.20000000,101.18400000,1666053438241,True,True
39650487,16.31000000,65.11000000,1061.94410000,1666053438241,True,True
39650488,16.31000000,0.97000000,15.82070000,1666053438241,True,True
39650489,16.32000000,65.16000000,1063.41120000,1666053438319,True,True
39650490,16.32000000,62.94000000,1027.18080000,1666053438319,True,True
39650491,16.32000000,11.07000000,180.66240000,1666053442580,True,True
39650492,16.32000000,3.12000000,50.91840000,1666053446127,True,True
39650493,16.32000000,12.92000000,210.85440000,1666053446127,True,True
39650494,16.32000000,1.50000000,24.48000000,1666053459944,True,True
39650495,16.33000000,0.67000000,10.94110000,1666053464473,False,True
39650496,16.32000000,11.22000000,183.11040000,1666053467368,True,True
39650497,16.32000000,1.08000000,17.62560000,1666053473465,False,True
39650498,16.32000000,14.99000000,244.63680000,1666053495908,False,True
39650499,16.32000000,20.23000000,330.15360000,1666053495908,False,True
39650500,16.31000000,3.15000000,51.37650000,1666053500810,True,True
39650501,16.30000000,10.09000000,164.46700000,1666053500810,True,True
39650502,16.30000000,0.98000000,15.97400000,1666053500810,True,True
39650503,16.30000000,1.08000000,17.60400000,1666053500810,True,True
39650504,16.30000000,2.92000000,47.59600000,1666053500810,True,True
39650505,16.30000000,1.35000000,22.00500000,1666053500810,True,True
39650506,16.30000000,2.61000000,42.54300000,1666053500810,True,True
39650507,16.31000000,12.54000000,204.52740000,1666053501422,True,True
39650508,16.30000000,3.39000000,55.25700000,1666053501436,True,True
39650509,16.30000000,9.15000000,149.14500000,1666053501436,True,True
39650510,16.30000000,52.19000000,850.69700000,1666053515570,True,True
39650511,16.30000000,2.07000000,33.74100000,1666053556075,True,True
39650512,16.30000000,33.04000000,538.55200000,1666053591336,True,True
39650513,16.30000000,1.11000000,18.09300000,1666053591389,True,True
39650514,16.30000000,49.06000000,799.67800000,1666053591389,True,True
39650515,16.29000000,10.76000000,175.28040000,1666053633065,True,True
39650516,16.29000000,1.08000000,17.59320000,1666053633065,True,True
39650517,16.29000000,3.30000000,53.75700000,1666053633065,True,True
39650518,16.29000000,1.66000000,27.04140000,1666053633065,True,True
39650519,16.29000000,0.43000000,7.00470000,1666053633065,True,True
39650520,16.29000000,1.03000000,16.77870000,1666053633067,True,True
39650521,16.29000000,2.34000000,38.11860000,1666053633481,False,True
39650522,16.29000000,1.49000000,24.27210000,1666053658675,False,True
39650523,16.30000000,1.50000000,24.45000000,1666053660608,False,True
39650524,16.29000000,15.93000000,259.49970000,1666053698720,True,True
39650525,16.29000000,23.52000000,383.14080000,1666053707440,True,True
39650526,16.29000000,3.76000000,61.25040000,1666053707576,True,True
39650527,16.29000000,3.45000000,56.20050000,1666053707576,True,True
39650528,16.29000000,33.74000000,549.62460000,1666053721016,False,True
39650529,16.28000000,0.98000000,15.95440000,1666053733296,True,True
39650530,16.28000000,1.09000000,17.74520000,1666053733296,True,True
39650531,16.28000000,2.92000000,47.53760000,1666053733296,True,True
39650532,16.28000000,4.05000000,65.93400000,1666053733296,True,True
39650533,16.28000000,1.35000000,21.97800000,1666053733296,True,True
39650534,16.28000000,0.68000000,11.07040000,1666053733296,True,True
39650535,16.28000000,0.97000000,15.79160000,1666053733296,True,True
39650536,16.28000000,0.68000000,11.07040000,1666053733296,True,True
39650537,16.28000000,6.00000000,97.68000000,1666053733296,True,True
39650538,16.28000000,3.30000000,53.72400000,1666053733296,True,True
39650539,16.28000000,1.66000000,27.02480000,1666053733296,True,True
39650540,16.28000000,1.32000000,21.48960000,1666053733296,True,True
39650541,16.28000000,35.78000000,582.49840000,1666053749041,True,True
39650542,16.28000000,56.85000000,925.51800000,1666053749234,False,True
39650543,16.27000000,0.98000000,15.94460000,1666053754422,True,True
39650544,16.27000000,12.28000000,199.79560000,1666053754422,True,True
39650545,16.27000000,1.09000000,17.73430000,1666053754422,True,True
39650546,16.27000000,1.84000000,29.93680000,1666053754422,True,True
39650547,16.27000000,18.85000000,306.68950000,1666053754422,True,True
39650548,16.27000000,15.01000000,244.21270000,1666053754422,True,True
39650549,16.27000000,65.02000000,1057.87540000,1666053754422,True,True
39650550,16.27000000,10.76000000,175.06520000,1666053754422,True,True
39650551,16.27000000,167.77000000,2729.61790000,1666053754422,True,True
39650552,16.27000000,1.78000000,28.96060000,1666053757125,True,True
39650553,16.27000000,18.43000000,299.85610000,1666053763138,True,True
39650554,16.27000000,6.50000000,105.75500000,1666053772780,True,True
39650555,16.27000000,1.46000000,23.75420000,1666053772780,True,True
39650556,16.27000000,36.18000000,588.64860000,1666053772780,True,True
39650557,16.27000000,2.35000000,38.23450000,1666053772798,False,True
39650558,16.27000000,2.35000000,38.23450000,1666053772833,False,True
39650559,16.27000000,1.00000000,16.27000000,1666053772979,False,True
39650560,16.27000000,20.00000000,325.40000000,1666053773093,False,True
39650561,16.27000000,8.46000000,137.64420000,1666053773170,False,True
39650562,16.27000000,2.40000000,39.04800000,1666053773187,False,True
39650563,16.27000000,2.56000000,41.65120000,1666053773247,False,True
39650564,16.27000000,4.67000000,75.98090000,1666053773464,False,True
39650565,16.27000000,28.65000000,466.13550000,1666053773476,False,True
39650566,16.27000000,20.98000000,341.34460000,1666053773486,False,True
39650567,16.27000000,4.45000000,72.40150000,1666053773626,False,True
39650568,16.27000000,4.41000000,71.75070000,1666053773708,False,True
39650569,16.27000000,3.62000000,58.89740000,1666053773762,False,True
39650570,16.27000000,9.10000000,148.05700000,1666053773773,False,True
39650571,16.27000000,2.34000000,38.07180000,1666053804867,False,True
39650572,16.27000000,8.56000000,139.27120000,1666053805287,True,True
39650573,16.27000000,1.17000000,19.03590000,1666053805287,True,True
39650574,16.27000000,7.39000000,120.23530000,1666053805295,True,True
39650575,16.27000000,2.35000000,38.23450000,1666053805980,False,True
39650576,16.27000000,5.59000000,90.94930000,1666053806209,False,True
39650577,16.27000000,2.35000000,38.23450000,1666053817575,False,True
39650578,16.27000000,2.35000000,38.23450000,1666053818604,False,True
39650579,16.27000000,21.78000000,354.36060000,1666053818668,False,True
39650580,16.27000000,18.33000000,298.22910000,1666053823309,True,True
39650581,16.27000000,0.92000000,14.96840000,1666053827126,True,True
39650582,16.28000000,7.39000000,120.30920000,1666053884462,False,True
39650583,16.28000000,0.86000000,14.00080000,1666053888674,False,True
39650584,16.28000000,0.98000000,15.95440000,1666053888674,False,True
39650585,16.29000000,9.96000000,162.24840000,1666053888674,False,True
39650586,16.28000000,35.82000000,583.14960000,1666053891051,True,True
39650587,16.28000000,31.55000000,513.63400000,1666053894280,False,True
39650588,16.28000000,31.82000000,518.02960000,1666053894280,False,True
39650589,16.29000000,9.87000000,160.78230000,1666053894314,False,True
39650590,16.29000000,30.56000000,497.82240000,1666053894314,False,True
39650591,16.28000000,30.58000000,497.84240000,1666053895157,True,True
39650592,16.28000000,8.56000000,139.35680000,1666053895157,True,True
39650593,16.28000000,3.90000000,63.49200000,1666053895157,True,True
39650594,16.28000000,7.49000000,121.93720000,1666053895157,True,True
39650595,16.28000000,0.99000000,16.11720000,1666053942603,False,True
39650596,16.28000000,12.43000000,202.36040000,1666053968899,False,True
39650597,16.28000000,30.58000000,497.84240000,1666053973313,False,True
39650598,16.28000000,17.05000000,277.57400000,1666054013140,True,True
39650599,16.28000000,30.58000000,497.84240000,1666054023212,True,True
39650600,16.28000000,40.00000000,651.20000000,1666054023212,True,True
39650601,16.28000000,2.35000000,38.25800000,1666054023252,False,True
39650602,16.28000000,21.40000000,348.39200000,1666054023350,False,True
39650603,16.28000000,2.35000000,38.25800000,1666054025760,False,True
39650604,16.28000000,4.04000000,65.77120000,1666054026616,False,True
39650605,16.27000000,0.98000000,15.94460000,1666054043358,True,True
39650606,16.27000000,24.50000000,398.61500000,1666054043358,True,True
39650607,16.26000000,1.04000000,16.91040000,1666054049641,True,True
39650608,16.26000000,0.05000000,0.81300000,1666054049641,True,True
39650609,16.26000000,2.92000000,47.47920000,1666054049641,True,True
39650610,16.26000000,1.35000000,21.95100000,1666054049641,True,True
39650611,16.26000000,4.06000000,66.01560000,1666054049641,True,True
39650612,16.26000000,0.69000000,11.21940000,1666054049641,True,True
39650613,16.26000000,1.66000000,26.99160000,1666054049641,True,True
39650614,16.26000000,4.84000000,78.69840000,1666054049641,True,True
39650615,16.26000000,61.02000000,992.18520000,1666054049641,True,True
39650616,16.26000000,56.84000000,924.21840000,1666054049641,True,True
39650617,16.26000000,74.34000000,1208.76840000,1666054049641,True,True
39650618,16.26000000,22.90000000,372.35400000,1666054052337,True,True
39650619,16.26000000,3.30000000,53.65800000,1666054089950,True,True
39650620,16.26000000,1.46000000,23.73960000,1666054089950,True,True
39650621,16.26000000,4.76000000,77.39760000,1666054089972,False,True
39650622,16.26000000,2.36000000,38.37360000,1666054089976,False,True
39650623,16.26000000,1.16000000,18.86160000,1666054090009,False,True
39650624,16.25000000,0.98000000,15.92500000,1666054099116,True,True
39650625,16.25000000,1.09000000,17.71250000,1666054099116,True,True
39650626,16.25000000,1.24000000,20.15000000,1666054099116,True,True
39650627,16.25000000,0.91000000,14.78750000,1666054099116,True,True
39650628,16.25000000,3.30000000,53.62500000,1666054099116,True,True
39650629,16.25000000,1.46000000,23.72500000,1666054099116,True,True
39650630,16.25000000,1.45000000,23.56250000,1666054099332,False,True
39650631,16.25000000,20.00000000,325.00000000,1666054103437,False,True
39650632,16.25000000,58.72000000,954.20000000,1666054103617,False,True
39650633,16.25000000,7.14000000,116.02500000,1666054103627,False,True
39650634,16.25000000,8.41000000,136.66250000,1666054103627,False,True
39650635,16.26000000,1.45000000,23.57700000,1666054154052,False,True
39650636,16.25000000,57.73000000,938.11250000,1666054227503,True,True
39650637,16.25000000,15.55000000,252.68750000,1666054227506,True,True
39650638,16.25000000,5.16000000,83.85000000,1666054227557,True,True
39650639,16.25000000,59.18000000,961.67500000,1666054227557,True,True
39650640,16.25000000,155.00000000,2518.75000000,1666054227634,True,True
39650641,16.25000000,20.00000000,325.00000000,1666054274811,False,True
39650642,16.25000000,32.89000000,534.46250000,1666054278168,False,True
39650643,16.25000000,1.65000000,26.81250000,1666054278790,False,True
39650644,16.25000000,11.35000000,184.43750000,1666054278849,False,True
39650645,16.25000000,1.85000000,30.06250000,1666054302546,False,True
39650646,16.24000000,1.09000000,17.70160000,1666054305300,True,True
39650647,16.24000000,2.93000000,47.58320000,1666054305300,True,True
39650648,16.24000000,4.06000000,65.93440000,1666054305300,True,True
39650649,16.24000000,1.84000000,29.88160000,1666054305300,True,True
39650650,16.24000000,5.54000000,89.96960000,1666054305300,True,True
39650651,16.24000000,1.87000000,30.36880000,1666054305300,True,True
39650652,16.24000000,1.23000000,19.97520000,1666054305300,True,True
39650653,16.24000000,3.14000000,50.99360000,1666054305300,True,True
39650654,16.24000000,3.30000000,53.59200000,1666054305300,True,True
39650655,16.24000000,1.46000000,23.71040000,1666054305300,True,True
39650656,16.24000000,2.36000000,38.32640000,1666054305325,False,True
39650657,16.24000000,30.67000000,498.08080000,1666054305336,False,True
39650658,16.24000000,2.36000000,38.32640000,1666054307332,False,True
39650659,16.24000000,5.89000000,95.65360000,1666054315263,False,True
39650660,16.24000000,17.97000000,291.83280000,1666054315263,False,True
39650661,16.24000000,9.14000000,148.43360000,1666054315263,False,True
39650662,16.24000000,22.90000000,371.89600000,1666054315263,False,True
39650663,16.25000000,72.66000000,1180.72500000,1666054315263,False,True
39650664,16.24000000,42.94000000,697.34560000,1666054317585,True,True
39650665,16.24000000,30.59000000,496.78160000,1666054317585,True,True
39650666,16.23000000,0.98000000,15.90540000,1666054317585,True,True
39650667,16.23000000,1.09000000,17.69070000,1666054317585,True,True
39650668,16.23000000,1.35000000,21.91050000,1666054317585,True,True
39650669,16.23000000,1.85000000,30.02550000,1666054317585,True,True
39650670,16.23000000,0.68000000,11.03640000,1666054317585,True,True
39650671,16.23000000,0.68000000,11.03640000,1666054317585,True,True
39650672,16.23000000,12.28000000,199.30440000,1666054317585,True,True
39650673,16.23000000,10.76000000,174.63480000,1666054317585,True,True
39650674,16.23000000,160.62000000,2606.86260000,1666054317585,True,True
39650675,16.23000000,42.43000000,688.63890000,1666054317585,True,True
39650676,16.24000000,0.75000000,12.18000000,1666054328386,False,True
39650677,16.24000000,0.84000000,13.64160000,1666054328884,False,True
39650678,16.24000000,20.00000000,324.80000000,1666054335473,False,True
39650679,16.24000000,2.83000000,45.95920000,1666054375102,True,True
39650680,16.24000000,20.00000000,324.80000000,1666054385120,True,True
39650681,16.24000000,12.89000000,209.33360000,1666054385120,True,True
39650682,16.24000000,59.21000000,961.57040000,1666054385163,True,True
39650683,16.24000000,64.21000000,1042.77040000,1666054385171,True,True
39650684,16.24000000,1.00000000,16.24000000,1666054390527,False,True
39650685,16.24000000,123.42000000,2004.34080000,1666054431709,True,True
39650686,16.25000000,0.96000000,15.60000000,1666054458438,False,True
39650687,16.24000000,5.88000000,95.49120000,1666054480183,False,True
39650688,16.24000000,29.93000000,486.06320000,1666054483557,False,True
39650689,16.24000000,0.65000000,10.55600000,1666054493293,False,True
39650690,16.24000000,2.25000000,36.54000000,1666054493293,False,True
39650691,16.23000000,1.63000000,26.45490000,1666054511328,True,True
39650692,16.24000000,3.07000000,49.85680000,1666054541501,False,True
39650693,16.23000000,5.55000000,90.07650000,1666054545768,True,True
39650694,16.24000000,26.36000000,428.08640000,1666054551679,False,True
39650695,16.24000000,2.36000000,38.32640000,1666054570185,False,True
39650696,16.24000000,1.45000000,23.54800000,1666054583107,False,True
39650697,16.24000000,21.02000000,341.36480000,1666054583883,False,True
39650698,16.24000000,9.66000000,156.87840000,1666054584105,False,True
39650699,16.24000000,10.34000000,167.92160000,1666054584105,False,True
39650700,16.24000000,20.00000000,324.80000000,1666054584250,False,True
39650701,16.24000000,2.41000000,39.13840000,1666054588387,False,True
39650702,16.24000000,0.90000000,14.61600000,1666054599843,False,True
39650703,16.24000000,2.10000000,34.10400000,1666054599843,False,True
39650704,16.24000000,0.80000000,12.99200000,1666054605121,True,True
39650705,16.24000000,2.36000000,38.32640000,1666054622475,False,True
39650706,16.24000000,1.98000000,32.15520000,1666054642270,True,True
39650707,16.24000000,4.39000000,71.29360000,1666054657051,True,True
39650708,16.24000000,24.21000000,393.17040000,1666054698961,True,True
39650709,16.24000000,2.12000000,34.42880000,1666054698961,True,True
39650710,16.25000000,0.98000000,15.92500000,1666054707627,False,True
39650711,16.26000000,7.81000000,126.99060000,1666054715464,False,True
39650712,16.26000000,3.30000000,53.65800000,1666054716019,False,True
39650713,16.26000000,1.46000000,23.73960000,1666054716019,False,True
39650714,16.26000000,2.34000000,38.04840000,1666054716019,False,True
39650715,16.27000000,0.98000000,15.94460000,1666054743232,False,True
39650716,16.27000000,3.07000000,49.94890000,1666054743232,False,True
39650717,16.27000000,1.09000000,17.73430000,1666054743232,False,True
39650718,16.27000000,2.37000000,38.55990000,1666054743232,False,True
39650719,16.27000000,3.30000000,53.69100000,1666054743232,False,True
39650720,16.27000000,1.46000000,23.75420000,1666054743232,False,True
39650721,16.27000000,8.05000000,130.97350000,1666054743232,False,True
39650722,16.27000000,4.34000000,70.61180000,1666054743611,True,True
39650723,16.28000000,0.98000000,15.95440000,1666054801630,False,True
39650724,16.28000000,0.37000000,6.02360000,1666054801630,False,True
39650725,16.27000000,40.89000000,665.28030000,1666054807100,True,True
39650726,16.27000000,60.84000000,989.86680000,1666054807100,True,True
39650727,16.27000000,8.06000000,131.13620000,1666054807100,True,True
39650728,16.27000000,8.83000000,143.66410000,1666054807100,True,True
39650729,16.27000000,21.72000000,353.38440000,1666054812549,True,True
39650730,16.27000000,4.93000000,80.21110000,1666054812549,True,True
39650731,16.27000000,0.98000000,15.94460000,1666054812549,True,True
39650732,16.27000000,5.35000000,87.04450000,1666054812561,False,True
39650733,16.28000000,2.56000000,41.67680000,1666054812561,False,True
39650734,16.28000000,1.09000000,17.74520000,1666054812561,False,True
39650735,16.28000000,0.22000000,3.58160000,1666054812561,False,True
39650736,16.27000000,1.06000000,17.24620000,1666054874010,False,True
39650737,16.26000000,7.81000000,126.99060000,1666054887359,True,True
39650738,16.26000000,24.95000000,405.68700000,1666054887359,True,True
39650739,16.26000000,0.75000000,12.19500000,1666054887359,True,True
39650740,16.26000000,1.46000000,23.73960000,1666054887359,True,True
39650741,16.25000000,0.99000000,16.08750000,1666054900431,True,True
39650742,16.25000000,0.98000000,15.92500000,1666054900551,True,True
39650743,16.25000000,3.30000000,53.62500000,1666054900551,True,True
39650744,16.25000000,8.90000000,144.62500000,1666054900551,True,True
39650745,16.25000000,18.16000000,295.10000000,1666054900554,True,True
39650746,16.25000000,1.46000000,23.72500000,1666054900554,True,True
39650747,16.25000000,1.45000000,23.56250000,1666054900720,False,True
39650748,16.24000000,17.97000000,291.83280000,1666054908965,True,True
39650749,16.24000000,1.09000000,17.70160000,1666054908965,True,True
39650750,16.24000000,2.93000000,47.58320000,1666054908965,True,True
39650751,16.24000000,6.00000000,97.44000000,1666054908965,True,True
39650752,16.24000000,17.28000000,280.62720000,1666054908965,True,True
39650753,16.24000000,33.62000000,545.98880000,1666054908965,True,True
39650754,16.24000000,9.43000000,153.14320000,1666054909711,True,True
39650755,16.24000000,3.00000000,48.72000000,1666054909711,True,True
39650756,16.24000000,3.42000000,55.54080000,1666054911315,False,True
39650757,16.24000000,2.36000000,38.32640000,1666054911330,False,True
39650758,16.23000000,17.97000000,291.65310000,1666054939520,True,True
39650759,16.23000000,8.79000000,142.66170000,1666054939520,True,True
39650760,16.23000000,3.63000000,58.91490000,1666054939520,True,True
39650761,16.24000000,17.18000000,279.00320000,1666054971565,False,True
39650762,16.24000000,17.36000000,281.92640000,1666054974972,False,True
39650763,16.24000000,4.88000000,79.25120000,1666054999148,False,True
39650764,16.24000000,20.48000000,332.59520000,1666054999148,False,True
39650765,16.23000000,0.98000000,15.90540000,1666055021242,True,True
39650766,16.23000000,1.09000000,17.69070000,1666055021242,True,True
39650767,16.23000000,6.62000000,107.44260000,1666055021242,True,True
39650768,16.24000000,7.36000000,119.52640000,1666055043019,False,True
39650769,16.24000000,30.81000000,500.35440000,1666055063895,False,True
39650770,16.24000000,17.97000000,291.83280000,1666055065429,False,True
39650771,16.24000000,3.09000000,50.18160000,1666055065429,False,True
39650772,16.24000000,6.38000000,103.61120000,1666055065429,False,True
39650773,16.24000000,8.72000000,141.61280000,1666055065429,False,True
39650774,16.24000000,30.59000000,496.78160000,1666055065429,False,True
39650775,16.25000000,11.19000000,181.83750000,1666055096901,False,True
39650776,16.25000000,8.79000000,142.83750000,1666055096901,False,True
39650777,16.25000000,10.17000000,165.26250000,1666055096901,False,True
39650778,16.25000000,2.63000000,42.73750000,1666055096901,False,True
39650779,16.25000000,0.98000000,15.92500000,1666055096904,False,True
39650780,16.25000000,7.87000000,127.88750000,1666055096904,False,True
39650781,16.26000000,10.68000000,173.65680000,1666055107967,False,True
39650782,16.25000000,46.55000000,756.43750000,1666055108611,True,True
39650783,16.25000000,27.30000000,443.62500000,1666055108611,True,True
39650784,16.25000000,16.01000000,260.16250000,1666055108611,True,True
39650785,16.26000000,10.47000000,170.24220000,1666055108616,False,True
39650786,16.25000000,1.22000000,19.82500000,1666055109245,False,True
39650787,16.24000000,21.39000000,347.37360000,1666055150912,True,True
39650788,16.24000000,7.35000000,119.36400000,1666055201302,True,True
39650789,16.26000000,9.44000000,153.49440000,1666055257263,False,True
39650790,16.26000000,3.09000000,50.24340000,1666055257263,False,True
39650791,16.26000000,113.02000000,1837.70520000,1666055257263,False,True
39650792,16.25000000,6.42000000,104.32500000,1666055257268,True,True
39650793,16.25000000,5.35000000,86.93750000,1666055257268,True,True
