2486608,18.04900000,0.77600000,14.00602400,1622505644099,True,True
2486609,18.02800000,6.31400000,113.82879200,1622505667083,True,True
2486610,18.02700000,0.77400000,13.95289800,1622505667083,True,True
2486611,18.02700000,0.77400000,13.95289800,1622505667083,True,True
2486612,18.02700000,0.77400000,13.95289800,1622505667083,True,True
2486613,18.02700000,0.77400000,13.95289800,1622505667083,True,True
2486614,18.02700000,0.77400000,13.95289800,1622505667083,True,True
2486615,18.02700000,0.77400000,13.95289800,1622505667083,True,True
2486616,18.02700000,0.32100000,5.78666700,1622505667083,True,True
2486617,18.14800000,0.77300000,14.02840400,1622505686491,False,True
2486618,18.14800000,0.77300000,14.02840400,1622505686491,False,True
2486619,18.14800000,0.77300000,14.02840400,1622505686491,False,True
2486620,18.14800000,0.77300000,14.02840400,1622505686491,False,True
2486621,18.14800000,0.77300000,14.02840400,1622505686491,False,True
2486622,18.14800000,0.77300000,14.02840400,1622505686491,False,True
2486623,18.14800000,0.77300000,14.02840400,1622505686491,False,True
2486624,18.14800000,0.10100000,1.83294800,1622505686491,False,True
2486625,18.14800000,0.67200000,12.19545600,1622505686494,False,True
2486626,18.14800000,0.44600000,8.09400800,1622505686494,False,True
2486627,18.14900000,20.30000000,368.42470000,1622505686528,False,True
2486628,18.14900000,0.06200000,1.12523800,1622505687249,False,True
2486629,18.15800000,0.77600000,14.09060800,1622505687279,False,True
2486630,18.14900000,0.82600000,14.99107400,1622505687281,True,True
2486631,18.17800000,6.31400000,114.77589200,1622505691506,False,True
2486632,18.19000000,10.00000000,181.90000000,1622505691897,False,True
2486633,18.19100000,0.55600000,10.11419600,1622505691906,False,True
2486634,18.19100000,0.56200000,10.22334200,1622505691906,False,True
2486635,18.19100000,10.00000000,181.91000000,1622505691906,False,True
2486636,18.19600000,3.46400000,63.03094400,1622505691919,False,True
2486637,18.20000000,7.49300000,136.37260000,1622505692375,False,True
2486638,18.20000000,3.43800000,62.57160000,1622505692375,False,True
2486639,18.20100000,1.12000000,20.38512000,1622505693170,False,True
2486640,18.21000000,1.13200000,20.61372000,1622505695039,False,True
2486641,18.21000000,0.29600000,5.39016000,1622505696376,True,True
2486642,18.21000000,0.55500000,10.10655000,1622505696376,True,True
2486643,18.22000000,2.30500000,41.99710000,1622505696505,False,True
2486644,18.22000000,1.05000000,19.13100000,1622505696505,False,True
2486645,18.22200000,0.56300000,10.25898600,1622505696772,False,True
2486646,18.22300000,4.22000000,76.90106000,1622505696772,False,True
2486647,18.22300000,52.98400000,965.52743200,1622505696960,False,True
2486648,18.22800000,0.57700000,10.51755600,1622505697380,False,True
2486649,18.22800000,0.55900000,10.18945200,1622505697380,False,True
2486650,18.23100000,0.88900000,16.20735900,1622505697444,False,True
2486651,18.23600000,1.31000000,23.88916000,1622505697499,False,True
2486652,18.23600000,0.56200000,10.24863200,1622505697499,False,True
2486653,18.24500000,0.55400000,10.10773000,1622505700217,False,True
2486654,18.24500000,0.55400000,10.10773000,1622505700592,False,True
2486655,18.24500000,0.02300000,0.41963500,1622505701279,False,True
2486656,18.24500000,0.85400000,15.58123000,1622505701311,True,True
2486657,18.24500000,0.55400000,10.10773000,1622505702065,True,True
2486658,18.25200000,0.82200000,15.00314400,1622505723913,False,True
2486659,18.25200000,0.29100000,5.31133200,1622505724443,False,True
2486660,18.26700000,0.76700000,14.01078900,1622505724642,False,True
2486661,18.26900000,0.55600000,10.15756400,1622505724652,False,True
2486662,18.27000000,1.81300000,33.12351000,1622505724850,False,True
2486663,18.27400000,0.55300000,10.10552200,1622505724891,False,True
2486664,18.28400000,0.56200000,10.27560800,1622505725094,False,True
2486665,18.28600000,0.16800000,3.07204800,1622505725094,False,True
2486666,18.28600000,0.39300000,7.18639800,1622505725131,False,True
2486667,18.29800000,0.55900000,10.22858200,1622505725632,False,True
2486668,18.29900000,0.55900000,10.22914100,1622505725652,False,True
2486669,18.30700000,58.27700000,1066.87703900,1622505725916,False,True
2486670,18.31700000,0.54600000,10.00108200,1622505726995,False,True
2486671,18.32200000,2.07700000,38.05479400,1622505727044,False,True
2486672,18.34400000,0.55100000,10.10754400,1622505728644,False,True
2486673,18.34400000,0.55100000,10.10754400,1622505728711,False,True
2486674,18.34400000,0.55100000,10.10754400,1622505729053,False,True
2486675,18.34400000,58.97700000,1081.87408800,1622505730669,False,True
2486676,18.35700000,3.89700000,71.53722900,1622505730980,False,True
2486677,18.36600000,65.00000000,1193.79000000,1622505731501,False,True
2486678,18.36700000,4.00000000,73.46800000,1622505731514,False,True
2486679,18.36600000,65.00000000,1193.79000000,1622505731569,False,True
2486680,18.37500000,1.12300000,20.63512500,1622505731594,False,True
2486681,18.37700000,0.75700000,13.91138900,1622505731711,False,True
2486682,18.37700000,53.34800000,980.37619600,1622505731711,False,True
2486683,18.37800000,0.72200000,13.26891600,1622505732160,False,True
2486684,18.37800000,0.97800000,17.97368400,1622505733492,False,True
2486685,18.32300000,5.62400000,103.04855200,1622505734386,True,True
2486686,18.32300000,0.65600000,12.01988800,1622505735407,True,True
2486687,18.32200000,15.95400000,292.30918800,1622505735407,True,True
2486688,18.38600000,5.62400000,103.40286400,1622505741395,False,True
2486689,18.38600000,0.65600000,12.06121600,1622505741395,False,True
2486690,18.38700000,0.55400000,10.18639800,1622505741739,False,True
2486691,18.39000000,0.55900000,10.28001000,1622505741795,False,True
2486692,18.39000000,0.55000000,10.11450000,1622505741795,False,True
2486693,18.39000000,15.28300000,281.05437000,1622505741795,False,True
2486694,18.39300000,1.64900000,30.33005700,1622505742544,False,True
2486695,18.39600000,0.55000000,10.11780000,1622505746430,False,True
2486696,18.39600000,0.45000000,8.27820000,1622505748952,False,True
2486697,18.39600000,0.10000000,1.83960000,1622505749212,True,True
2486698,18.39900000,0.54900000,10.10105100,1622505752042,False,True
2486699,18.39900000,0.55700000,10.24824300,1622505752234,False,True
2486700,18.39900000,1.07400000,19.76052600,1622505752244,True,True
2486701,18.33800000,1.37100000,25.14139800,1622505754670,True,True
2486702,18.33800000,6.29700000,115.47438600,1622505754670,True,True
2486703,18.33800000,0.82800000,15.18386400,1622505754687,False,True
2486704,18.39900000,1.07400000,19.76052600,1622505754861,False,True
2486705,18.39900000,0.01400000,0.25758600,1622505755029,True,True
2486706,18.39800000,6.29700000,115.85220600,1622505768983,False,True
2486707,18.39900000,1.37100000,25.22502900,1622505768983,False,True
2486708,18.40000000,0.55700000,10.24880000,1622505768983,False,True
2486709,18.40300000,2.27500000,41.86682500,1622505768983,False,True
2486710,18.39800000,0.54900000,10.10050200,1622505776179,True,True
2486711,18.40300000,0.00700000,0.12882100,1622505789497,False,True
2486712,18.34600000,2.24000000,41.09504000,1622505789614,True,True
2486713,18.34600000,1.16000000,21.28136000,1622505789628,True,True
2486714,18.34600000,1.08000000,19.81368000,1622505789628,True,True
2486715,18.34600000,0.60900000,11.17271400,1622505789645,True,True
2486716,18.34600000,4.62600000,84.86859600,1622505789740,True,True
2486717,18.34400000,20.36200000,373.52052800,1622505789740,True,True
2486718,18.34200000,20.28200000,372.01244400,1622505789740,True,True
2486719,18.34200000,0.60900000,11.17027800,1622505789747,True,True
2486720,18.34200000,1.09600000,20.10283200,1622505789780,True,True
2486721,18.34200000,0.55900000,10.25317800,1622505789985,True,True
2486722,18.40400000,1.68900000,31.08435600,1622505790556,False,True
2486723,18.40400000,4.62600000,85.13690400,1622505790556,False,True
2486724,18.40500000,20.36200000,374.76261000,1622505790575,False,True
2486725,18.40700000,13.63400000,250.96103800,1622505790680,False,True
2486726,18.40700000,1.92000000,35.34144000,1622505792536,False,True
2486727,18.40300000,1.08700000,20.00406100,1622505793845,True,True
2486728,18.41000000,0.56500000,10.40165000,1622505793848,False,True
2486729,18.40700000,1.00000000,18.40700000,1622505796717,True,True
2486730,18.35600000,1.37100000,25.16607600,1622505800552,True,True
2486731,18.32900000,1.08700000,19.92362300,1622505801936,True,True
2486732,18.32900000,6.34100000,116.22418900,1622505801936,True,True
2486733,18.32300000,58.85400000,1078.38184200,1622505802013,True,True
2486734,18.31700000,0.55200000,10.11098400,1622505802410,True,True
2486735,18.29100000,6.31400000,115.48937400,1622505804232,True,True
2486736,18.29000000,0.86000000,15.72940000,1622505808092,True,True
2486737,18.26700000,7.26400000,132.69148800,1622505814948,True,True
2486738,18.26600000,0.75700000,13.82736200,1622505814948,True,True
2486739,18.31600000,0.54900000,10.05548400,1622505817080,False,True
2486740,18.31600000,0.55200000,10.11043200,1622505817844,False,True
2486741,18.31600000,0.55200000,10.11043200,1622505822070,False,True
2486742,18.28400000,0.60100000,10.98868400,1622505825697,False,True
2486743,18.28400000,0.55200000,10.09276800,1622505826243,False,True
2486744,18.37500000,0.55200000,10.14300000,1622505832808,False,True
2486745,18.34400000,6.31400000,115.82401600,1622505927192,False,True
2486746,18.37000000,6.34100000,116.48417000,1622505932546,False,True
2486747,18.37000000,50.00000000,918.50000000,1622505935997,False,True
2486748,18.33400000,0.82200000,15.07054800,1622505936020,True,True
2486749,18.37500000,1241.68400000,22815.94350000,1622505937519,False,True
2486750,18.37500000,375.69700000,6903.43237500,1622505937519,False,True
2486751,18.37500000,959.36000000,17628.24000000,1622505938958,False,True
2486752,18.37500000,2264.83000000,41616.25125000,1622505938972,False,True
2486753,18.37500000,2264.83000000,41616.25125000,1622505939026,False,True
2486754,18.37500000,959.36000000,17628.24000000,1622505939027,False,True
2486755,18.37500000,9.72000000,178.60500000,1622505939027,False,True
2486756,18.37500000,12.60000000,231.52500000,1622505939494,False,True
2486757,18.37500000,434.58600000,7985.51775000,1622505939644,False,True
2486758,18.37500000,1956.83200000,35956.78800000,1622505939651,False,True
2486759,18.37500000,69.69400000,1280.62725000,1622505939660,False,True
2486760,18.37700000,0.75700000,13.91138900,1622505940899,False,True
2486761,18.38100000,0.86000000,15.80766000,1622505940899,False,True
2486762,18.41000000,3.81100000,70.16051000,1622505942351,False,True
2486763,18.41000000,0.01900000,0.34979000,1622505942372,False,True
2486764,18.41600000,0.55800000,10.27612800,1622505942372,False,True
2486765,18.41700000,0.55200000,10.16618400,1622505942372,False,True
2486766,18.42000000,6.27600000,115.60392000,1622505942372,False,True
2486767,18.43200000,10.56700000,194.77094400,1622505942929,False,True
2486768,18.44100000,0.60700000,11.19368700,1622505943289,False,True
2486769,18.44700000,4.39400000,81.05611800,1622505943867,False,True
2486770,18.44700000,39.19800000,723.08550600,1622505947219,False,True
2486771,18.45300000,1.79900000,33.19694700,1622505947426,False,True
2486772,18.45700000,8.02800000,148.17279600,1622505951869,False,True
2486773,18.45700000,0.55400000,10.22517800,1622505951869,False,True
2486774,18.45700000,0.00100000,0.01845700,1622505954612,False,True
2486775,18.47000000,9.84600000,181.85562000,1622505954629,False,True
2486776,18.47000000,20.43900000,377.50833000,1622505955524,False,True
2486777,18.45000000,16.43000000,303.13350000,1622505956591,True,True
2486778,18.44100000,10.12500000,186.71512500,1622505957399,True,True
2486779,18.45700000,0.54800000,10.11443600,1622505959820,True,True
2486780,18.45300000,1.10200000,20.33520600,1622505959820,True,True
2486781,18.47800000,0.62300000,11.51179400,1622505961546,False,True
2486782,18.45000000,6.31300000,116.47485000,1622505968902,True,True
2486783,18.45700000,1.17900000,21.76080300,1622505968923,False,True
2486784,18.48100000,0.59600000,11.01467600,1622505982024,False,True
2486785,18.48100000,0.54700000,10.10910700,1622505983329,False,True
2486786,18.48100000,0.54700000,10.10910700,1622505983880,False,True
2486787,18.44700000,0.75800000,13.98282600,1622506011066,True,True
2486788,18.44700000,1.69300000,31.23077100,1622506011066,True,True
2486789,18.44700000,0.75800000,13.98282600,1622506011066,True,True
2486790,18.44700000,0.75800000,13.98282600,1622506011066,True,True
2486791,18.44700000,0.75800000,13.98282600,1622506011066,True,True
2486792,18.44700000,0.75800000,13.98282600,1622506011066,True,True
2486793,18.44700000,0.75800000,13.98282600,1622506011066,True,True
2486794,18.44700000,0.07200000,1.32818400,1622506011066,True,True
2486795,18.44700000,0.68600000,12.65464200,1622506011073,True,True
2486796,18.44700000,0.75800000,13.98282600,1622506011073,True,True
2486797,18.44700000,0.43400000,8.00599800,1622506011073,True,True
2486798,18.44600000,9.94400000,183.42702400,1622506011073,True,True
2486799,18.43400000,0.75800000,13.97297200,1622506012281,True,True
2486800,18.43400000,0.75800000,13.97297200,1622506012281,True,True
2486801,18.43400000,0.75800000,13.97297200,1622506012281,True,True
2486802,18.43400000,0.75800000,13.97297200,1622506012281,True,True
2486803,18.43400000,0.75800000,13.97297200,1622506012281,True,True
2486804,18.43400000,0.75800000,13.97297200,1622506012281,True,True
2486805,18.43400000,0.75800000,13.97297200,1622506012281,True,True
2486806,18.43400000,0.75800000,13.97297200,1622506012281,True,True
2486807,18.43400000,0.43600000,8.03722400,1622506012281,True,True
2486808,18.43300000,9.28500000,171.15040500,1622506012281,True,True
2486809,18.42300000,3.80000000,70.00740000,1622506020376,True,True
2486810,18.39200000,0.76000000,13.97792000,1622506024925,True,True
2486811,18.39200000,0.76000000,13.97792000,1622506024925,True,True
2486812,18.39200000,0.76000000,13.97792000,1622506024925,True,True
2486813,18.39200000,0.76000000,13.97792000,1622506024925,True,True
2486814,18.39200000,0.76000000,13.97792000,1622506024925,True,True
2486815,18.39200000,0.76000000,13.97792000,1622506024925,True,True
2486816,18.39200000,0.76000000,13.97792000,1622506024925,True,True
2486817,18.39200000,0.11900000,2.18864800,1622506024925,True,True
2486818,18.39200000,0.64100000,11.78927200,1622506024927,True,True
2486819,18.39200000,0.43600000,8.01891200,1622506024927,True,True
2486820,18.39100000,100.00000000,1839.10000000,1622506025554,True,True
2486821,18.39200000,4.62300000,85.02621600,1622506028523,False,True
2486822,18.39200000,1.69300000,31.13765600,1622506028523,False,True
2486823,18.39200000,0.76200000,14.01470400,1622506028523,False,True
2486824,18.39200000,0.76200000,14.01470400,1622506028523,False,True
2486825,18.39200000,0.76200000,14.01470400,1622506028523,False,True
2486826,18.39200000,0.76200000,14.01470400,1622506028523,False,True
2486827,18.39200000,0.76200000,14.01470400,1622506028523,False,True
2486828,18.39200000,0.76200000,14.01470400,1622506028523,False,True
2486829,18.39200000,0.76200000,14.01470400,1622506028523,False,True
2486830,18.39200000,0.76200000,14.01470400,1622506028523,False,True
2486831,18.39200000,0.43600000,8.01891200,1622506028523,False,True
2486832,18.39300000,29.29700000,538.85972100,1622506028523,False,True
2486833,18.30500000,0.76300000,13.96671500,1622506053465,True,True
2486834,18.30500000,0.76300000,13.96671500,1622506053465,True,True
2486835,18.30500000,0.76300000,13.96671500,1622506053465,True,True
2486836,18.30500000,0.76300000,13.96671500,1622506053465,True,True
2486837,18.30500000,0.76300000,13.96671500,1622506053465,True,True
2486838,18.30500000,0.76300000,13.96671500,1622506053465,True,True
2486839,18.30500000,0.76300000,13.96671500,1622506053465,True,True
2486840,18.30500000,0.12300000,2.25151500,1622506053465,True,True
2486841,18.30500000,0.64000000,11.71520000,1622506053465,True,True
2486842,18.30500000,0.44200000,8.09081000,1622506053465,True,True
2486843,18.30400000,4.00000000,73.21600000,1622506053465,True,True
2486844,18.30400000,1.21700000,22.27596800,1622506053465,True,True
2486845,18.30400000,0.59900000,10.96409600,1622506053465,True,True
2486846,18.30400000,2.70100000,49.43910400,1622506053465,True,True
2486847,18.30500000,1.10700000,20.26363500,1622506053528,True,True
2486848,18.30400000,51.64400000,945.29177600,1622506053546,True,True
2486849,18.30200000,42.13200000,771.09986400,1622506053555,True,True
2486850,18.30000000,24.20000000,442.86000000,1622506053581,True,True
2486851,18.30000000,2822.38700000,51649.68210000,1622506053583,True,True
2486852,18.30000000,18.00000000,329.40000000,1622506053841,True,True
2486853,18.30000000,51.50000000,942.45000000,1622506053889,True,True
2486854,18.30100000,6.31400000,115.55251400,1622506054373,True,True
2486855,18.30100000,0.76400000,13.98196400,1622506056898,True,True
2486856,18.30100000,0.76400000,13.98196400,1622506056898,True,True
2486857,18.30100000,0.76400000,13.98196400,1622506056898,True,True
2486858,18.30100000,0.76400000,13.98196400,1622506056898,True,True
2486859,18.30100000,0.76400000,13.98196400,1622506056898,True,True
2486860,18.30100000,0.76400000,13.98196400,1622506056898,True,True
2486861,18.30100000,0.76400000,13.98196400,1622506056898,True,True
2486862,18.30100000,0.11800000,2.15951800,1622506056898,True,True
2486863,18.30100000,0.64600000,11.82244600,1622506056898,True,True
2486864,18.30100000,0.43700000,7.99753700,1622506056898,True,True
2486865,18.30000000,2800.25800000,51244.72140000,1622506057484,True,True
2486866,18.30000000,21.30000000,389.79000000,1622506059934,True,True
2486867,18.30000000,20.40000000,373.32000000,1622506060234,True,True
2486868,18.30000000,98.24700000,1797.92010000,1622506063826,True,True
2486869,18.31900000,1.37700000,25.22526300,1622506064110,False,True
2486870,18.30100000,20.36200000,372.64496200,1622506065878,True,True
2486871,18.30000000,20.00000000,366.00000000,1622506065904,True,True
2486872,18.30000000,12.03100000,220.16730000,1622506065907,True,True
2486873,18.30000000,1.99200000,36.45360000,1622506066004,True,True
2486874,18.30000000,5.63400000,103.10220000,1622506066008,True,True
2486875,18.30000000,23.99800000,439.16340000,1622506066009,True,True
2486876,18.30000000,31.77700000,581.51910000,1622506066012,True,True
2486877,18.30000000,5.63400000,103.10220000,1622506066020,True,True
2486878,18.30000000,7.70700000,141.03810000,1622506066027,True,True
2486879,18.30000000,6.77400000,123.96420000,1622506066028,True,True
2486880,18.30000000,7.22600000,132.23580000,1622506066028,True,True
2486881,18.30000000,31.75300000,581.07990000,1622506066036,True,True
2486882,18.30000000,12.65400000,231.56820000,1622506066047,True,True
2486883,18.30000000,26.99400000,493.99020000,1622506066070,True,True
2486884,18.30000000,27.00000000,494.10000000,1622506066081,True,True
2486885,18.30000000,87.53700000,1601.92710000,1622506066088,True,True
2486886,18.30000000,26.98600000,493.84380000,1622506066092,True,True
2486887,18.30000000,26.97800000,493.69740000,1622506066122,True,True
2486888,18.30000000,105.72000000,1934.67600000,1622506066126,True,True
2486889,18.30000000,26.97000000,493.55100000,1622506066147,True,True
2486890,18.30000000,26.96200000,493.40460000,1622506066171,True,True
2486891,18.30000000,101.36500000,1854.97950000,1622506066172,True,True
2486892,18.30000000,437.50900000,8006.41470000,1622506066181,True,True
2486893,18.30000000,26.95400000,493.25820000,1622506066193,True,True
2486894,18.30000000,9.13500000,167.17050000,1622506066246,True,True
2486895,18.35000000,11.82500000,216.98875000,1622506093828,False,True
2486896,18.35000000,23.17500000,425.26125000,1622506093846,False,True
2486897,18.43700000,0.76000000,14.01212000,1622506163197,False,True
2486898,18.43700000,0.76000000,14.01212000,1622506163197,False,True
2486899,18.43700000,0.10800000,1.99119600,1622506163197,False,True
2486900,18.38400000,0.54600000,10.03766400,1622506173860,True,True
2486901,18.43700000,0.76000000,14.01212000,1622506180006,False,True
2486902,18.43700000,0.76000000,14.01212000,1622506180006,False,True
2486903,18.43700000,0.76000000,14.01212000,1622506180006,False,True
2486904,18.43700000,0.76000000,14.01212000,1622506180006,False,True
2486905,18.43700000,0.76000000,14.01212000,1622506180006,False,True
2486906,18.43700000,0.76000000,14.01212000,1622506180006,False,True
2486907,18.43700000,0.76000000,14.01212000,1622506180006,False,True
2486908,18.43700000,0.76000000,14.01212000,1622506180006,False,True
2486909,18.43700000,0.43900000,8.09384300,1622506180006,False,True
2486910,18.43700000,8.65800000,159.62754600,1622506180015,True,True
2486911,18.38400000,6.43900000,118.37457600,1622506214062,True,True
2486912,18.38600000,9.19900000,169.13281400,1622506232452,True,True
2486913,18.34800000,0.76100000,13.96282800,1622506236208,True,True
2486914,18.34800000,0.06500000,1.19262000,1622506236208,True,True
2486915,18.40100000,0.76200000,14.02156200,1622506254161,False,True
2486916,18.40100000,0.76200000,14.02156200,1622506254161,False,True
2486917,18.40100000,0.76200000,14.02156200,1622506254161,False,True
2486918,18.40100000,0.76200000,14.02156200,1622506254161,False,True
2486919,18.40100000,0.76200000,14.02156200,1622506254161,False,True
2486920,18.40100000,0.76200000,14.02156200,1622506254161,False,True
2486921,18.40100000,0.76200000,14.02156200,1622506254161,False,True
2486922,18.40100000,0.10200000,1.87690200,1622506254161,False,True
2486923,18.40100000,0.66000000,12.14466000,1622506254165,False,True
2486924,18.40100000,0.43500000,8.00443500,1622506254165,False,True
2486925,18.40200000,20.36200000,374.70152400,1622506254288,False,True
2486926,18.43900000,6.31400000,116.42384600,1622506277985,False,True
2486927,18.38400000,15.17000000,278.88528000,1622506312595,True,True
2486928,18.44100000,0.54800000,10.10566800,1622506330078,False,True
2486929,18.40600000,11.82000000,217.55892000,1622506338435,True,True
2486930,18.40800000,2.71000000,49.88568000,1622506359198,False,True
2486931,18.42300000,0.76100000,14.01990300,1622506398264,False,True
2486932,18.42300000,0.76100000,14.01990300,1622506398264,False,True
2486933,18.42300000,0.76100000,14.01990300,1622506398264,False,True
2486934,18.42300000,0.76100000,14.01990300,1622506398264,False,True
2486935,18.42300000,0.76100000,14.01990300,1622506398264,False,True
2486936,18.42300000,0.76100000,14.01990300,1622506398264,False,True
2486937,18.42300000,0.76100000,14.01990300,1622506398264,False,True
2486938,18.42300000,0.76100000,14.01990300,1622506398264,False,True
2486939,18.42300000,0.43400000,7.99558200,1622506398264,False,True
2486940,18.42400000,8.42000000,155.13008000,1622506398264,False,True
2486941,18.42400000,88.84200000,1636.82500800,1622506398264,False,True
2486942,18.45000000,11.82500000,218.17125000,1622506456304,False,True
2486943,18.45000000,38.17500000,704.32875000,1622506458013,False,True
2486944,18.42700000,37.17000000,684.93159000,1622506525057,False,True
2486945,18.40800000,0.75900000,13.97167200,1622506533939,True,True
2486946,18.40800000,0.75900000,13.97167200,1622506533939,True,True
2486947,18.40800000,0.75900000,13.97167200,1622506533939,True,True
2486948,18.40800000,0.75900000,13.97167200,1622506533939,True,True
2486949,18.40800000,0.75900000,13.97167200,1622506533939,True,True
2486950,18.40800000,0.75900000,13.97167200,1622506533939,True,True
2486951,18.40800000,0.75900000,13.97167200,1622506533939,True,True
2486952,18.40800000,0.75900000,13.97167200,1622506533939,True,True
2486953,18.40800000,0.44000000,8.09952000,1622506533939,True,True
2486954,18.41100000,37.33000000,687.28263000,1622506552034,False,True
2486955,18.40600000,1.37000000,25.21622000,1622506634068,True,True
2486956,18.42000000,10.00000000,184.20000000,1622506636138,True,True
2486957,18.39100000,0.54400000,10.00470400,1622506636167,True,True
2486958,18.38400000,9.45600000,173.83910400,1622506636167,True,True
2486959,18.35000000,3.93800000,72.26230000,1622506647262,True,True
2486960,18.35900000,38.30000000,703.14970000,1622506647337,False,True
2486961,18.35000000,3.65400000,67.05090000,1622506649498,True,True
2486962,18.34000000,0.74800000,13.71832000,1622506682854,False,True
2486963,18.34000000,0.62200000,11.40748000,1622506683053,False,True
2486964,18.34200000,0.11700000,2.14601400,1622506683053,False,True
2486965,18.34200000,0.64700000,11.86727400,1622506683378,False,True
2486966,18.34200000,0.08300000,1.52238600,1622506683378,False,True
2486967,18.34200000,0.72200000,13.24292400,1622506683519,False,True
2486968,18.29100000,1.64000000,29.99724000,1622506706132,True,True
2486969,18.39000000,0.76000000,13.97640000,1622506805223,True,True
2486970,18.35100000,32.30000000,592.73730000,1622506807871,False,True
2486971,18.35100000,0.02000000,0.36702000,1622506807892,False,True
2486972,18.30100000,8.42000000,154.09442000,1622506828686,True,True
2486973,18.30000000,141.71500000,2593.38450000,1622506828686,True,True
2486974,18.30200000,0.76400000,13.98272800,1622506840449,True,True
2486975,18.30200000,0.76400000,13.98272800,1622506840449,True,True
2486976,18.30200000,0.76400000,13.98272800,1622506840449,True,True
2486977,18.30200000,0.76400000,13.98272800,1622506840449,True,True
2486978,18.30200000,0.76400000,13.98272800,1622506840449,True,True
2486979,18.30200000,0.76400000,13.98272800,1622506840449,True,True
2486980,18.30200000,0.76400000,13.98272800,1622506840449,True,True
2486981,18.30200000,0.76400000,13.98272800,1622506840449,True,True
2486982,18.30200000,0.43900000,8.03457800,1622506840449,True,True
2486983,18.30100000,20.00000000,366.02000000,1622506840449,True,True
2486984,18.30000000,74.24900000,1358.75670000,1622506840449,True,True
2486985,18.30100000,0.73700000,13.48783700,1622506842584,True,True
2486986,18.34200000,11.20300000,205.48542600,1622507026598,False,True
2486987,18.34200000,21.58200000,395.85704400,1622507026599,False,True
2486988,18.34000000,0.71400000,13.09476000,1622507138383,True,True
2486989,18.33900000,0.76200000,13.97431800,1622507140203,True,True
2486990,18.33900000,0.76200000,13.97431800,1622507140203,True,True
2486991,18.33900000,0.76200000,13.97431800,1622507140203,True,True
2486992,18.33900000,0.76200000,13.97431800,1622507140203,True,True
2486993,18.33900000,0.76200000,13.97431800,1622507140203,True,True
2486994,18.33900000,0.76200000,13.97431800,1622507140203,True,True
2486995,18.33900000,0.76200000,13.97431800,1622507140203,True,True
2486996,18.33900000,0.12000000,2.20068000,1622507140203,True,True
2486997,18.33900000,0.64200000,11.77363800,1622507140206,True,True
2486998,18.33900000,0.12000000,2.20068000,1622507140206,True,True
2486999,18.33900000,0.32100000,5.88681900,1622507140206,True,True
2487000,18.33800000,44.31100000,812.57511800,1622507140215,True,True
2487001,18.36800000,2.00000000,36.73600000,1622507148836,False,True
2487002,18.35000000,0.76300000,14.00105000,1622507356817,False,True
2487003,18.35000000,0.76300000,14.00105000,1622507356817,False,True
2487004,18.35000000,0.76300000,14.00105000,1622507356817,False,True
2487005,18.35000000,0.76300000,14.00105000,1622507356817,False,True
2487006,18.35000000,0.76300000,14.00105000,1622507356817,False,True
2487007,18.35000000,0.76300000,14.00105000,1622507356817,False,True
2487008,18.35000000,0.76300000,14.00105000,1622507356817,False,True
2487009,18.35000000,0.76300000,14.00105000,1622507356817,False,True
2487010,18.35000000,0.44100000,8.09235000,1622507356817,False,True
2487011,18.36800000,0.54800000,10.06566400,1622507357190,False,True
2487012,18.37000000,0.99700000,18.31489000,1622507358254,False,True
2487013,18.37000000,6.54300000,120.19491000,1622507415903,True,True
2487014,18.37000000,27.48100000,504.82597000,1622507416006,True,True
2487015,18.34300000,60.75100000,1114.35559300,1622507418820,True,True
2487016,18.34300000,66.96400000,1228.32065200,1622507418820,True,True
2487017,18.33900000,35.63700000,653.54694300,1622507418820,True,True
2487018,18.40800000,10.00000000,184.08000000,1622507433323,True,True
2487019,18.40800000,29.39000000,541.01112000,1622507433333,True,True
2487020,18.33000000,0.76200000,13.96746000,1622507494514,True,True
2487021,18.33000000,0.61500000,11.27295000,1622507494514,True,True
2487022,18.33000000,226.64600000,4154.42118000,1622507494535,True,True
2487023,18.33000000,0.76200000,13.96746000,1622507494535,True,True
2487024,18.33000000,0.76200000,13.96746000,1622507494535,True,True
2487025,18.33000000,0.76200000,13.96746000,1622507494535,True,True
2487026,18.33000000,0.76200000,13.96746000,1622507494535,True,True
2487027,18.33000000,0.76200000,13.96746000,1622507494535,True,True
2487028,18.33000000,0.76200000,13.96746000,1622507494535,True,True
2487029,18.33000000,0.76200000,13.96746000,1622507494535,True,True
2487030,18.33000000,0.44100000,8.08353000,1622507494535,True,True
2487031,18.37900000,0.76200000,14.00479800,1622507494609,False,True
2487032,18.37900000,9.23800000,169.78520200,1622507494609,False,True
2487033,18.31300000,20.00000000,366.26000000,1622507496423,True,True
2487034,18.31200000,10.00000000,183.12000000,1622507496481,True,True
2487035,18.30100000,1.35900000,24.87105900,1622507496562,True,True
2487036,18.30000000,322.23500000,5896.90050000,1622507496602,True,True
2487037,18.30000000,110.11900000,2015.17770000,1622507496609,True,True
2487038,18.29000000,0.86400000,15.80256000,1622507496755,True,True
2487039,18.26600000,0.75700000,13.82736200,1622507497294,True,True
2487040,18.24300000,0.39100000,7.13301300,1622507497294,True,True
2487041,18.31400000,1.35900000,24.88872600,1622507585296,False,True
2487042,18.31400000,1.36200000,24.94366800,1622507606310,True,True
2487043,18.28600000,10.00000000,182.86000000,1622507640814,True,True
2487044,18.28600000,10.00000000,182.86000000,1622507640818,True,True
2487045,18.30200000,1.36200000,24.92732400,1622507813835,False,True
2487046,18.32900000,0.76500000,14.02168500,1622507854403,False,True
2487047,18.32900000,21.05800000,385.97208200,1622507854403,False,True
2487048,18.28200000,10.00000000,182.82000000,1622507918618,False,True
2487049,18.29000000,49.37200000,903.01388000,1622507948263,False,True
2487050,18.29000000,1.00000000,18.29000000,1622508006043,True,True
2487051,18.28100000,20.00000000,365.62000000,1622508018065,True,True
2487052,18.35600000,0.76300000,14.00562800,1622508182476,False,True
2487053,18.35600000,11.06200000,203.05407200,1622508182476,False,True
2487054,18.36300000,14.56900000,267.53054700,1622508191242,True,True
2487055,18.36300000,24.12100000,442.93392300,1622508191244,True,True
2487056,18.37700000,0.75700000,13.91138900,1622508202185,False,True
2487057,18.38100000,0.86400000,15.88118400,1622508202385,False,True
2487058,18.41400000,0.76100000,14.01305400,1622508222802,False,True
2487059,18.41400000,0.32500000,5.98455000,1622508222802,False,True
2487060,18.41200000,0.76100000,14.01153200,1622508362758,False,True
2487061,18.41200000,0.76100000,14.01153200,1622508362758,False,True
2487062,18.41200000,0.76100000,14.01153200,1622508362758,False,True
2487063,18.41200000,0.76100000,14.01153200,1622508362758,False,True
2487064,18.41200000,0.76100000,14.01153200,1622508362758,False,True
2487065,18.41200000,0.76100000,14.01153200,1622508362758,False,True
2487066,18.41200000,0.76100000,14.01153200,1622508362758,False,True
2487067,18.41200000,0.10900000,2.00690800,1622508362758,False,True
2487068,18.41200000,0.65200000,12.00462400,1622508362759,False,True
2487069,18.41200000,0.43800000,8.06445600,1622508362759,False,True
2487070,18.41900000,59.20400000,1090.47847600,1622508362861,False,True
2487071,18.43200000,93.36600000,1720.92211200,1622508362994,False,True
2487072,18.45100000,8.42000000,155.35742000,1622508363084,False,True
2487073,18.43600000,0.76000000,14.01136000,1622508620919,False,True
2487074,18.43600000,53.48100000,985.97571600,1622508620919,False,True
2487075,18.44000000,6.92100000,127.62324000,1622508668804,True,True
2487076,18.40500000,6.92100000,127.38100500,1622508668831,True,True
2487077,18.40500000,0.85900000,15.80989500,1622508668831,True,True
2487078,18.45900000,0.54800000,10.11553200,1622508749591,True,True
2487079,18.48700000,0.74800000,13.82827600,1622508750553,False,True
2487080,18.49200000,0.55400000,10.24456800,1622508752167,False,True
2487081,18.49300000,0.15900000,2.94038700,1622508752167,False,True
2487082,18.49300000,0.54700000,10.11567100,1622508753447,False,True
2487083,18.49300000,0.17000000,3.14381000,1622508753656,False,True
2487084,18.49900000,0.75800000,14.02224200,1622508762044,False,True
2487085,18.49900000,0.75800000,14.02224200,1622508762044,False,True
2487086,18.49900000,0.75800000,14.02224200,1622508762044,False,True
2487087,18.49900000,0.75800000,14.02224200,1622508762044,False,True
2487088,18.49900000,0.75800000,14.02224200,1622508762044,False,True
2487089,18.49900000,0.75800000,14.02224200,1622508762044,False,True
2487090,18.49900000,0.75800000,14.02224200,1622508762044,False,True
2487091,18.49900000,0.10100000,1.86839900,1622508762044,False,True
2487092,18.49900000,0.65700000,12.15384300,1622508762044,False,True
2487093,18.49900000,0.43300000,8.01006700,1622508762044,False,True
2487094,18.50000000,10.00000000,185.00000000,1622508762472,False,True
2487095,18.50000000,16.34800000,302.43800000,1622508762472,False,True
2487096,18.50000000,48.09000000,889.66500000,1622508762715,False,True
2487097,18.50000000,2.00400000,37.07400000,1622508762715,False,True
2487098,18.50000000,8.50000000,157.25000000,1622508762715,False,True
2487099,18.50600000,0.55400000,10.25232400,1622508762753,False,True
2487100,18.50700000,0.54600000,10.10482200,1622508763896,False,True
2487101,18.50700000,0.56900000,10.53048300,1622508763952,False,True
2487102,18.51200000,0.82600000,15.29091200,1622508764392,False,True
2487103,18.51500000,6.31300000,116.88519500,1622508768522,False,True
2487104,18.51500000,6.31300000,116.88519500,1622508768525,False,True
2487105,18.51500000,0.86500000,16.01547500,1622508769153,False,True
2487106,18.51500000,45.55100000,843.37676500,1622508773111,False,True
2487107,18.52700000,1.40400000,26.01190800,1622508773463,False,True
2487108,18.53200000,0.55200000,10.22966400,1622508776591,False,True
2487109,18.53200000,0.85000000,15.75220000,1622508776625,True,True
2487110,18.53200000,0.00100000,0.01853200,1622508777090,True,True
2487111,18.53700000,0.54500000,10.10266500,1622508778479,False,True
2487112,18.50100000,0.75600000,13.98675600,1622508782695,True,True
2487113,18.50100000,0.75600000,13.98675600,1622508782695,True,True
2487114,18.50100000,0.75600000,13.98675600,1622508782695,True,True
2487115,18.50100000,0.75600000,13.98675600,1622508782695,True,True
2487116,18.50100000,0.75600000,13.98675600,1622508782695,True,True
2487117,18.50100000,0.75600000,13.98675600,1622508782695,True,True
2487118,18.50100000,0.75600000,13.98675600,1622508782695,True,True
2487119,18.50100000,0.75600000,13.98675600,1622508782695,True,True
2487120,18.50100000,0.43200000,7.99243200,1622508782695,True,True
2487121,18.50000000,9.85000000,182.22500000,1622508782695,True,True
2487122,18.53400000,0.54500000,10.10103000,1622508795671,False,True
2487123,18.53900000,0.55000000,10.19645000,1622508843325,False,True
2487124,18.55000000,0.75500000,14.00525000,1622508843325,False,True
2487125,18.55000000,0.75500000,14.00525000,1622508843325,False,True
2487126,18.55000000,0.75500000,14.00525000,1622508843325,False,True
2487127,18.55000000,0.75500000,14.00525000,1622508843325,False,True
2487128,18.55000000,0.75500000,14.00525000,1622508843325,False,True
2487129,18.55000000,0.75500000,14.00525000,1622508843325,False,True
2487130,18.55000000,0.31100000,5.76905000,1622508843325,False,True
2487131,18.55000000,0.44400000,8.23620000,1622508846626,False,True
2487132,18.55000000,0.10100000,1.87355000,1622508846626,False,True
2487133,18.49700000,11.82000000,218.63454000,1622508859851,True,True
2487134,18.49800000,0.75600000,13.98448800,1622508859924,True,True
2487135,18.49800000,0.75600000,13.98448800,1622508859924,True,True
2487136,18.49800000,0.75600000,13.98448800,1622508859924,True,True
2487137,18.49800000,0.75600000,13.98448800,1622508859924,True,True
2487138,18.49800000,0.75600000,13.98448800,1622508859924,True,True
2487139,18.49800000,0.75600000,13.98448800,1622508859924,True,True
2487140,18.49800000,0.75600000,13.98448800,1622508859924,True,True
2487141,18.49800000,0.11600000,2.14576800,1622508859924,True,True
2487142,18.49800000,0.64000000,11.83872000,1622508859925,True,True
2487143,18.49800000,0.43300000,8.00963400,1622508859925,True,True
2487144,18.49100000,0.75700000,13.99768700,1622508888455,False,True
2487145,18.49100000,0.75700000,13.99768700,1622508888455,False,True
2487146,18.49100000,0.75700000,13.99768700,1622508888455,False,True
2487147,18.49100000,0.75700000,13.99768700,1622508888455,False,True
2487148,18.49100000,0.75700000,13.99768700,1622508888455,False,True
2487149,18.49100000,0.75700000,13.99768700,1622508888455,False,True
2487150,18.49100000,0.75700000,13.99768700,1622508888455,False,True
2487151,18.49100000,0.75700000,13.99768700,1622508888455,False,True
2487152,18.49100000,0.43800000,8.09905800,1622508888455,False,True
2487153,18.49200000,62.58800000,1157.37729600,1622508888455,False,True
2487154,18.46200000,0.84400000,15.58192800,1622508893591,True,True
2487155,18.42100000,4.38900000,80.84976900,1622508921831,True,True
2487156,18.43400000,0.62600000,11.53968400,1622508921969,False,True
2487157,18.55400000,0.84400000,15.65957600,1622509042514,False,True
2487158,18.56000000,0.55100000,10.22656000,1622509042523,False,True
2487159,18.56100000,1.63100000,30.27299100,1622509043316,False,True
2487160,18.56500000,0.54400000,10.09936000,1622509043423,False,True
2487161,18.57900000,0.54400000,10.10697600,1622509045331,False,True
2487162,18.56100000,0.54500000,10.11574500,1622509046605,True,True
2487163,18.54900000,31.33000000,581.14017000,1622509077827,False,True
2487164,18.47200000,0.83000000,15.33176000,1622509137141,True,True
2487165,18.47100000,0.75600000,13.96407600,1622509137141,True,True
2487166,18.47100000,0.75600000,13.96407600,1622509137141,True,True
2487167,18.47100000,0.75600000,13.96407600,1622509137141,True,True
2487168,18.47100000,0.75600000,13.96407600,1622509137141,True,True
2487169,18.47100000,0.75600000,13.96407600,1622509137141,True,True
2487170,18.47100000,0.75600000,13.96407600,1622509137141,True,True
2487171,18.47100000,0.75600000,13.96407600,1622509137141,True,True
2487172,18.47100000,0.75600000,13.96407600,1622509137141,True,True
2487173,18.47100000,0.44000000,8.12724000,1622509137141,True,True
2487174,18.47000000,50.11900000,925.69793000,1622509137141,True,True
2487175,18.55500000,20.00000000,371.10000000,1622509186028,True,True
2487176,18.57600000,0.75400000,14.00630400,1622509200387,False,True
2487177,18.57600000,0.75400000,14.00630400,1622509200387,False,True
2487178,18.57600000,0.75400000,14.00630400,1622509200387,False,True
2487179,18.57600000,0.75400000,14.00630400,1622509200387,False,True
2487180,18.57600000,0.75400000,14.00630400,1622509200387,False,True
2487181,18.57600000,0.75400000,14.00630400,1622509200387,False,True
2487182,18.57600000,0.75400000,14.00630400,1622509200387,False,True
2487183,18.57600000,0.10700000,1.98763200,1622509200387,False,True
2487184,18.57600000,0.64700000,12.01867200,1622509200387,False,True
2487185,18.57600000,0.43500000,8.08056000,1622509200387,False,True
2487186,18.57700000,9.85000000,182.98345000,1622509200402,False,True
2487187,18.57900000,1.61000000,29.91219000,1622509201080,False,True
2487188,18.57900000,0.75400000,14.00856600,1622509204356,False,True
2487189,18.57900000,0.75400000,14.00856600,1622509204356,False,True
2487190,18.57900000,0.64500000,11.98345500,1622509204356,False,True
2487191,18.57900000,0.10900000,2.02511100,1622509204917,False,True
2487192,18.57900000,0.75400000,14.00856600,1622509204917,False,True
2487193,18.57900000,0.75400000,14.00856600,1622509204917,False,True
2487194,18.57900000,0.75400000,14.00856600,1622509204917,False,True
2487195,18.57900000,0.75400000,14.00856600,1622509204917,False,True
2487196,18.57900000,0.75400000,14.00856600,1622509204917,False,True
2487197,18.57900000,0.43400000,8.06328600,1622509204917,False,True
2487198,18.58000000,2.89700000,53.82626000,1622509204972,False,True
2487199,18.58000000,47.10300000,875.17374000,1622509207731,False,True
2487200,18.57400000,99.78800000,1853.46231200,1622509224370,False,True
2487201,18.52400000,1.62000000,30.00888000,1622509241756,True,True
2487202,18.47000000,10.00000000,184.70000000,1622509266436,True,True
2487203,18.46200000,0.84800000,15.65577600,1622509268611,True,True
2487204,18.53800000,10.00000000,185.38000000,1622509389482,True,True
2487205,18.53800000,18.77000000,347.95826000,1622509389484,True,True
2487206,18.53800000,10.00000000,185.38000000,1622509389485,True,True
2487207,18.50000000,9.16200000,169.49700000,1622509456367,True,True
2487208,18.45900000,20.00000000,369.18000000,1622509507402,True,True
2487209,18.45900000,111.50800000,2058.32617200,1622509776016,True,True
2487210,18.37700000,0.54500000,10.01546500,1622509839155,True,True
2487211,18.37700000,20.00000000,367.54000000,1622509839155,True,True
2487212,18.37700000,0.54500000,10.01546500,1622509867894,True,True
2487213,18.40000000,0.75900000,13.96560000,1622509914479,True,True
2487214,18.40000000,0.75900000,13.96560000,1622509914479,True,True
2487215,18.40000000,0.75900000,13.96560000,1622509914479,True,True
2487216,18.40000000,0.75900000,13.96560000,1622509914479,True,True
2487217,18.40000000,0.75900000,13.96560000,1622509914479,True,True
2487218,18.40000000,0.75900000,13.96560000,1622509914479,True,True
2487219,18.40000000,0.75900000,13.96560000,1622509914479,True,True
2487220,18.40000000,0.12300000,2.26320000,1622509914479,True,True
2487221,18.40000000,0.63600000,11.70240000,1622509914482,True,True
2487222,18.40000000,0.43900000,8.07760000,1622509914482,True,True
2487223,18.40600000,34.60000000,636.84760000,1622510040015,False,True
2487224,18.37400000,0.76100000,13.98261400,1622510047274,True,True
2487225,18.37400000,0.76100000,13.98261400,1622510047274,True,True
2487226,18.37400000,0.76100000,13.98261400,1622510047274,True,True
2487227,18.37400000,0.76100000,13.98261400,1622510047274,True,True
2487228,18.37400000,0.76100000,13.98261400,1622510047274,True,True
2487229,18.37400000,0.76100000,13.98261400,1622510047274,True,True
2487230,18.37400000,0.76100000,13.98261400,1622510047274,True,True
2487231,18.37400000,0.11700000,2.14975800,1622510047274,True,True
2487232,18.37400000,0.64400000,11.83285600,1622510047276,True,True
2487233,18.37400000,0.43700000,8.02943800,1622510047276,True,True
2487234,18.37000000,0.54500000,10.01165000,1622510087181,True,True
2487235,18.42000000,11.82500000,217.81650000,1622510105736,False,True
2487236,18.35900000,0.76100000,13.97119900,1622510193045,True,True
2487237,18.35900000,0.76100000,13.97119900,1622510193045,True,True
2487238,18.35900000,0.76100000,13.97119900,1622510193045,True,True
2487239,18.35900000,0.76100000,13.97119900,1622510193045,True,True
2487240,18.35900000,0.76100000,13.97119900,1622510193045,True,True
2487241,18.35900000,0.76100000,13.97119900,1622510193045,True,True
2487242,18.35900000,0.76100000,13.97119900,1622510193045,True,True
2487243,18.35900000,0.12200000,2.23979800,1622510193045,True,True
2487244,18.35900000,0.63900000,11.73140100,1622510193046,True,True
2487245,18.35900000,0.43500000,7.98616500,1622510193046,True,True
2487246,18.35900000,35.06000000,643.66654000,1622510221106,False,True
2487247,18.38800000,0.76200000,14.01165600,1622510232002,False,True
2487248,18.35800000,34.39000000,631.33162000,1622510348670,False,True
2487249,18.34600000,20.36200000,373.56125200,1622510349201,True,True
2487250,18.34200000,1.11500000,20.45133000,1622510368172,True,True
2487251,18.35600000,0.76300000,14.00562800,1622510371045,False,True
2487252,18.31900000,2.00000000,36.63800000,1622510395290,True,True
2487253,18.30000000,8.70500000,159.30150000,1622510445403,True,True
2487254,18.30000000,11.20000000,204.96000000,1622510474217,True,True
2487255,18.30000000,0.09500000,1.73850000,1622510476541,True,True
2487256,18.30700000,2.52400000,46.20686800,1622510478398,False,True
2487257,18.29000000,0.86900000,15.89401000,1622510478635,True,True
2487258,18.28900000,9.93100000,181.62805900,1622510478635,True,True
2487259,18.28900000,0.06900000,1.26194100,1622510482673,True,True
2487260,18.26800000,10.00000000,182.68000000,1622510516182,True,True
2487261,18.26600000,0.75700000,13.82736200,1622510517119,True,True
2487262,18.26300000,9.94300000,181.58900900,1622510517119,True,True
2487263,18.26300000,0.05700000,1.04099100,1622510518689,True,True
2487264,18.29100000,0.76600000,14.01090600,1622510530829,False,True
2487265,18.29100000,3.60800000,65.99392800,1622510530829,False,True
2487266,18.29100000,1.09400000,20.01035400,1622510532073,False,True
2487267,18.29100000,0.82100000,15.01691100,1622510532192,False,True
2487268,18.29000000,0.76600000,14.01014000,1622510532276,False,True
2487269,18.29000000,0.76600000,14.01014000,1622510532276,False,True
2487270,18.29000000,0.10900000,1.99361000,1622510532276,False,True
2487271,18.29000000,0.55300000,10.11437000,1622510532762,False,True
2487272,18.29000000,0.10400000,1.90216000,1622510532962,False,True
2487273,18.29000000,0.66200000,12.10798000,1622510532962,False,True
2487274,18.29000000,0.10400000,1.90216000,1622510533055,False,True
2487275,18.29000000,0.44900000,8.21221000,1622510533055,False,True
2487276,18.29000000,0.31700000,5.79793000,1622510533073,False,True
2487277,18.29000000,0.28500000,5.21265000,1622510533073,False,True
2487278,18.29000000,0.48100000,8.79749000,1622510533149,False,True
2487279,18.29000000,0.07200000,1.31688000,1622510533149,False,True
2487280,18.28600000,2.73200000,49.95735200,1622510564881,True,True
2487281,18.28600000,0.26800000,4.90064800,1622510564881,True,True
2487282,18.31100000,1.09200000,19.99561200,1622510565249,False,True
2487283,18.30100000,0.60100000,10.99890100,1622510566517,False,True
2487284,18.30400000,2.73400000,50.04313600,1622510587051,False,True
2487285,18.26900000,6.35900000,116.17257100,1622510659079,True,True
2487286,18.26600000,6.35900000,116.15349400,1622510675293,False,True
2487287,18.25200000,3.40000000,62.05680000,1622510678466,True,True
2487288,18.25200000,6.60000000,120.46320000,1622510679073,True,True
2487289,18.25200000,0.96400000,17.59492800,1622510679073,True,True
2487290,18.24900000,2.00000000,36.49800000,1622510679117,True,True
2487291,18.24700000,0.54900000,10.01760300,1622510679334,True,True
2487292,18.24600000,0.76600000,13.97643600,1622510679608,True,True
2487293,18.24600000,0.76600000,13.97643600,1622510679608,True,True
2487294,18.24600000,0.76600000,13.97643600,1622510679608,True,True
2487295,18.24600000,0.76600000,13.97643600,1622510679608,True,True
2487296,18.24600000,0.76600000,13.97643600,1622510679608,True,True
2487297,18.24600000,0.76600000,13.97643600,1622510679608,True,True
2487298,18.24600000,0.76600000,13.97643600,1622510679608,True,True
2487299,18.24600000,0.76600000,13.97643600,1622510679608,True,True
2487300,18.24600000,0.18500000,3.37551000,1622510679608,True,True
2487301,18.24500000,4.37500000,79.82187500,1622510679945,True,True
2487302,18.24500000,15.62500000,285.07812500,1622510679945,True,True
2487303,18.23800000,2.73800000,49.93564400,1622510680077,True,True
2487304,18.21200000,1.12300000,20.45207600,1622510706075,True,True
2487305,18.20900000,0.55000000,10.01495000,1622510706083,True,True
2487306,18.20200000,0.76800000,13.97913600,1622510706384,True,True
2487307,18.20200000,2.48300000,45.19556600,1622510706384,True,True
2487308,18.20200000,0.76800000,13.97913600,1622510706384,True,True
2487309,18.20200000,0.76800000,13.97913600,1622510706384,True,True
2487310,18.20200000,0.70900000,12.90521800,1622510706384,True,True
2487311,18.20200000,0.05900000,1.07391800,1622510706388,True,True
2487312,18.20200000,0.76800000,13.97913600,1622510706388,True,True
2487313,18.20200000,0.76800000,13.97913600,1622510706388,True,True
2487314,18.20200000,0.76800000,13.97913600,1622510706388,True,True
2487315,18.20200000,0.76800000,13.97913600,1622510706388,True,True
2487316,18.20200000,0.44100000,8.02708200,1622510706388,True,True
2487317,18.20000000,20.00000000,364.00000000,1622510706421,True,True
2487318,18.19200000,0.60500000,11.00616000,1622510709446,True,True
2487319,18.18500000,2.28200000,41.49817000,1622510710508,True,True
2487320,18.17800000,2.00000000,36.35600000,1622510711108,True,True
2487321,18.16700000,1.10100000,20.00186700,1622510711173,True,True
2487322,18.18500000,1.23800000,22.51303000,1622510715581,False,True
2487323,18.18500000,1.49700000,27.22294500,1622510715828,False,True
2487324,18.18500000,0.76000000,13.82060000,1622510715828,False,True
2487325,18.18800000,42.13200000,766.29681600,1622510723466,False,True
2487326,18.18800000,1.99200000,36.23049600,1622510723466,False,True
2487327,18.18900000,147.35200000,2680.18552800,1622510723515,False,True
2487328,18.18900000,140.00000000,2546.46000000,1622510723515,False,True
2487329,18.18900000,150.00000000,2728.35000000,1622510723516,False,True
2487330,18.18900000,20.00000000,363.78000000,1622510723522,False,True
2487331,18.18900000,10.00000000,181.89000000,1622510723525,False,True
2487332,18.18900000,230.00000000,4183.47000000,1622510723525,False,True
2487333,18.18900000,30.00000000,545.67000000,1622510723526,False,True
2487334,18.18900000,90.00000000,1637.01000000,1622510723526,False,True
2487335,18.18900000,10.00000000,181.89000000,1622510723527,False,True
2487336,18.18900000,100.00000000,1818.90000000,1622510723529,False,True
2487337,18.18900000,40.00000000,727.56000000,1622510723530,False,True
2487338,18.18900000,80.00000000,1455.12000000,1622510723532,False,True
2487339,18.18900000,2800.88500000,50945.29726500,1622510723532,False,True
2487340,18.18900000,40.00000000,727.56000000,1622510723533,False,True
2487341,18.18900000,30.00000000,545.67000000,1622510723533,False,True
2487342,18.18900000,30.00000000,545.67000000,1622510723535,False,True
2487343,18.18900000,2822.38700000,51336.39714300,1622510723536,False,True
2487344,18.18900000,10.00000000,181.89000000,1622510723537,False,True
2487345,18.18900000,821.27600000,14938.18916400,1622510723537,False,True
2487346,18.20000000,42.10200000,766.25640000,1622510723546,False,True
2487347,18.19700000,10.98500000,199.89404500,1622510777173,True,True
2487348,18.18700000,7.60000000,138.22120000,1622510777854,True,True
2487349,18.16200000,1.76200000,32.00144400,1622510786026,True,True
2487350,18.15000000,0.55100000,10.00065000,1622510787438,True,True
2487351,18.15000000,0.82700000,15.01005000,1622510787438,True,True
2487352,18.15000000,57.68600000,1047.00090000,1622510787438,True,True
2487353,18.13500000,51.82500000,939.84637500,1622510788910,True,True
2487354,18.13000000,10.80300000,195.85839000,1622510789266,True,True
2487355,18.13000000,4.56000000,82.67280000,1622510789266,True,True
2487356,18.13000000,6.40700000,116.15891000,1622510789266,True,True
2487357,18.12900000,1.10400000,20.01441600,1622510793512,True,True
2487358,18.12800000,2.04200000,37.01737600,1622510794987,True,True
2487359,18.12400000,1.21400000,22.00253600,1622510795249,True,True
2487360,18.12400000,1.10400000,20.00889600,1622510795249,True,True
2487361,18.11800000,0.55200000,10.00113600,1622510797049,True,True
2487362,18.11000000,10.00000000,181.10000000,1622510797049,True,True
2487363,18.10800000,2.00000000,36.21600000,1622510797049,True,True
2487364,18.10500000,1.10500000,20.00602500,1622510797049,True,True
2487365,18.10300000,20.78300000,376.23464900,1622510797049,True,True
2487366,18.10300000,3.03300000,54.90639900,1622510797054,True,True
2487367,18.10000000,10.00000000,181.00000000,1622510797077,True,True
2487368,18.09600000,1.10600000,20.01417600,1622510797087,True,True
2487369,18.09600000,1.10600000,20.01417600,1622510797087,True,True
2487370,18.08300000,1.13100000,20.45187300,1622510797087,True,True
2487371,18.08100000,1.66000000,30.01446000,1622510797112,True,True
2487372,18.08700000,6.40700000,115.88340900,1622510801802,False,True
2487373,18.10500000,2.76600000,50.07843000,1622510801802,False,True
2487374,18.10500000,2.76600000,50.07843000,1622510801802,False,True
2487375,18.10600000,4.61100000,83.48676600,1622510801802,False,True
2487376,18.06200000,4.61100000,83.28388200,1622510806793,True,True
2487377,18.06100000,4.00000000,72.24400000,1622510806793,True,True
2487378,18.05500000,95.06900000,1716.47079500,1622510806793,True,True
2487379,18.13700000,0.77300000,14.01990100,1622510820770,False,True
2487380,18.13700000,0.77300000,14.01990100,1622510820770,False,True
2487381,18.13700000,0.77300000,14.01990100,1622510820770,False,True
2487382,18.13700000,0.77300000,14.01990100,1622510820770,False,True
2487383,18.13700000,0.77300000,14.01990100,1622510820770,False,True
2487384,18.13700000,0.77300000,14.01990100,1622510820770,False,True
2487385,18.13700000,0.77300000,14.01990100,1622510820770,False,True
2487386,18.13700000,0.10700000,1.94065900,1622510820770,False,True
2487387,18.13700000,0.66600000,12.07924200,1622510820771,False,True
2487388,18.13700000,0.44300000,8.03469100,1622510820771,False,True
2487389,18.13800000,11.82400000,214.46371200,1622510821174,False,True
2487390,18.15100000,4.56000000,82.76856000,1622510821184,False,True
2487391,18.16900000,1.10000000,19.98590000,1622510821734,True,True
2487392,18.17800000,2.00000000,36.35600000,1622510826614,False,True
2487393,18.20500000,0.56400000,10.26762000,1622510839432,False,True
2487394,18.20500000,0.53600000,9.75788000,1622510839432,False,True
2487395,18.24400000,36.96000000,674.29824000,1622510846568,True,True
2487396,18.23800000,32.27000000,588.54026000,1622510852404,True,True
2487397,18.21300000,0.59400000,10.81852200,1622510869492,True,True
2487398,18.16900000,8.53800000,155.12692200,1622510961078,False,True
2487399,18.17200000,2.75400000,50.04568800,1622510961078,False,True
2487400,18.17200000,2.70800000,49.20977600,1622510961078,False,True
2487401,18.17200000,0.04600000,0.83591200,1622510961122,False,True
2487402,18.19200000,0.77000000,14.00784000,1622510970993,False,True
2487403,18.19200000,2.75000000,50.02800000,1622510970993,False,True
2487404,18.19200000,0.77000000,14.00784000,1622510970993,False,True
2487405,18.19200000,0.77000000,14.00784000,1622510970993,False,True
2487406,18.19200000,0.77000000,14.00784000,1622510970993,False,True
2487407,18.19200000,0.77000000,14.00784000,1622510970993,False,True
2487408,18.19200000,0.77000000,14.00784000,1622510970993,False,True
2487409,18.19200000,0.77000000,14.00784000,1622510970993,False,True
2487410,18.19200000,0.77000000,14.00784000,1622510970993,False,True
2487411,18.19200000,0.44600000,8.11363200,1622510970993,False,True
2487412,18.19300000,0.94400000,17.17419200,1622510970993,False,True
2487413,18.19400000,30.00000000,545.82000000,1622510974029,True,True
2487414,18.19400000,3.68000000,66.95392000,1622510974043,True,True
2487415,18.10800000,2.00000000,36.21600000,1622511045276,True,True
2487416,18.12300000,2.64800000,47.98970400,1622511045650,False,True
2487417,18.12300000,0.11200000,2.02977600,1622511046950,False,True
2487418,18.12300000,2.03400000,36.86218200,1622511046950,False,True
2487419,18.13100000,0.85400000,15.48387400,1622511046950,False,True
2487420,18.10700000,2.75600000,49.90289200,1622511061104,True,True
2487421,18.10700000,2.75800000,49.93910600,1622511061104,True,True
2487422,18.08000000,15.20000000,274.81600000,1622511065726,True,True
2487423,18.08000000,0.34500000,6.23760000,1622511066771,True,True
2487424,18.11300000,2.74900000,49.79263700,1622511075161,False,True
2487425,18.11300000,2.76500000,50.08244500,1622511075161,False,True
2487426,18.12200000,0.77400000,14.02642800,1622511075161,False,True
2487427,18.12200000,10.30200000,186.69284400,1622511075161,False,True
2487428,18.10800000,0.55300000,10.01372400,1622511140568,True,True
2487429,18.11700000,10.00000000,181.17000000,1622511208298,True,True
2487430,18.10000000,0.77200000,13.97320000,1622511212435,True,True
2487431,18.10000000,0.77200000,13.97320000,1622511212435,True,True
2487432,18.10000000,0.77200000,13.97320000,1622511212435,True,True
2487433,18.10000000,0.77200000,13.97320000,1622511212435,True,True
2487434,18.10000000,0.77200000,13.97320000,1622511212435,True,True
2487435,18.10000000,0.77200000,13.97320000,1622511212435,True,True
2487436,18.10000000,0.77200000,13.97320000,1622511212435,True,True
2487437,18.10000000,0.77200000,13.97320000,1622511212435,True,True
2487438,18.10000000,0.44400000,8.03640000,1622511212435,True,True
2487439,18.09900000,3.88000000,70.22412000,1622511212435,True,True
2487440,18.09900000,16.12000000,291.75588000,1622511212444,True,True
2487441,18.09400000,2.75800000,49.90325200,1622511214479,True,True
2487442,18.09400000,2.75700000,49.88515800,1622511214479,True,True
2487443,18.10900000,0.77300000,13.99825700,1622511221938,False,True
2487444,18.10900000,0.77300000,13.99825700,1622511221938,False,True
2487445,18.10900000,0.77300000,13.99825700,1622511221938,False,True
2487446,18.10900000,0.77300000,13.99825700,1622511221938,False,True
2487447,18.10900000,0.77300000,13.99825700,1622511221938,False,True
2487448,18.10900000,0.77300000,13.99825700,1622511221938,False,True
2487449,18.10900000,0.77300000,13.99825700,1622511221938,False,True
2487450,18.10900000,0.77300000,13.99825700,1622511221938,False,True
2487451,18.10900000,0.44900000,8.13094100,1622511221938,False,True
2487452,18.11000000,9.94700000,180.14017000,1622511221938,False,True
2487453,18.09300000,2.75000000,49.75575000,1622511238336,False,True
2487454,18.09300000,2.76500000,50.02714500,1622511238336,False,True
2487455,18.09400000,2.89800000,52.43641200,1622511238336,False,True
2487456,18.07100000,1.39800000,25.26325800,1622511263649,True,True
2487457,18.05400000,1.40100000,25.29365400,1622511271527,True,True
2487458,18.04800000,0.83200000,15.01593600,1622511272154,True,True
2487459,18.04400000,1.10900000,20.01079600,1622511272154,True,True
2487460,18.04400000,2.21700000,40.00354800,1622511272154,True,True
2487461,18.04000000,1.70000000,30.66800000,1622511272154,True,True
2487462,18.04000000,1.06800000,19.26672000,1622511272154,True,True
2487463,18.03700000,2.00000000,36.07400000,1622511272167,True,True
2487464,18.03500000,1.48500000,26.78197500,1622511272167,True,True
2487465,18.03400000,2.21900000,40.01744600,1622511272167,True,True
2487466,18.03000000,2.21900000,40.00857000,1622511272167,True,True
2487467,18.02700000,2.50000000,45.06750000,1622511272167,True,True
2487468,18.04000000,4.02100000,72.53884000,1622511272169,False,True
2487469,18.02600000,0.61000000,10.99586000,1622511275116,True,True
2487470,18.02200000,1.40600000,25.33893200,1622511275137,True,True
2487471,18.01400000,0.55600000,10.01578400,1622511282909,True,True
2487472,18.00400000,2.30500000,41.49922000,1622511282921,True,True
2487473,18.00000000,10.00000000,180.00000000,1622511283087,True,True
2487474,17.99500000,1.11200000,20.01044000,1622511283420,True,True
2487475,17.99100000,0.87700000,15.77810700,1622511283934,True,True
2487476,17.99000000,1.11200000,20.00488000,1622511283978,True,True
2487477,17.98900000,2.33600000,42.02230400,1622511283978,True,True
2487478,17.98800000,0.55600000,10.00132800,1622511284096,True,True
2487479,17.98400000,0.62300000,11.20403200,1622511284263,True,True
2487480,17.98200000,1.41200000,25.39058400,1622511284287,True,True
2487481,17.97900000,3.33800000,60.01390200,1622511284297,True,True
2487482,17.96700000,2.00000000,35.93400000,1622511286310,True,True
2487483,17.96700000,0.76600000,13.76272200,1622511286310,True,True
2487484,17.96700000,0.76600000,13.76272200,1622511286310,True,True
2487485,18.00100000,2.05400000,36.97405400,1622511289332,False,True
2487486,18.00100000,2.78200000,50.07878200,1622511289332,False,True
2487487,18.00200000,0.77900000,14.02355800,1622511289332,False,True
2487488,18.00200000,0.77900000,14.02355800,1622511289332,False,True
2487489,18.00200000,0.77900000,14.02355800,1622511289332,False,True
2487490,18.00200000,0.77900000,14.02355800,1622511289332,False,True
2487491,18.00200000,0.77900000,14.02355800,1622511289332,False,True
2487492,18.00200000,0.77900000,14.02355800,1622511289332,False,True
2487493,18.00200000,0.77900000,14.02355800,1622511289332,False,True
2487494,18.00200000,0.77900000,14.02355800,1622511289332,False,True
2487495,18.00200000,0.44500000,8.01089000,1622511289332,False,True
2487496,18.00300000,38.28700000,689.28086100,1622511289332,False,True
2487497,18.00300000,21.83100000,393.02349300,1622511289479,False,True
2487498,18.03700000,2.00000000,36.07400000,1622511304545,False,True
2487499,18.10800000,2.00000000,36.21600000,1622511317485,False,True
2487500,18.14700000,0.68800000,12.48513600,1622511317787,True,True
2487501,18.14800000,0.93700000,17.00467600,1622511317787,False,True
2487502,18.14800000,1.42500000,25.86090000,1622511317788,False,True
2487503,18.14800000,4.88800000,88.70742400,1622511317788,False,True
2487504,18.14800000,6.31300000,114.56832400,1622511317788,False,True
2487505,18.09700000,0.77400000,14.00707800,1622511501791,False,True
2487506,18.09700000,0.77400000,14.00707800,1622511501791,False,True
2487507,18.09700000,0.77400000,14.00707800,1622511501791,False,True
2487508,18.09700000,0.77400000,14.00707800,1622511501791,False,True
2487509,18.09700000,0.77400000,14.00707800,1622511501791,False,True
2487510,18.09700000,0.77400000,14.00707800,1622511501791,False,True
2487511,18.09700000,0.77400000,14.00707800,1622511501791,False,True
2487512,18.09700000,0.77400000,14.00707800,1622511501791,False,True
2487513,18.09700000,0.44700000,8.08935900,1622511501791,False,True
2487514,18.09500000,0.55900000,10.11510500,1622511519740,False,True
2487515,18.07500000,0.76600000,13.84545000,1622511523266,False,True
2487516,18.07500000,0.76600000,13.84545000,1622511523266,False,True
2487517,18.11300000,2.75700000,49.93754100,1622511626081,True,True
2487518,18.11300000,2.75800000,49.95565400,1622511626081,True,True
2487519,18.11700000,2.76300000,50.05727100,1622511645898,False,True
2487520,18.11700000,0.42600000,7.71784200,1622511645898,False,True
2487521,18.13100000,2.75700000,49.98716700,1622511685873,True,True
2487522,18.14700000,0.68800000,12.48513600,1622511690008,False,True
2487523,18.14900000,5.61700000,101.94293300,1622511690489,False,True
2487524,18.15000000,8.88300000,161.22645000,1622511690489,False,True
2487525,18.15000000,17.11700000,310.67355000,1622511690606,False,True
2487526,18.15800000,33.20000000,602.84560000,1622511731499,True,True
2487527,18.11600000,0.77200000,13.98555200,1622511764444,True,True
2487528,18.03700000,2.00000000,36.07400000,1622511812981,True,True
2487529,18.03600000,2.77300000,50.01382800,1622511816530,False,True
2487530,18.04000000,2.31000000,41.67240000,1622511816530,False,True
2487531,18.04600000,15.31600000,276.39253600,1622511816530,False,True
2487532,18.01100000,2.77100000,49.90848100,1622511818194,True,True
2487533,18.01100000,2.77300000,49.94450300,1622511818194,True,True
2487534,18.01800000,2.76800000,49.87382400,1622511821421,False,True
2487535,18.01800000,2.77600000,50.01796800,1622511821421,False,True
2487536,18.05400000,1.91500000,34.57341000,1622511838900,True,True
2487537,18.08200000,9.96300000,180.15096600,1622511855426,False,True
2487538,18.10800000,2.00000000,36.21600000,1622511871501,False,True
2487539,18.10600000,32.12000000,581.56472000,1622511875010,True,True
2487540,18.08600000,2.76100000,49.93544600,1622511881314,True,True
2487541,18.08100000,2.76200000,49.93972200,1622511894184,True,True
2487542,18.03700000,2.00000000,36.07400000,1622511922788,True,True
2487543,18.02900000,2.77500000,50.03047500,1622511930867,False,True
2487544,18.02100000,2.74900000,49.53972900,1622511965087,False,True
2487545,18.10800000,2.00000000,36.21600000,1622512011396,False,True
2487546,18.09900000,1.10500000,19.99939500,1622512021989,True,True
2487547,18.09900000,2.75900000,49.93514100,1622512021989,True,True
2487548,18.09900000,2.75900000,49.93514100,1622512021989,True,True
2487549,18.13500000,1.10500000,20.03917500,1622512037450,False,True
2487550,18.14100000,2.76000000,50.06916000,1622512037561,False,True
2487551,18.14700000,2.75700000,50.03127900,1622512037569,False,True
2487552,18.14900000,30.87000000,560.25963000,1622512053354,True,True
2487553,18.16500000,0.68800000,12.49752000,1622512087680,False,True
2487554,18.11700000,2.75600000,49.93045200,1622512102895,True,True
2487555,18.11700000,2.75500000,49.91233500,1622512102895,True,True
2487556,18.11600000,57.31800000,1038.37288800,1622512103124,True,True
2487557,18.09300000,0.77300000,13.98588900,1622512160647,True,True
2487558,18.09300000,0.77300000,13.98588900,1622512160647,True,True
2487559,18.09300000,0.77300000,13.98588900,1622512160647,True,True
2487560,18.09300000,0.77300000,13.98588900,1622512160647,True,True
2487561,18.09300000,0.77300000,13.98588900,1622512160647,True,True
2487562,18.09300000,0.77300000,13.98588900,1622512160647,True,True
2487563,18.09300000,0.77300000,13.98588900,1622512160647,True,True
2487564,18.09300000,0.77300000,13.98588900,1622512160647,True,True
2487565,18.09300000,0.44200000,7.99710600,1622512160647,True,True
2487566,18.14600000,2.75200000,49.93779200,1622512209818,False,True
2487567,18.14600000,2.75900000,50.06481400,1622512209818,False,True
2487568,18.15200000,1.11700000,20.27578400,1622512209818,False,True
2487569,18.12900000,0.77000000,13.95933000,1622512210221,True,True
2487570,18.12300000,2.75400000,49.91074200,1622512217005,True,True
2487571,18.12300000,2.75600000,49.94698800,1622512217005,True,True
2487572,18.08900000,0.55900000,10.11175100,1622512347218,True,True
2487573,18.08100000,3.12200000,56.44888200,1622512347218,True,True
2487574,18.13900000,2.75900000,50.04550100,1622512427295,False,True
2487575,18.13900000,0.92500000,16.77857500,1622512427295,False,True
2487576,18.13600000,1.50000000,27.20400000,1622512428124,True,True
2487577,18.13600000,3.00000000,54.40800000,1622512428178,True,True
2487578,18.13500000,2.75500000,49.96192500,1622512431871,True,True
2487579,18.12900000,0.92900000,16.84184100,1622512436190,True,True
2487580,18.15800000,0.77100000,13.99981800,1622512453816,False,True
2487581,18.15800000,0.77100000,13.99981800,1622512453816,False,True
2487582,18.15800000,0.77100000,13.99981800,1622512453816,False,True
2487583,18.15800000,0.77100000,13.99981800,1622512453816,False,True
2487584,18.15800000,0.77100000,13.99981800,1622512453816,False,True
2487585,18.15800000,0.77100000,13.99981800,1622512453816,False,True
2487586,18.15800000,0.77100000,13.99981800,1622512453816,False,True
2487587,18.15800000,0.77100000,13.99981800,1622512453816,False,True
2487588,18.15800000,0.44700000,8.11662600,1622512453816,False,True
2487589,18.15900000,6.20000000,112.58580000,1622512453816,False,True
2487590,18.15900000,39.26000000,712.92234000,1622512465103,True,True
2487591,18.14600000,2.75200000,49.93779200,1622512506812,False,True
2487592,18.14600000,2.75800000,50.04666800,1622512506812,False,True
2487593,18.14700000,19.99000000,362.75853000,1622512506812,False,True
2487594,18.08100000,5.53000000,99.98793000,1622512537935,True,True
2487595,18.07600000,2.76300000,49.94398800,1622512537935,True,True
2487596,18.07600000,2.76100000,49.90783600,1622512537935,True,True
2487597,18.07500000,0.77000000,13.91775000,1622512537935,True,True
2487598,18.13400000,21.22000000,384.80348000,1622512664437,True,True
2487599,18.13400000,10.00000000,181.34000000,1622512664443,True,True
2487600,18.14100000,1.37900000,25.01643900,1622512689142,False,True
2487601,18.03700000,2.00000000,36.07400000,1622512730436,True,True
2487602,18.00000000,1.00000000,18.00000000,1622512781274,True,True
2487603,18.00000000,0.67800000,12.20400000,1622512781274,True,True
2487604,17.97200000,2.78100000,49.98013200,1622512785818,False,True
2487605,17.97200000,2.74300000,49.29719600,1622512785830,False,True
2487606,17.98100000,32.78000000,589.41718000,1622512793007,False,True
2487607,18.03000000,1.00000000,18.03000000,1622512802943,False,True
2487608,18.05900000,1.50000000,27.08850000,1622512808986,True,True
2487609,18.05900000,2.70000000,48.75930000,1622512809098,True,True
2487610,18.10800000,2.00000000,36.21600000,1622512819039,False,True
2487611,18.12400000,9.82500000,178.06830000,1622512819039,False,True
2487612,18.10700000,37.57000000,680.27999000,1622512819040,True,True
2487613,18.07000000,2.76300000,49.92741000,1622512826688,True,True
2487614,18.10300000,2.76400000,50.03669200,1622512838767,False,True
2487615,18.09600000,2.76000000,49.94496000,1622512846901,True,True
2487616,18.10300000,44.26600000,801.34739800,1622512875557,False,True
2487617,18.11200000,11.50000000,208.28800000,1622512875918,False,True
2487618,18.11200000,45.30000000,820.47360000,1622512876425,False,True
2487619,18.12400000,0.55800000,10.11319200,1622512899541,True,True
2487620,18.12500000,0.55800000,10.11375000,1622512900467,False,True
2487621,18.13900000,0.55700000,10.10342300,1622512930586,False,True
2487622,18.14500000,0.55700000,10.10676500,1622512959002,False,True
2487623,18.11100000,2.20300000,39.89853300,1622513040339,False,True
2487624,18.11200000,25.00900000,452.96300800,1622513040339,False,True
2487625,18.07600000,1.48600000,26.86093600,1622513093578,True,True
2487626,18.03900000,0.77500000,13.98022500,1622513122005,True,True
2487627,18.03900000,0.77500000,13.98022500,1622513122032,True,True
2487628,18.03900000,0.77500000,13.98022500,1622513122032,True,True
2487629,18.03900000,0.77500000,13.98022500,1622513122032,True,True
2487630,18.03900000,0.77500000,13.98022500,1622513122032,True,True
2487631,18.03900000,0.77500000,13.98022500,1622513122032,True,True
2487632,18.03900000,0.77500000,13.98022500,1622513122032,True,True
2487633,18.03900000,0.77500000,13.98022500,1622513122032,True,True
2487634,18.03900000,0.44700000,8.06343300,1622513122032,True,True
2487635,18.03700000,2.00000000,36.07400000,1622513122032,True,True
2487636,18.02900000,7.60000000,137.02040000,1622513122080,True,True
2487637,18.02100000,2.77100000,49.93619100,1622513193333,True,True
2487638,18.02100000,1.17700000,21.21071700,1622513193333,True,True
2487639,18.02100000,1.59400000,28.72547400,1622513193425,True,True
2487640,18.00400000,34.86700000,627.74546800,1622513204756,True,True
2487641,18.00400000,24.12300000,434.31049200,1622513204761,True,True
2487642,18.00000000,0.89300000,16.07400000,1622513204842,True,True
2487643,17.99900000,58.05500000,1044.93194500,1622513204852,True,True
2487644,17.97900000,52.82800000,949.79461200,1622513206329,True,True
2487645,17.96700000,2.00000000,35.93400000,1622513224463,True,True
2487646,17.96700000,0.76600000,13.76272200,1622513224463,True,True
2487647,17.96700000,0.76600000,13.76272200,1622513224463,True,True
2487648,17.97800000,2.78300000,50.03277400,1622513230002,False,True
2487649,17.95600000,0.55700000,10.00149200,1622513292484,True,True
2487650,17.95500000,1.13900000,20.45074500,1622513292969,True,True
2487651,17.93100000,1.22700000,22.00133700,1622513303209,True,True
2487652,17.93100000,1.11600000,20.01099600,1622513303209,True,True
2487653,17.92800000,1.12300000,20.13314400,1622513303311,True,True
2487654,17.90600000,0.78100000,13.98458600,1622513307442,True,True
2487655,17.90600000,0.78100000,13.98458600,1622513307442,True,True
2487656,17.90600000,0.78100000,13.98458600,1622513307442,True,True
2487657,17.90600000,0.78100000,13.98458600,1622513307442,True,True
2487658,17.90600000,0.78100000,13.98458600,1622513307442,True,True
2487659,17.90600000,0.78100000,13.98458600,1622513307442,True,True
2487660,17.90600000,0.78100000,13.98458600,1622513307442,True,True
2487661,17.90600000,0.11900000,2.13081400,1622513307442,True,True
2487662,17.90600000,0.66200000,11.85377200,1622513307553,True,True
2487663,17.90600000,0.44800000,8.02188800,1622513307553,True,True
2487664,17.90500000,96.30000000,1724.25150000,1622513307590,True,True
2487665,17.90100000,2.79000000,49.94379000,1622513307647,True,True
2487666,17.90000000,10.00000000,179.00000000,1622513307647,True,True
2487667,17.89700000,2.00000000,35.79400000,1622513307647,True,True
2487668,17.87800000,1.11900000,20.00548200,1622513307647,True,True
2487669,17.86400000,45.59100000,814.43762400,1622513307647,True,True
2487670,17.87100000,0.71400000,12.75989400,1622513318950,True,True
2487671,17.86100000,116.66400000,2083.73570400,1622513351517,True,True
2487672,17.86000000,20.36200000,363.66532000,1622513351517,True,True
2487673,17.85900000,0.56000000,10.00104000,1622513351517,True,True
2487674,17.85900000,58.84600000,1050.93071400,1622513351517,True,True
2487675,17.85500000,60.16800000,1074.29964000,1622513351517,True,True
2487676,17.85400000,95.80000000,1710.41320000,1622513351517,True,True
2487677,17.91000000,8.37000000,149.90670000,1622513368424,False,True
2487678,17.91300000,0.97800000,17.51891400,1622513368424,False,True
2487679,17.91400000,0.78200000,14.00874800,1622513368424,False,True
2487680,17.91400000,0.78200000,14.00874800,1622513368424,False,True
2487681,17.91400000,0.78200000,14.00874800,1622513368424,False,True
2487682,17.91400000,0.13100000,2.34673400,1622513368424,False,True
2487683,17.90900000,20.00000000,358.18000000,1622513368428,True,True
2487684,17.91400000,0.65100000,11.66201400,1622513369038,False,True
2487685,17.91400000,0.78200000,14.00874800,1622513369038,False,True
2487686,17.91400000,0.78200000,14.00874800,1622513369038,False,True
2487687,17.91400000,0.78200000,14.00874800,1622513369038,False,True
2487688,17.91400000,0.78200000,14.00874800,1622513369038,False,True
2487689,17.91400000,0.45100000,8.07921400,1622513369038,False,True
2487690,17.93100000,2.79500000,50.11714500,1622513370307,False,True
2487691,17.93100000,2.75300000,49.36404300,1622513370307,False,True
2487692,17.94600000,39.86000000,715.32756000,1622513378645,True,True
2487693,17.95900000,0.78100000,14.02597900,1622513381690,False,True
2487694,17.95900000,0.78100000,14.02597900,1622513381690,False,True
2487695,17.95900000,0.78100000,14.02597900,1622513381690,False,True
2487696,17.95900000,0.78100000,14.02597900,1622513381690,False,True
2487697,17.95900000,0.78100000,14.02597900,1622513381690,False,True
2487698,17.95900000,0.78100000,14.02597900,1622513381690,False,True
2487699,17.95900000,0.78100000,14.02597900,1622513381690,False,True
2487700,17.95900000,0.10600000,1.90365400,1622513381690,False,True
2487701,17.95900000,0.67500000,12.12232500,1622513381692,False,True
2487702,17.95900000,0.45000000,8.08155000,1622513381692,False,True
2487703,17.96000000,20.36200000,365.70152000,1622513381797,False,True
2487704,17.96200000,57.07300000,1025.14522600,1622513381808,False,True
2487705,17.94900000,32.04000000,575.08596000,1622513383960,True,True
2487706,17.92300000,1.43000000,25.62989000,1622513390169,True,True
2487707,17.90700000,1.43000000,25.60701000,1622513402173,False,True
2487708,17.85300000,1.43800000,25.67261400,1622513425413,True,True
2487709,17.85200000,8.42000000,150.31384000,1622513425451,True,True
2487710,17.85200000,2.79400000,49.87848800,1622513425451,True,True
2487711,17.84900000,0.56100000,10.01328900,1622513425472,True,True
2487712,17.84600000,3.36300000,60.01609800,1622513425502,True,True
2487713,17.84600000,0.83100000,14.83002600,1622513425502,True,True
2487714,17.84600000,0.67300000,12.01035800,1622513425502,True,True
2487715,17.84600000,1.10300000,19.68413800,1622513425502,True,True
2487716,17.84400000,1.30200000,23.23288800,1622513425570,True,True
2487717,17.84100000,2.79300000,49.82991300,1622513425570,True,True
2487718,17.82700000,1.14700000,20.44756900,1622513425570,True,True
2487719,17.82600000,2.00000000,35.65200000,1622513425570,True,True
2487720,17.82600000,3.14800000,56.11624800,1622513425570,True,True
2487721,17.82500000,2.30000000,40.99750000,1622513434668,True,True
2487722,17.82500000,0.02800000,0.49910000,1622513435485,True,True
2487723,17.82100000,0.64900000,11.56582900,1622513467023,True,True
2487724,17.82000000,1.12300000,20.01186000,1622513467051,True,True
2487725,17.79600000,1.18100000,21.01707600,1622513468437,True,True
2487726,17.79200000,1.80000000,32.02560000,1622513470037,True,True
2487727,17.79200000,0.08900000,1.58348800,1622513470601,True,True
2487728,17.78900000,0.67500000,12.00757500,1622513471173,True,True
2487729,17.78300000,1.18100000,21.00172300,1622513471538,True,True
2487730,17.78000000,0.88600000,15.75308000,1622513471676,True,True
2487731,17.77500000,0.21400000,3.80385000,1622513471676,True,True
2487732,17.77500000,0.46200000,8.21205000,1622513471735,True,True
2487733,17.78700000,1.43800000,25.57770600,1622513488666,False,True
2487734,17.78800000,2.81300000,50.03764400,1622513488714,False,True
2487735,17.78800000,2.77400000,49.34391200,1622513488714,False,True
2487736,17.86900000,6.31400000,112.82486600,1622513522675,False,True
2487737,17.87100000,8.42000000,150.47382000,1622513522689,False,True
2487738,17.89600000,3.14800000,56.33660800,1622513522964,False,True
2487739,17.89700000,2.00000000,35.79400000,1622513522964,False,True
2487740,17.90100000,6.67700000,119.52497700,1622513522964,False,True
2487741,17.89200000,0.83800000,14.99349600,1622513523004,True,True
2487742,17.86200000,2.79400000,49.90642800,1622513545481,True,True
2487743,17.86200000,2.79200000,49.87070400,1622513545481,True,True
2487744,17.86000000,60.16200000,1074.49332000,1622513545481,True,True
2487745,17.85700000,113.20800000,2021.55525600,1622513545481,True,True
2487746,17.85700000,41.00000000,732.13700000,1622513545487,False,True
2487747,17.85700000,0.04400000,0.78570800,1622513545489,False,True
2487748,17.90600000,9.96800000,178.48700800,1622513546805,False,True
2487749,17.86200000,0.78200000,13.96808400,1622513549885,True,True
2487750,17.86200000,0.78200000,13.96808400,1622513549885,True,True
2487751,17.86200000,0.78200000,13.96808400,1622513549885,True,True
2487752,17.86200000,0.78200000,13.96808400,1622513549885,True,True
2487753,17.86200000,0.78200000,13.96808400,1622513549885,True,True
2487754,17.86200000,0.78200000,13.96808400,1622513549885,True,True
2487755,17.86200000,0.78200000,13.96808400,1622513549885,True,True
2487756,17.86200000,0.78200000,13.96808400,1622513549885,True,True
2487757,17.86200000,0.45200000,8.07362400,1622513549885,True,True
2487758,17.86100000,5.11200000,91.30543200,1622513549885,True,True
2487759,17.86100000,6.31300000,112.75649300,1622513550681,True,True
2487760,17.86100000,3.06400000,54.72610400,1622513550684,True,True
2487761,17.86100000,7.09400000,126.70593400,1622513551728,True,True
2487762,17.82600000,2.00000000,35.65200000,1622513562727,True,True
2487763,17.80300000,1.44000000,25.63632000,1622513563646,True,True
2487764,17.79300000,0.78500000,13.96750500,1622513563646,True,True
2487765,17.79300000,0.78500000,13.96750500,1622513563646,True,True
2487766,17.79300000,0.78500000,13.96750500,1622513563646,True,True
2487767,17.79300000,0.78500000,13.96750500,1622513563646,True,True
2487768,17.79300000,0.78500000,13.96750500,1622513563646,True,True
2487769,17.79300000,0.78500000,13.96750500,1622513563646,True,True
2487770,17.79300000,0.78500000,13.96750500,1622513563646,True,True
2487771,17.79300000,0.78500000,13.96750500,1622513563646,True,True
2487772,17.79300000,0.45200000,8.04243600,1622513563646,True,True
2487773,17.79200000,91.82800000,1633.80377600,1622513563646,True,True
2487774,17.82100000,1.44000000,25.66224000,1622513568943,False,True
2487775,17.80600000,1.44100000,25.65844600,1622513576511,True,True
2487776,17.79400000,0.78500000,13.96829000,1622513576511,True,True
2487777,17.79400000,0.78500000,13.96829000,1622513576511,True,True
2487778,17.79400000,0.78500000,13.96829000,1622513576511,True,True
2487779,17.79400000,0.78500000,13.96829000,1622513576511,True,True
2487780,17.79400000,0.78500000,13.96829000,1622513576511,True,True
2487781,17.79400000,0.78500000,13.96829000,1622513576511,True,True
2487782,17.79400000,0.78500000,13.96829000,1622513576511,True,True
2487783,17.79400000,0.78500000,13.96829000,1622513576511,True,True
2487784,17.79400000,0.45200000,8.04288800,1622513576511,True,True
2487785,17.79300000,45.00000000,800.68500000,1622513576511,True,True
2487786,17.79200000,20.36200000,362.28070400,1622513576511,True,True
2487787,17.79200000,26.46500000,470.86528000,1622513576516,False,True
2487788,17.83800000,1.44100000,25.70455800,1622513584993,False,True
2487789,17.83900000,2.77900000,49.57458100,1622513585196,False,True
2487790,17.83900000,2.80700000,50.07407300,1622513585196,False,True
2487791,17.86000000,0.78500000,14.02010000,1622513586957,False,True
2487792,17.86000000,0.78500000,14.02010000,1622513586957,False,True
2487793,17.86000000,0.78500000,14.02010000,1622513586957,False,True
2487794,17.86000000,0.78500000,14.02010000,1622513586957,False,True
2487795,17.86000000,0.78500000,14.02010000,1622513586957,False,True
2487796,17.86000000,0.78500000,14.02010000,1622513586957,False,True
2487797,17.86000000,0.78500000,14.02010000,1622513586957,False,True
2487798,17.86000000,0.78500000,14.02010000,1622513586957,False,True
2487799,17.86000000,0.45100000,8.05486000,1622513586957,False,True
2487800,17.79000000,3.65700000,65.05803000,1622513615697,True,True
2487801,17.81900000,0.78600000,14.00573400,1622513626346,False,True
2487802,17.81900000,0.78600000,14.00573400,1622513626346,False,True
2487803,17.81900000,0.78600000,14.00573400,1622513626346,False,True
2487804,17.81900000,0.78600000,14.00573400,1622513626346,False,True
2487805,17.81900000,0.78600000,14.00573400,1622513626346,False,True
2487806,17.81900000,0.78600000,14.00573400,1622513626346,False,True
2487807,17.81900000,0.28400000,5.06059600,1622513626346,False,True
2487808,17.84800000,3.65700000,65.27013600,1622513641445,False,True
2487809,17.86100000,6.31300000,112.75649300,1622513643070,False,True
2487810,17.86100000,6.31300000,112.75649300,1622513643073,False,True
2487811,17.86100000,11.82400000,211.18846400,1622513643079,False,True
2487812,17.86100000,4.46300000,79.71364300,1622513644099,False,True
2487813,17.88100000,39.01000000,697.53781000,1622513648367,True,True
2487814,17.89500000,0.78300000,14.01178500,1622513689880,False,True
2487815,17.89500000,0.78300000,14.01178500,1622513689880,False,True
2487816,17.89500000,0.78300000,14.01178500,1622513689880,False,True
2487817,17.89500000,0.78300000,14.01178500,1622513689880,False,True
2487818,17.89500000,0.78300000,14.01178500,1622513689880,False,True
2487819,17.89500000,0.78300000,14.01178500,1622513689880,False,True
2487820,17.89500000,0.78300000,14.01178500,1622513689880,False,True
2487821,17.89500000,0.78300000,14.01178500,1622513689880,False,True
2487822,17.89500000,0.45200000,8.08854000,1622513689880,False,True
2487823,17.89600000,8.28400000,148.25046400,1622513689880,False,True
2487824,17.89600000,12.07800000,216.14788800,1622513690032,False,True
2487825,17.89700000,2.00000000,35.79400000,1622513690468,False,True
2487826,17.90000000,1.00000000,17.90000000,1622513710399,False,True
2487827,17.91900000,0.87800000,15.73288200,1622513710399,False,True
2487828,17.91900000,2.23200000,39.99520800,1622513710399,False,True
2487829,17.91900000,20.00000000,358.38000000,1622513712318,False,True
2487830,17.91900000,10.00000000,179.19000000,1622513712319,False,True
2487831,17.91900000,10.21800000,183.09634200,1622513712319,False,True
2487832,17.91900000,13.94000000,249.79086000,1622513712319,False,True
2487833,17.92800000,0.83800000,15.02366400,1622513712616,False,True
2487834,17.95300000,115.26200000,2069.29868600,1622513712864,False,True
2487835,17.96700000,2.00000000,35.93400000,1622513713736,False,True
2487836,17.98700000,1.14700000,20.63108900,1622513714996,False,True
2487837,17.98200000,34.93000000,628.11126000,1622513716834,True,True
2487838,17.96100000,0.61300000,11.01009300,1622513728051,False,True
2487839,17.89700000,2.00000000,35.79400000,1622513761534,True,True
2487840,17.92200000,2.00000000,35.84400000,1622513764718,False,True
2487841,17.92200000,2.00000000,35.84400000,1622513765324,False,True
2487842,17.88800000,5.97500000,106.88080000,1622513775385,False,True
2487843,17.84700000,0.78300000,13.97420100,1622513776015,True,True
2487844,17.84700000,0.78300000,13.97420100,1622513776015,True,True
2487845,17.84700000,0.78300000,13.97420100,1622513776015,True,True
2487846,17.84700000,0.78300000,13.97420100,1622513776015,True,True
2487847,17.84700000,0.78300000,13.97420100,1622513776015,True,True
2487848,17.84700000,0.78300000,13.97420100,1622513776015,True,True
2487849,17.84700000,0.78300000,13.97420100,1622513776015,True,True
2487850,17.84700000,0.78300000,13.97420100,1622513776015,True,True
2487851,17.84700000,0.45000000,8.03115000,1622513776015,True,True
2487852,17.84600000,9.58600000,171.07175600,1622513776015,True,True
2487853,17.84600000,9.82000000,175.24772000,1622513776050,True,True
2487854,17.84600000,0.59400000,10.60052400,1622513776865,True,True
2487855,17.83200000,0.78400000,13.98028800,1622513779671,True,True
2487856,17.83200000,0.78400000,13.98028800,1622513779671,True,True
2487857,17.83200000,0.78400000,13.98028800,1622513779671,True,True
2487858,17.83200000,0.78400000,13.98028800,1622513779671,True,True
2487859,17.83200000,0.78400000,13.98028800,1622513779671,True,True
2487860,17.83200000,0.78400000,13.98028800,1622513779671,True,True
2487861,17.83200000,0.78400000,13.98028800,1622513779671,True,True
2487862,17.83200000,0.12400000,2.21116800,1622513779671,True,True
2487863,17.83200000,0.66000000,11.76912000,1622513779674,True,True
2487864,17.83200000,0.44800000,7.98873600,1622513779674,True,True
2487865,17.83100000,25.00000000,445.77500000,1622513780019,True,True
2487866,17.82700000,1.14700000,20.44756900,1622513780423,True,True
2487867,17.82700000,10.80300000,192.58508100,1622513780423,True,True
2487868,17.82600000,2.00000000,35.65200000,1622513780470,True,True
2487869,17.81600000,2.80000000,49.88480000,1622513780597,True,True
2487870,17.81600000,2.79800000,49.84916800,1622513780597,True,True
2487871,17.81500000,100.00000000,1781.50000000,1622513781922,True,True
2487872,17.81100000,4.41300000,78.59994300,1622513781980,True,True
2487873,17.78000000,8.90000000,158.24200000,1622513789139,True,True
2487874,17.76100000,0.67600000,12.00643600,1622513791396,True,True
2487875,17.75900000,1.18300000,21.00889700,1622513822155,True,True
2487876,17.75600000,1.18300000,21.00534800,1622513822197,True,True
2487877,17.75600000,0.81700000,14.50665200,1622513823186,True,True
2487878,17.75500000,4.00000000,71.02000000,1622513824241,True,True
2487879,17.75500000,1.30200000,23.11701000,1622513824241,True,True
2487880,17.75500000,1.18300000,21.00416500,1622513824241,True,True
2487881,17.75500000,2.47900000,44.01464500,1622513824241,True,True
2487882,17.74700000,6.31400000,112.05455800,1622513826376,True,True
2487883,17.74600000,1.12800000,20.01748800,1622513826376,True,True
2487884,17.73800000,1.16700000,20.70024600,1622513826376,True,True
2487885,17.73700000,53.87800000,955.63408600,1622513826376,True,True
2487886,17.80100000,2.81300000,50.07421300,1622513846574,False,True
2487887,17.80700000,9.01200000,160.47668400,1622513846574,False,True
2487888,17.81400000,6.31400000,112.47759600,1622513853932,False,True
2487889,17.81400000,2.78600000,49.62980400,1622513853932,False,True
2487890,17.82600000,4.41300000,78.66613800,1622513854826,False,True
2487891,17.82600000,2.00000000,35.65200000,1622513854826,False,True
2487892,17.88900000,0.78400000,14.02497600,1622513896868,False,True
2487893,17.84600000,20.27200000,361.77411200,1622513927423,True,True
2487894,17.84400000,0.67400000,12.02685600,1622513932663,False,True
2487895,17.79600000,0.78500000,13.96986000,1622513942249,True,True
2487896,17.79600000,0.78500000,13.96986000,1622513942249,True,True
2487897,17.79600000,0.78500000,13.96986000,1622513942249,True,True
2487898,17.79600000,0.78500000,13.96986000,1622513942249,True,True
2487899,17.79600000,0.78500000,13.96986000,1622513942249,True,True
2487900,17.79600000,0.78500000,13.96986000,1622513942249,True,True
2487901,17.79600000,0.78500000,13.96986000,1622513942249,True,True
2487902,17.79600000,0.78500000,13.96986000,1622513942249,True,True
2487903,17.79600000,0.45600000,8.11497600,1622513942249,True,True
2487904,17.79500000,15.08700000,268.47316500,1622513942249,True,True
2487905,17.87100000,30.17800000,539.31103800,1622513964813,False,True
2487906,17.84500000,0.78500000,14.00832500,1622513971734,False,True
2487907,17.89700000,2.00000000,35.79400000,1622514002596,False,True
2487908,17.92300000,0.78200000,14.01578600,1622514006970,False,True
2487909,17.92300000,0.78200000,14.01578600,1622514006970,False,True
2487910,17.92300000,0.78200000,14.01578600,1622514006970,False,True
2487911,17.92300000,0.78200000,14.01578600,1622514006970,False,True
2487912,17.92300000,0.78200000,14.01578600,1622514006970,False,True
2487913,17.92300000,0.78200000,14.01578600,1622514006970,False,True
2487914,17.92300000,0.78200000,14.01578600,1622514006970,False,True
2487915,17.92300000,0.10700000,1.91776100,1622514006970,False,True
2487916,17.92300000,0.67500000,12.09802500,1622514006995,False,True
2487917,17.92300000,0.45400000,8.13704200,1622514006995,False,True
2487918,17.92400000,58.97200000,1057.01412800,1622514007385,False,True
2487919,17.82900000,7.25300000,129.31373700,1622514088936,True,True
2487920,17.82900000,2.79900000,49.90337100,1622514088936,True,True
2487921,17.82600000,1.94800000,34.72504800,1622514088936,True,True
2487922,17.88800000,100.00000000,1788.80000000,1622514089147,False,True
2487923,17.82600000,0.05200000,0.92695200,1622514089154,True,True
2487924,17.83000000,2.79900000,49.90617000,1622514094021,False,True
2487925,17.89700000,2.00000000,35.79400000,1622514176513,False,True
2487926,17.89700000,4.49300000,80.41122100,1622514176520,True,True
2487927,17.89700000,8.43000000,150.87171000,1622514176520,True,True
2487928,17.89700000,15.18500000,271.76594500,1622514176521,True,True
2487929,17.89400000,1.11700000,19.98759800,1622514177800,True,True
2487930,17.91300000,8.42000000,150.82746000,1622514195078,False,True
2487931,17.90000000,33.49000000,599.47100000,1622514300642,True,True
2487932,17.87700000,2.79100000,49.89470700,1622514300898,True,True
2487933,17.87600000,2.79100000,49.89191600,1622514300898,True,True
2487934,17.87200000,6.23800000,111.48553600,1622514300898,True,True
2487935,17.87200000,43.76200000,782.11446400,1622514301042,True,True
2487936,17.90900000,2.79600000,50.07356400,1622514335800,False,True
2487937,17.91100000,2.78500000,49.88213500,1622514335808,False,True
2487938,17.90800000,0.78000000,13.96824000,1622514337291,True,True
2487939,17.90800000,0.78000000,13.96824000,1622514337291,True,True
2487940,17.90800000,0.78000000,13.96824000,1622514337291,True,True
2487941,17.90800000,0.78000000,13.96824000,1622514337291,True,True
2487942,17.90800000,0.78000000,13.96824000,1622514337291,True,True
2487943,17.90800000,0.78000000,13.96824000,1622514337291,True,True
2487944,17.90800000,0.78000000,13.96824000,1622514337291,True,True
2487945,17.90800000,0.78000000,13.96824000,1622514337291,True,True
2487946,17.90800000,0.45400000,8.13023200,1622514337291,True,True
2487947,17.90700000,7.70600000,137.99134200,1622514337291,True,True
2487948,17.88500000,4.72400000,84.48874000,1622514392965,False,True
2487949,17.88500000,10.00000000,178.85000000,1622514392965,False,True
2487950,17.88500000,10.00000000,178.85000000,1622514392966,False,True
2487951,17.88500000,33.15200000,592.92352000,1622514392969,False,True
2487952,17.89900000,0.78300000,14.01491700,1622514591692,False,True
2487953,17.89900000,0.78300000,14.01491700,1622514591692,False,True
2487954,17.89900000,0.78300000,14.01491700,1622514591692,False,True
2487955,17.89900000,0.78300000,14.01491700,1622514591692,False,True
2487956,17.89900000,0.78300000,14.01491700,1622514591692,False,True
2487957,17.89900000,0.78300000,14.01491700,1622514591692,False,True
2487958,17.89900000,0.78300000,14.01491700,1622514591692,False,True
2487959,17.89900000,0.78300000,14.01491700,1622514591692,False,True
2487960,17.89900000,0.44800000,8.01875200,1622514591692,False,True
2487961,17.90000000,5.11300000,91.52270000,1622514591692,False,True
2487962,17.90000000,44.88700000,803.47730000,1622514591886,False,True
2487963,17.90700000,14.57600000,261.01243200,1622514593282,True,True
2487964,17.90700000,24.72400000,442.73266800,1622514593289,True,True
2487965,17.88900000,0.61400000,10.98384600,1622514615055,False,True
2487966,17.88900000,0.78100000,13.97130900,1622514624603,False,True
2487967,17.91200000,0.78200000,14.00718400,1622514649317,False,True
2487968,17.91200000,0.78200000,14.00718400,1622514649317,False,True
2487969,17.91200000,0.78200000,14.00718400,1622514649317,False,True
2487970,17.91200000,0.78200000,14.00718400,1622514649317,False,True
2487971,17.91200000,0.78200000,14.00718400,1622514649317,False,True
2487972,17.91200000,0.78200000,14.00718400,1622514649317,False,True
2487973,17.91200000,0.78200000,14.00718400,1622514649317,False,True
2487974,17.91200000,0.78200000,14.00718400,1622514649317,False,True
2487975,17.91200000,0.45300000,8.11413600,1622514649317,False,True
2487976,17.91300000,8.29100000,148.51668300,1622514649317,False,True
2487977,17.91300000,41.70900000,747.13331700,1622514649711,False,True
2487978,17.91900000,0.78200000,14.01265800,1622514659879,False,True
2487979,17.91900000,0.78200000,14.01265800,1622514659879,False,True
2487980,17.91900000,0.78200000,14.01265800,1622514659879,False,True
2487981,17.91900000,0.78200000,14.01265800,1622514659879,False,True
2487982,17.91900000,0.78200000,14.01265800,1622514659879,False,True
2487983,17.91900000,0.78200000,14.01265800,1622514659879,False,True
2487984,17.91900000,0.78200000,14.01265800,1622514659879,False,True
2487985,17.91900000,0.11100000,1.98900900,1622514659879,False,True
2487986,17.91900000,0.67100000,12.02364900,1622514659880,False,True
2487987,17.91900000,0.44700000,8.00979300,1622514659880,False,True
2487988,17.92000000,67.00000000,1200.64000000,1622514661067,False,True
2487989,17.93100000,33.79000000,605.88849000,1622514721685,True,True
2487990,17.92000000,2.79000000,49.99680000,1622514723034,True,True
2487991,17.92000000,2.16600000,38.81472000,1622514824562,False,True
2487992,17.96500000,7.70600000,138.43829000,1622514929276,False,True
2487993,17.96600000,1.11700000,20.06802200,1622514929276,False,True
2487994,17.96700000,2.00000000,35.93400000,1622514929276,False,True
2487995,17.97100000,5.87300000,105.54368300,1622514929276,False,True
2487996,17.90300000,8.00000000,143.22400000,1622515021303,True,True
2487997,17.89700000,2.00000000,35.79400000,1622515046749,True,True
2487998,17.89700000,10.05700000,179.99012900,1622515073361,True,True
2487999,17.90400000,25.00000000,447.60000000,1622515085865,False,True
2488000,17.91700000,8.32400000,149.14110800,1622515112553,False,True
2488001,17.91700000,2.15700000,38.64696900,1622515138707,True,True
2488002,17.87600000,2.15700000,38.55853200,1622515138723,True,True
2488003,17.92300000,25.00000000,448.07500000,1622515196547,False,True
2488004,17.92500000,2.89600000,51.91080000,1622515196547,False,True
2488005,17.89000000,0.55900000,10.00051000,1622515206740,True,True
2488006,17.84900000,0.78300000,13.97576700,1622515257123,True,True
2488007,17.84900000,2.79900000,49.95935100,1622515257123,True,True
2488008,17.84900000,0.78300000,13.97576700,1622515257123,True,True
2488009,17.84900000,0.78300000,13.97576700,1622515257123,True,True
2488010,17.84900000,0.45600000,8.13914400,1622515257123,True,True
2488011,17.84900000,0.32700000,5.83662300,1622515257124,True,True
2488012,17.84900000,0.78300000,13.97576700,1622515257124,True,True
2488013,17.84900000,0.78300000,13.97576700,1622515257124,True,True
2488014,17.84900000,0.78300000,13.97576700,1622515257124,True,True
2488015,17.84900000,0.78300000,13.97576700,1622515257124,True,True
2488016,17.84900000,0.45100000,8.04989900,1622515257124,True,True
2488017,17.88300000,2.56400000,45.85201200,1622515264028,False,True
2488018,17.88500000,13.30000000,237.87050000,1622515321989,True,True
2488019,17.88500000,19.65000000,351.44025000,1622515322001,True,True
2488020,17.84900000,0.78300000,13.97576700,1622515403680,True,True
2488021,17.84900000,2.79900000,49.95935100,1622515403680,True,True
2488022,17.84900000,0.78300000,13.97576700,1622515403680,True,True
2488023,17.84900000,0.78300000,13.97576700,1622515403680,True,True
2488024,17.84900000,0.45600000,8.13914400,1622515403680,True,True
2488025,17.84900000,0.32700000,5.83662300,1622515403680,True,True
2488026,17.84900000,0.78300000,13.97576700,1622515403680,True,True
2488027,17.84900000,0.78300000,13.97576700,1622515403680,True,True
2488028,17.84900000,0.78300000,13.97576700,1622515403680,True,True
2488029,17.84900000,0.78300000,13.97576700,1622515403680,True,True
2488030,17.84900000,0.45300000,8.08559700,1622515403680,True,True
2488031,17.84800000,50.00000000,892.40000000,1622515403729,True,True
2488032,17.82800000,2.56800000,45.78230400,1622515412520,True,True
2488033,17.82600000,2.00000000,35.65200000,1622515412520,True,True
2488034,17.80600000,2.81000000,50.03486000,1622515451095,False,True
2488035,17.80700000,5.83700000,103.93945900,1622515451095,False,True
2488036,17.81800000,2.79300000,49.76567400,1622515471784,False,True
2488037,17.84900000,0.78500000,14.01146500,1622515485794,False,True
2488038,17.84900000,0.78500000,14.01146500,1622515485794,False,True
2488039,17.84900000,0.78500000,14.01146500,1622515485794,False,True
2488040,17.84900000,0.78500000,14.01146500,1622515485794,False,True
2488041,17.84900000,0.78500000,14.01146500,1622515485794,False,True
2488042,17.84900000,0.64400000,11.49475600,1622515485794,False,True
2488043,17.86700000,10.80000000,192.96360000,1622515502301,True,True
2488044,17.86700000,9.47000000,169.20049000,1622515502311,True,True
2488045,17.89700000,2.00000000,35.79400000,1622515684445,False,True
2488046,17.91500000,5.00000000,89.57500000,1622515686186,True,True
2488047,17.91500000,20.56000000,368.33240000,1622515686247,True,True
2488048,17.82600000,2.00000000,35.65200000,1622515753970,True,True
2488049,17.82000000,35.48000000,632.25360000,1622515756968,False,True
2488050,17.82600000,0.78600000,14.01123600,1622515781399,False,True
2488051,17.80200000,0.78500000,13.97457000,1622515874509,True,True
2488052,17.80200000,0.78500000,13.97457000,1622515874509,True,True
2488053,17.80200000,0.78500000,13.97457000,1622515874509,True,True
2488054,17.80200000,0.78500000,13.97457000,1622515874509,True,True
2488055,17.80200000,0.78500000,13.97457000,1622515874509,True,True
2488056,17.80200000,0.78500000,13.97457000,1622515874509,True,True
2488057,17.80200000,0.78500000,13.97457000,1622515874509,True,True
2488058,17.80200000,0.12400000,2.20744800,1622515874509,True,True
2488059,17.80200000,0.66100000,11.76712200,1622515874509,True,True
2488060,17.80200000,0.45400000,8.08210800,1622515874509,True,True
2488061,17.80500000,3.36700000,59.94943500,1622516098065,False,True
2488062,17.85700000,0.78400000,13.99988800,1622516367112,False,True
2488063,17.80600000,6.35200000,113.10371200,1622516451930,True,True
2488064,17.80500000,0.56200000,10.00641000,1622516463498,True,True
2488065,17.80500000,0.60000000,10.68300000,1622516494964,False,True
2488066,17.80500000,1.96300000,34.95121500,1622516563503,False,True
2488067,17.81700000,10.70000000,190.64190000,1622516583697,True,True
2488068,17.81700000,9.35100000,166.60676700,1622516583697,True,True
2488069,17.80500000,0.66000000,11.75130000,1622516611148,False,True
2488070,17.81300000,0.61600000,10.97280800,1622516630957,False,True
2488071,17.85800000,27.99800000,499.98828400,1622516728574,False,True
2488072,17.85700000,0.95700000,17.08914900,1622516740552,False,True
2488073,17.85800000,5.50100000,98.23685800,1622516789404,False,True
2488074,17.85700000,0.78400000,13.99988800,1622516897499,False,True
2488075,17.85700000,0.78400000,13.99988800,1622516897499,False,True
2488076,17.85700000,0.78400000,13.99988800,1622516897499,False,True
2488077,17.85700000,0.78400000,13.99988800,1622516897499,False,True
2488078,17.85700000,0.78400000,13.99988800,1622516897499,False,True
2488079,17.85700000,0.78400000,13.99988800,1622516897499,False,True
2488080,17.85700000,0.78400000,13.99988800,1622516897499,False,True
