48099257,16.66000000,15.01000000,250.06660000,1682985600693,True,True
48099258,16.66000000,7.52000000,125.28320000,1682985600693,True,True
48099259,16.66000000,32.50000000,541.45000000,1682985602851,True,True
48099260,16.66000000,8.77000000,146.10820000,1682985602931,True,True
48099261,16.66000000,42.27000000,704.21820000,1682985602943,True,True
48099262,16.66000000,33.56000000,559.10960000,1682985603061,True,True
48099263,16.66000000,8.77000000,146.10820000,1682985603280,True,True
48099264,16.66000000,37.13000000,618.58580000,1682985606633,True,True
48099265,16.66000000,54.97000000,915.80020000,1682985606784,True,True
48099266,16.66000000,1.51000000,25.15660000,1682985606792,True,True
48099267,16.66000000,28.29000000,471.31140000,1682985606793,True,True
48099268,16.66000000,33.11000000,551.61260000,1682985606866,True,True
48099269,16.66000000,28.29000000,471.31140000,1682985606918,True,True
48099270,16.66000000,1.52000000,25.32320000,1682985606918,True,True
48099271,16.65000000,8.77000000,146.02050000,1682985606930,True,True
48099272,16.65000000,1.58000000,26.30700000,1682985612821,True,True
48099273,16.65000000,2.01000000,33.46650000,1682985618941,True,True
48099274,16.65000000,30.47000000,507.32550000,1682985618941,True,True
48099275,16.65000000,15.29000000,254.57850000,1682985618957,True,True
48099276,16.65000000,50.00000000,832.50000000,1682985618957,True,True
48099277,16.65000000,3.30000000,54.94500000,1682985618957,True,True
48099278,16.65000000,39.12000000,651.34800000,1682985618957,True,True
48099279,16.65000000,32.48000000,540.79200000,1682985618958,True,True
48099280,16.64000000,42.00000000,698.88000000,1682985618958,True,True
48099281,16.65000000,2.46000000,40.95900000,1682985618986,False,True
48099282,16.65000000,1.52000000,25.30800000,1682985620359,False,True
48099283,16.65000000,1.51000000,25.14150000,1682985628674,True,True
48099284,16.65000000,29.66000000,493.83900000,1682985628674,True,True
48099285,16.65000000,1.51000000,25.14150000,1682985628680,True,True
48099286,16.64000000,33.60000000,559.10400000,1682985645008,True,True
48099287,16.64000000,38.11000000,634.15040000,1682985646068,True,True
48099288,16.64000000,1.52000000,25.29280000,1682985648024,False,True
48099289,16.64000000,3.78000000,62.89920000,1682985648024,False,True
48099290,16.64000000,1.10000000,18.30400000,1682985648024,False,True
48099291,16.63000000,1.51000000,25.11130000,1682985670319,True,True
48099292,16.63000000,1.80000000,29.93400000,1682985670319,True,True
48099293,16.63000000,3.00000000,49.89000000,1682985670319,True,True
48099294,16.63000000,3.60000000,59.86800000,1682985670319,True,True
48099295,16.63000000,3.30000000,54.87900000,1682985670319,True,True
48099296,16.63000000,1.07000000,17.79410000,1682985670339,False,True
48099297,16.62000000,0.94000000,15.62280000,1682985671956,True,True
48099298,16.63000000,1.52000000,25.27760000,1682985677890,False,True
48099299,16.63000000,0.48000000,7.98240000,1682985677890,False,True
48099300,16.62000000,0.57000000,9.47340000,1682985712141,True,True
48099301,16.62000000,3.14000000,52.18680000,1682985712141,True,True
48099302,16.62000000,8.30000000,137.94600000,1682985712141,True,True
48099303,16.62000000,50.00000000,831.00000000,1682985712141,True,True
48099304,16.62000000,3.00000000,49.86000000,1682985712141,True,True
48099305,16.62000000,3.60000000,59.83200000,1682985712141,True,True
48099306,16.62000000,3.30000000,54.84600000,1682985712141,True,True
48099307,16.61000000,1.45000000,24.08450000,1682985810344,True,True
48099308,16.61000000,0.71000000,11.79310000,1682985810344,True,True
48099309,16.61000000,3.00000000,49.83000000,1682985810344,True,True
48099310,16.61000000,3.62000000,60.12820000,1682985810344,True,True
48099311,16.61000000,11.53000000,191.51330000,1682985811853,True,True
48099312,16.61000000,3.30000000,54.81300000,1682985811853,True,True
48099313,16.61000000,1.52000000,25.24720000,1682985811853,True,True
48099314,16.61000000,12.04000000,199.98440000,1682985811853,True,True
48099315,16.61000000,12.04000000,199.98440000,1682985811853,True,True
48099316,16.61000000,3.22000000,53.48420000,1682985811884,False,True
48099317,16.61000000,1.52000000,25.24720000,1682985927299,False,True
48099318,16.61000000,15.05000000,249.98050000,1682985927299,False,True
48099319,16.61000000,30.11000000,500.12710000,1682985927299,False,True
48099320,16.61000000,38.16000000,633.83760000,1682985946008,True,True
48099321,16.61000000,1.52000000,25.24720000,1682985946008,True,True
48099322,16.61000000,1.53000000,25.41330000,1682985954918,False,True
48099323,16.61000000,32.68000000,542.81480000,1682985972069,True,True
48099324,16.61000000,5.46000000,90.69060000,1682985972070,True,True
48099325,16.61000000,45.53000000,756.25330000,1682985972070,True,True
48099326,16.61000000,25.31000000,420.39910000,1682985972070,True,True
48099327,16.61000000,53.35000000,886.14350000,1682985972070,True,True
48099328,16.61000000,11.79000000,195.83190000,1682985972077,True,True
48099329,16.61000000,12.34000000,204.96740000,1682985972077,True,True
48099330,16.61000000,2.71000000,45.01310000,1682985972093,True,True
48099331,16.61000000,1.51000000,25.08110000,1682985972163,True,True
48099332,16.60000000,1.00000000,16.60000000,1682985972311,True,True
48099333,16.60000000,0.32000000,5.31200000,1682985972311,True,True
48099334,16.60000000,0.19000000,3.15400000,1682985972311,True,True
48099335,16.60000000,0.13000000,2.15800000,1682985975534,True,True
48099336,16.60000000,0.32000000,5.31200000,1682985975534,True,True
48099337,16.60000000,11.00000000,182.60000000,1682985975534,True,True
48099338,16.60000000,15.04000000,249.66400000,1682985975534,True,True
48099339,16.60000000,0.66000000,10.95600000,1682985975534,True,True
48099340,16.60000000,30.12000000,499.99200000,1682985975534,True,True
48099341,16.60000000,50.00000000,830.00000000,1682985975534,True,True
48099342,16.60000000,0.61000000,10.12600000,1682985975534,True,True
48099343,16.60000000,0.61000000,10.12600000,1682985975534,True,True
48099344,16.60000000,3.00000000,49.80000000,1682985975534,True,True
48099345,16.60000000,2.00000000,33.20000000,1682985975534,True,True
48099346,16.60000000,50.00000000,830.00000000,1682985975534,True,True
48099347,16.60000000,13.09000000,217.29400000,1682985975534,True,True
48099348,16.60000000,1.53000000,25.39800000,1682985978936,True,True
48099349,16.60000000,40.00000000,664.00000000,1682985978948,True,True
48099350,16.60000000,12.05000000,200.03000000,1682985978948,True,True
48099351,16.60000000,12.05000000,200.03000000,1682985978948,True,True
48099352,16.60000000,12.05000000,200.03000000,1682985978948,True,True
48099353,16.60000000,12.05000000,200.03000000,1682985978948,True,True
48099354,16.60000000,12.05000000,200.03000000,1682985978948,True,True
48099355,16.60000000,100.00000000,1660.00000000,1682985978948,True,True
48099356,16.60000000,3.30000000,54.78000000,1682985978948,True,True
48099357,16.60000000,3.34000000,55.44400000,1682985978964,False,True
48099358,16.60000000,1.16000000,19.25600000,1682985979649,False,True
48099359,16.60000000,58.84000000,976.74400000,1682986028924,False,True
48099360,16.60000000,1.53000000,25.39800000,1682986028924,False,True
48099361,16.60000000,13.81000000,229.24600000,1682986028924,False,True
48099362,16.61000000,4.72000000,78.39920000,1682986071046,False,True
48099363,16.60000000,1.52000000,25.23200000,1682986080072,True,True
48099364,16.60000000,15.06000000,249.99600000,1682986116177,False,True
48099365,16.60000000,1.53000000,25.39800000,1682986116177,False,True
48099366,16.61000000,45.17000000,750.27370000,1682986120476,False,True
48099367,16.61000000,15.05000000,249.98050000,1682986120476,False,True
48099368,16.62000000,1.52000000,25.26240000,1682986192367,False,True
48099369,16.62000000,3.30000000,54.84600000,1682986192367,False,True
48099370,16.62000000,15.04000000,249.96480000,1682986192367,False,True
48099371,16.62000000,7.37000000,122.48940000,1682986192367,False,True
48099372,16.62000000,15.68000000,260.60160000,1682986192367,False,True
48099373,16.62000000,14.41000000,239.49420000,1682986192368,False,True
48099374,16.63000000,1.00000000,16.63000000,1682986212346,False,True
48099375,16.62000000,1.51000000,25.09620000,1682986250087,True,True
48099376,16.62000000,1.08000000,17.94960000,1682986276921,False,True
48099377,16.61000000,12.04000000,199.98440000,1682986298578,True,True
48099378,16.61000000,12.04000000,199.98440000,1682986298578,True,True
48099379,16.61000000,12.04000000,199.98440000,1682986298578,True,True
48099380,16.61000000,1.52000000,25.24720000,1682986298578,True,True
48099381,16.60000000,1.52000000,25.23200000,1682986311255,True,True
48099382,16.60000000,20.12000000,333.99200000,1682986311255,True,True
48099383,16.60000000,3.30000000,54.78000000,1682986311255,True,True
48099384,16.60000000,46.79000000,776.71400000,1682986311255,True,True
48099385,16.59000000,3.00000000,49.77000000,1682986333208,True,True
48099386,16.59000000,4.97000000,82.45230000,1682986333208,True,True
48099387,16.59000000,3.33000000,55.24470000,1682986394047,True,True
48099388,16.59000000,20.00000000,331.80000000,1682986394047,True,True
48099389,16.59000000,13.87000000,230.10330000,1682986394047,True,True
48099390,16.59000000,6.13000000,101.69670000,1682986394163,True,True
48099391,16.59000000,33.25000000,551.61750000,1682986394163,True,True
48099392,16.59000000,16.75000000,277.88250000,1682986394266,True,True
48099393,16.59000000,28.06000000,465.51540000,1682986394266,True,True
48099394,16.59000000,21.94000000,363.98460000,1682986394271,True,True
48099395,16.59000000,11.74000000,194.76660000,1682986394271,True,True
48099396,16.59000000,38.26000000,634.73340000,1682986394380,True,True
48099397,16.59000000,3.30000000,54.74700000,1682986394380,True,True
48099398,16.59000000,3.25000000,53.91750000,1682986394380,True,True
48099399,16.59000000,2.77000000,45.95430000,1682986394487,True,True
48099400,16.59000000,3.87000000,64.20330000,1682986394501,False,True
48099401,16.59000000,0.81000000,13.43790000,1682986395785,False,True
48099402,16.59000000,1.53000000,25.38270000,1682986503348,False,True
48099403,16.60000000,1.53000000,25.39800000,1682986588595,False,True
48099404,16.60000000,4.49000000,74.53400000,1682986588595,False,True
48099405,16.60000000,0.93000000,15.43800000,1682986714047,False,True
48099406,16.60000000,3.05000000,50.63000000,1682986714047,False,True
48099407,16.60000000,12.02000000,199.53200000,1682986733738,False,True
48099408,16.60000000,2.98000000,49.46800000,1682986733738,False,True
48099409,16.60000000,1.00000000,16.60000000,1682986799814,False,True
48099410,16.60000000,1.52000000,25.23200000,1682986799814,False,True
48099411,16.60000000,28.46000000,472.43600000,1682986799814,False,True
48099412,16.59000000,1.52000000,25.21680000,1682986818060,True,True
48099413,16.59000000,5.00000000,82.95000000,1682986818060,True,True
48099414,16.59000000,38.16000000,633.07440000,1682986818060,True,True
48099415,16.59000000,12.06000000,200.07540000,1682986818060,True,True
48099416,16.59000000,12.06000000,200.07540000,1682986818060,True,True
48099417,16.59000000,12.06000000,200.07540000,1682986818060,True,True
48099418,16.59000000,12.06000000,200.07540000,1682986818060,True,True
48099419,16.59000000,12.06000000,200.07540000,1682986818060,True,True
48099420,16.58000000,1.53000000,25.36740000,1682986822688,True,True
48099421,16.58000000,3.14000000,52.06120000,1682986822740,True,True
48099422,16.58000000,0.91000000,15.08780000,1682986822740,True,True
48099423,16.58000000,3.47000000,57.53260000,1682986822740,True,True
48099424,16.58000000,0.58000000,9.61640000,1682986822740,True,True
48099425,16.58000000,19.42000000,321.98360000,1682986823040,True,True
48099426,16.58000000,0.61000000,10.11380000,1682986823040,True,True
48099427,16.58000000,50.00000000,829.00000000,1682986823040,True,True
48099428,16.58000000,0.32000000,5.30560000,1682986823040,True,True
48099429,16.58000000,0.61000000,10.11380000,1682986823049,True,True
48099430,16.58000000,1.52000000,25.20160000,1682986823049,True,True
48099431,16.58000000,0.61000000,10.11380000,1682986824123,True,True
48099432,16.58000000,3.30000000,54.71400000,1682986824123,True,True
48099433,16.58000000,0.61000000,10.11380000,1682986824123,True,True
48099434,16.58000000,0.37000000,6.13460000,1682986824123,True,True
48099435,16.58000000,2.26000000,37.47080000,1682986824149,False,True
48099436,16.57000000,1.53000000,25.35210000,1682986836493,True,True
48099437,16.57000000,3.00000000,49.71000000,1682986836493,True,True
48099438,16.57000000,1.36000000,22.53520000,1682986836493,True,True
48099439,16.57000000,20.00000000,331.40000000,1682986836493,True,True
48099440,16.57000000,0.98000000,16.23860000,1682986836493,True,True
48099441,16.57000000,1.90000000,31.48300000,1682986836493,True,True
48099442,16.57000000,0.73000000,12.09610000,1682986836493,True,True
48099443,16.57000000,1.00000000,16.57000000,1682986836493,True,True
48099444,16.57000000,50.00000000,828.50000000,1682986836493,True,True
48099445,16.57000000,50.00000000,828.50000000,1682986836493,True,True
48099446,16.57000000,0.95000000,15.74150000,1682986836493,True,True
48099447,16.57000000,90.61000000,1501.40770000,1682986836493,True,True
48099448,16.57000000,5.50000000,91.13500000,1682986836493,True,True
48099449,16.57000000,4.46000000,73.90220000,1682986836493,True,True
48099450,16.57000000,44.54000000,738.02780000,1682986836493,True,True
48099451,16.57000000,43.97000000,728.58290000,1682986836493,True,True
48099452,16.57000000,38.15000000,632.14550000,1682986836493,True,True
48099453,16.57000000,110.00000000,1822.70000000,1682986836493,True,True
48099454,16.57000000,1.71000000,28.33470000,1682986836493,True,True
48099455,16.57000000,1.71000000,28.33470000,1682986836493,True,True
48099456,16.57000000,100.39000000,1663.46230000,1682986836493,True,True
48099457,16.57000000,1.71000000,28.33470000,1682986836493,True,True
48099458,16.57000000,1.71000000,28.33470000,1682986836493,True,True
48099459,16.57000000,15.09000000,250.04130000,1682986836493,True,True
48099460,16.57000000,16.12000000,267.10840000,1682986837569,True,True
48099461,16.58000000,38.22000000,633.68760000,1682986883438,False,True
48099462,16.58000000,1.53000000,25.36740000,1682986883438,False,True
48099463,16.58000000,2.83000000,46.92140000,1682986883438,False,True
48099464,16.58000000,1.53000000,25.36740000,1682986883721,False,True
48099465,16.58000000,1.52000000,25.20160000,1682986920397,True,True
48099466,16.58000000,1.53000000,25.36740000,1682987063134,False,True
48099467,16.58000000,1.52000000,25.20160000,1682987087517,True,True
48099468,16.58000000,1.53000000,25.36740000,1682987132819,False,True
48099469,16.58000000,71.50000000,1185.47000000,1682987132819,False,True
48099470,16.59000000,26.13000000,433.49670000,1682987138498,False,True
48099471,16.59000000,44.34000000,735.60060000,1682987138498,False,True
48099472,16.59000000,41.80000000,693.46200000,1682987138498,False,True
48099473,16.59000000,40.34000000,669.24060000,1682987138498,False,True
48099474,16.59000000,90.61000000,1503.21990000,1682987138498,False,True
48099475,16.59000000,3.30000000,54.74700000,1682987138498,False,True
48099476,16.59000000,37.95000000,629.59050000,1682987138498,False,True
48099477,16.59000000,6.97000000,115.63230000,1682987138498,False,True
48099478,16.59000000,1.53000000,25.38270000,1682987138502,False,True
48099479,16.60000000,3.61000000,59.92600000,1682987178914,False,True
48099480,16.60000000,3.30000000,54.78000000,1682987178914,False,True
48099481,16.60000000,1.52000000,25.23200000,1682987178914,False,True
48099482,16.60000000,15.06000000,249.99600000,1682987178914,False,True
48099483,16.60000000,30.13000000,500.15800000,1682987178914,False,True
48099484,16.61000000,36.88000000,612.57680000,1682987178916,False,True
48099485,16.61000000,1.28000000,21.26080000,1682987178916,False,True
48099486,16.61000000,7.99000000,132.71390000,1682987236702,False,True
48099487,16.61000000,57.19000000,949.92590000,1682987260177,False,True
48099488,16.61000000,28.48000000,473.05280000,1682987260238,False,True
48099489,16.61000000,3.61000000,59.96210000,1682987260240,False,True
48099490,16.61000000,1.60000000,26.57600000,1682987260240,False,True
48099491,16.61000000,1.70000000,28.23700000,1682987260242,False,True
48099492,16.61000000,7.09000000,117.76490000,1682987260242,False,True
48099493,16.61000000,2.40000000,39.86400000,1682987262852,True,True
48099494,16.61000000,1.53000000,25.41330000,1682987262856,True,True
48099495,16.61000000,1.52000000,25.24720000,1682987265991,False,True
48099496,16.62000000,1.51000000,25.09620000,1682987287457,False,True
48099497,16.62000000,3.14000000,52.18680000,1682987287457,False,True
48099498,16.62000000,3.30000000,54.84600000,1682987287457,False,True
48099499,16.62000000,28.48000000,473.33760000,1682987287457,False,True
48099500,16.62000000,4.25000000,70.63500000,1682987287509,True,True
48099501,16.62000000,1.53000000,25.42860000,1682987287841,True,True
48099502,16.62000000,1.52000000,25.26240000,1682987288343,True,True
48099503,16.62000000,1.51000000,25.09620000,1682987297990,False,True
48099504,16.62000000,6.75000000,112.18500000,1682987297990,False,True
48099505,16.62000000,7.85000000,130.46700000,1682987297990,False,True
48099506,16.62000000,9.52000000,158.22240000,1682987297990,False,True
48099507,16.62000000,9.52000000,158.22240000,1682987297990,False,True
48099508,16.62000000,13.25000000,220.21500000,1682987297990,False,True
48099509,16.62000000,11.99000000,199.27380000,1682987297990,False,True
48099510,16.62000000,6.01000000,99.88620000,1682987297990,False,True
48099511,16.62000000,28.02000000,465.69240000,1682987297990,False,True
48099512,16.62000000,12.14000000,201.76680000,1682987297990,False,True
48099513,16.62000000,15.04000000,249.96480000,1682987297990,False,True
48099514,16.62000000,2.95000000,49.02900000,1682987297990,False,True
48099515,16.62000000,20.67000000,343.53540000,1682987297990,False,True
48099516,16.62000000,20.45000000,339.87900000,1682987297991,False,True
48099517,16.62000000,29.13000000,484.14060000,1682987297991,False,True
48099518,16.62000000,1.52000000,25.26240000,1682987303160,True,True
48099519,16.62000000,7.27000000,120.82740000,1682987303160,True,True
48099520,16.63000000,0.52000000,8.64760000,1682987349386,False,True
48099521,16.63000000,1.36000000,22.61680000,1682987349386,False,True
48099522,16.63000000,3.00000000,49.89000000,1682987349386,False,True
48099523,16.63000000,20.00000000,332.60000000,1682987349386,False,True
48099524,16.63000000,3.30000000,54.87900000,1682987349386,False,True
48099525,16.63000000,39.70000000,660.21100000,1682987349386,False,True
48099526,16.63000000,8.98000000,149.33740000,1682987350231,False,True
48099527,16.63000000,15.03000000,249.94890000,1682987350231,False,True
48099528,16.63000000,30.07000000,500.06410000,1682987350231,False,True
48099529,16.63000000,1.51000000,25.11130000,1682987350237,False,True
48099530,16.64000000,1.52000000,25.29280000,1682987353402,False,True
48099531,16.64000000,3.00000000,49.92000000,1682987353402,False,True
48099532,16.64000000,20.00000000,332.80000000,1682987353402,False,True
48099533,16.64000000,0.91000000,15.14240000,1682987353402,False,True
48099534,16.64000000,2.33000000,38.77120000,1682987353402,False,True
48099535,16.64000000,7.27000000,120.97280000,1682987353402,False,True
48099536,16.64000000,3.30000000,54.91200000,1682987353402,False,True
48099537,16.64000000,3.42000000,56.90880000,1682987353402,False,True
48099538,16.64000000,4.83000000,80.37120000,1682987353419,True,True
48099539,16.64000000,21.02000000,349.77280000,1682987353452,True,True
48099540,16.64000000,15.18000000,252.59520000,1682987353484,True,True
48099541,16.64000000,5.87000000,97.67680000,1682987353484,True,True
48099542,16.64000000,0.87000000,14.47680000,1682987353562,True,True
48099543,16.65000000,1.52000000,25.30800000,1682987402529,False,True
48099544,16.65000000,0.32000000,5.32800000,1682987402529,False,True
48099545,16.65000000,3.00000000,49.95000000,1682987402529,False,True
48099546,16.65000000,8.30000000,138.19500000,1682987402529,False,True
48099547,16.65000000,20.00000000,333.00000000,1682987402529,False,True
48099548,16.65000000,3.47000000,57.77550000,1682987402529,False,True
48099549,16.65000000,1.51000000,25.14150000,1682987402529,False,True
48099550,16.65000000,47.15000000,785.04750000,1682987402529,False,True
48099551,16.65000000,2.85000000,47.45250000,1682987402534,False,True
48099552,16.65000000,3.30000000,54.94500000,1682987402534,False,True
48099553,16.65000000,1.52000000,25.30800000,1682987429827,True,True
48099554,16.65000000,87.72000000,1460.53800000,1682987429827,True,True
48099555,16.65000000,5.21000000,86.74650000,1682987429830,True,True
48099556,16.65000000,15.81000000,263.23650000,1682987432222,True,True
48099557,16.65000000,7.03000000,117.04950000,1682987432245,True,True
48099558,16.65000000,18.13000000,301.86450000,1682987433023,True,True
48099559,16.65000000,1.52000000,25.30800000,1682987433023,True,True
48099560,16.64000000,1.52000000,25.29280000,1682987456050,True,True
48099561,16.64000000,11.56000000,192.35840000,1682987456050,True,True
48099562,16.64000000,13.08000000,217.65120000,1682987456079,True,True
48099563,16.64000000,83.79000000,1394.26560000,1682987456082,True,True
48099564,16.64000000,0.91000000,15.14240000,1682987478390,False,True
48099565,16.64000000,1.75000000,29.12000000,1682987495320,False,True
48099566,16.63000000,21.64000000,359.87320000,1682987539824,True,True
48099567,16.63000000,1.52000000,25.27760000,1682987539824,True,True
48099568,16.62000000,3.60000000,59.83200000,1682987611060,True,True
48099569,16.62000000,1.54000000,25.59480000,1682987611060,True,True
48099570,16.62000000,3.30000000,54.84600000,1682987611060,True,True
48099571,16.62000000,1.51000000,25.09620000,1682987611060,True,True
48099572,16.62000000,15.04000000,249.96480000,1682987611060,True,True
48099573,16.62000000,30.09000000,500.09580000,1682987611060,True,True
48099574,16.62000000,3.18000000,52.85160000,1682987611079,False,True
48099575,16.62000000,1.52000000,25.26240000,1682987729590,False,True
48099576,16.63000000,1.51000000,25.11130000,1682987745535,False,True
48099577,16.63000000,21.64000000,359.87320000,1682987745535,False,True
48099578,16.64000000,38.39000000,638.80960000,1682987746050,False,True
48099579,16.64000000,1.51000000,25.12640000,1682987746050,False,True
48099580,16.64000000,3.30000000,54.91200000,1682987746050,False,True
48099581,16.64000000,15.03000000,250.09920000,1682987746050,False,True
48099582,16.64000000,2.88000000,47.92320000,1682987746050,False,True
48099583,16.64000000,0.40000000,6.65600000,1682987746066,True,True
48099584,16.64000000,1.12000000,18.63680000,1682987746067,True,True
48099585,16.64000000,58.48000000,973.10720000,1682987746067,True,True
48099586,16.64000000,0.40000000,6.65600000,1682987746067,True,True
48099587,16.64000000,39.59000000,658.77760000,1682987760732,True,True
48099588,16.64000000,12.13000000,201.84320000,1682987760732,True,True
48099589,16.64000000,25.84000000,429.97760000,1682987760732,True,True
48099590,16.64000000,9.40000000,156.41600000,1682987760747,True,True
48099591,16.64000000,1.52000000,25.29280000,1682987760747,True,True
48099592,16.64000000,10.21000000,169.89440000,1682987797889,False,True
48099593,16.64000000,0.80000000,13.31200000,1682987811988,False,True
48099594,16.64000000,25.32000000,421.32480000,1682987830791,False,True
48099595,16.64000000,18.46000000,307.17440000,1682987830792,False,True
48099596,16.64000000,1.52000000,25.29280000,1682987830831,False,True
48099597,16.64000000,1.51000000,25.12640000,1682987951695,True,True
48099598,16.64000000,29.21000000,486.05440000,1682987951695,True,True
48099599,16.64000000,1.52000000,25.29280000,1682987951708,True,True
48099600,16.64000000,29.14000000,484.88960000,1682987951710,True,True
48099601,16.64000000,24.67000000,410.50880000,1682987951835,True,True
48099602,16.64000000,64.67000000,1076.10880000,1682987951918,True,True
48099603,16.64000000,61.77000000,1027.85280000,1682987953069,True,True
48099604,16.64000000,15.35000000,255.42400000,1682987953071,True,True
48099605,16.64000000,1.51000000,25.12640000,1682987960210,True,True
48099606,16.64000000,1.52000000,25.29280000,1682987976416,False,True
48099607,16.64000000,10.49000000,174.55360000,1682987976416,False,True
48099608,16.64000000,1.52000000,25.29280000,1682988006771,False,True
48099609,16.64000000,1.51000000,25.12640000,1682988060105,True,True
48099610,16.64000000,3.67000000,61.06880000,1682988060105,True,True
48099611,16.64000000,38.00000000,632.32000000,1682988060105,True,True
48099612,16.63000000,1.51000000,25.11130000,1682988065413,True,True
48099613,16.63000000,1.52000000,25.27760000,1682988094979,False,True
48099614,16.64000000,1.51000000,25.12640000,1682988155703,False,True
48099615,16.64000000,15.03000000,250.09920000,1682988155703,False,True
48099616,16.64000000,30.06000000,500.19840000,1682988155703,False,True
48099617,16.65000000,21.14000000,351.98100000,1682988160481,False,True
48099618,16.65000000,78.86000000,1313.01900000,1682988165433,False,True
48099619,16.65000000,3.61000000,60.10650000,1682988165433,False,True
48099620,16.65000000,3.30000000,54.94500000,1682988165433,False,True
48099621,16.65000000,100.00000000,1665.00000000,1682988165433,False,True
48099622,16.66000000,1.51000000,25.15660000,1682988187979,False,True
48099623,16.66000000,3.14000000,52.31240000,1682988187979,False,True
48099624,16.66000000,1.45000000,24.15700000,1682988187979,False,True
48099625,16.66000000,3.00000000,49.98000000,1682988187979,False,True
48099626,16.66000000,0.32000000,5.33120000,1682988187979,False,True
48099627,16.66000000,20.00000000,333.20000000,1682988187979,False,True
48099628,16.66000000,0.73000000,12.16180000,1682988187979,False,True
48099629,16.66000000,2.63000000,43.81580000,1682988187979,False,True
48099630,16.66000000,5.19000000,86.46540000,1682988187997,False,True
48099631,16.66000000,7.19000000,119.78540000,1682988187997,False,True
48099632,16.66000000,4.34000000,72.30440000,1682988187997,False,True
48099633,16.66000000,3.60000000,59.97600000,1682988187997,False,True
48099634,16.66000000,3.30000000,54.97800000,1682988187997,False,True
48099635,16.66000000,1.71000000,28.48860000,1682988187997,False,True
48099636,16.66000000,1.71000000,28.48860000,1682988187997,False,True
48099637,16.66000000,1.71000000,28.48860000,1682988187997,False,True
48099638,16.66000000,1.71000000,28.48860000,1682988187997,False,True
48099639,16.67000000,12.02000000,200.37340000,1682988193010,False,True
48099640,16.67000000,3.00000000,50.01000000,1682988193010,False,True
48099641,16.67000000,20.00000000,333.40000000,1682988193010,False,True
48099642,16.67000000,0.98000000,16.33660000,1682988193010,False,True
48099643,16.67000000,28.97000000,482.92990000,1682988193010,False,True
48099644,16.67000000,21.03000000,350.57010000,1682988193012,False,True
48099645,16.67000000,50.00000000,833.50000000,1682988193012,False,True
48099646,16.67000000,3.30000000,55.01100000,1682988193012,False,True
48099647,16.67000000,4.16000000,69.34720000,1682988193022,True,True
48099648,16.67000000,0.88000000,14.66960000,1682988193913,True,True
48099649,16.68000000,1.00000000,16.68000000,1682988200729,False,True
48099650,16.67000000,1.52000000,25.33840000,1682988267261,True,True
48099651,16.67000000,2.19000000,36.50730000,1682988267261,True,True
48099652,16.67000000,12.82000000,213.70940000,1682988302525,False,True
48099653,16.67000000,20.35000000,339.23450000,1682988310342,False,True
48099654,16.66000000,1.52000000,25.32320000,1682988332515,True,True
48099655,16.66000000,36.72000000,611.75520000,1682988340565,False,True
48099656,16.66000000,51.17000000,852.49220000,1682988340565,False,True
48099657,16.66000000,41.95000000,698.88700000,1682988340565,False,True
48099658,16.66000000,40.81000000,679.89460000,1682988340565,False,True
48099659,16.66000000,1.71000000,28.48860000,1682988340565,False,True
48099660,16.66000000,1.71000000,28.48860000,1682988340565,False,True
48099661,16.66000000,81.53000000,1358.28980000,1682988340565,False,True
48099662,16.66000000,1.02000000,16.99320000,1682988428080,False,True
48099663,16.65000000,1.52000000,25.30800000,1682988472873,True,True
48099664,16.65000000,1.00000000,16.65000000,1682988472873,True,True
48099665,16.65000000,3.59000000,59.77350000,1682988472873,True,True
48099666,16.65000000,1.97000000,32.80050000,1682988472873,True,True
48099667,16.65000000,3.30000000,54.94500000,1682988472873,True,True
48099668,16.64000000,51.77000000,861.45280000,1682988472876,True,True
48099669,16.64000000,1.51000000,25.12640000,1682988472876,True,True
48099670,16.64000000,11.17000000,185.86880000,1682988472876,True,True
48099671,16.64000000,29.56000000,491.87840000,1682988475805,True,True
48099672,16.64000000,40.44000000,672.92160000,1682988475805,True,True
48099673,16.65000000,0.79000000,13.15350000,1682988477802,False,True
48099674,16.64000000,2.70000000,44.92800000,1682988532304,True,True
48099675,16.64000000,3.30000000,54.91200000,1682988569936,True,True
48099676,16.64000000,1.52000000,25.29280000,1682988609969,False,True
48099677,16.64000000,13.48000000,224.30720000,1682988609969,False,True
48099678,16.64000000,36.90000000,614.01600000,1682988657048,False,True
48099679,16.64000000,15.03000000,250.09920000,1682988657048,False,True
48099680,16.64000000,1.71000000,28.45440000,1682988657048,False,True
48099681,16.64000000,1.71000000,28.45440000,1682988657048,False,True
48099682,16.64000000,1.71000000,28.45440000,1682988657048,False,True
48099683,16.64000000,1.71000000,28.45440000,1682988657048,False,True
48099684,16.64000000,36.41000000,605.86240000,1682988672701,False,True
48099685,16.64000000,15.89000000,264.40960000,1682988672701,False,True
48099686,16.64000000,0.66000000,10.98240000,1682988697744,False,True
48099687,16.63000000,1.51000000,25.11130000,1682988747875,True,True
48099688,16.63000000,1.00000000,16.63000000,1682988747875,True,True
48099689,16.63000000,70.13000000,1166.26190000,1682988747875,True,True
48099690,16.63000000,3.30000000,54.87900000,1682988747875,True,True
48099691,16.63000000,1.52000000,25.27760000,1682988754731,False,True
48099692,16.63000000,1.22000000,20.28860000,1682988754731,False,True
48099693,16.62000000,2.00000000,33.24000000,1682988810818,True,True
48099694,16.62000000,3.14000000,52.18680000,1682988810818,True,True
48099695,16.62000000,3.00000000,49.86000000,1682988810818,True,True
48099696,16.62000000,34.35000000,570.89700000,1682988810818,True,True
48099697,16.62000000,1.26000000,20.94120000,1682988818981,True,True
48099698,16.62000000,3.30000000,54.84600000,1682988818981,True,True
48099699,16.62000000,30.69000000,510.06780000,1682988818981,True,True
48099700,16.62000000,10.42000000,173.18040000,1682988822973,True,True
48099701,16.62000000,23.48000000,390.23760000,1682988822973,True,True
48099702,16.62000000,30.80000000,511.89600000,1682988823115,True,True
48099703,16.62000000,3.10000000,51.52200000,1682988823115,True,True
48099704,16.62000000,1.52000000,25.26240000,1682988900539,False,True
48099705,16.62000000,6.97000000,115.84140000,1682988900539,False,True
48099706,16.62000000,8.07000000,134.12340000,1682988900544,False,True
48099707,16.62000000,30.09000000,500.09580000,1682988900544,False,True
48099708,16.62000000,35.31000000,586.85220000,1682988908486,True,True
48099709,16.62000000,4.12000000,68.47440000,1682988908490,True,True
48099710,16.62000000,1.51000000,25.09620000,1682988908490,True,True
48099711,16.62000000,1.52000000,25.26240000,1682988989301,False,True
48099712,16.62000000,33.77000000,561.25740000,1682988999813,True,True
48099713,16.62000000,1.51000000,25.09620000,1682988999818,True,True
48099714,16.61000000,1.53000000,25.41330000,1682989046429,True,True
48099715,16.61000000,1.45000000,24.08450000,1682989046429,True,True
48099716,16.61000000,1.37000000,22.75570000,1682989046429,True,True
48099717,16.61000000,1.63000000,27.07430000,1682989101444,True,True
48099718,16.61000000,3.30000000,54.81300000,1682989101444,True,True
48099719,16.61000000,31.72000000,526.86920000,1682989101444,True,True
48099720,16.61000000,5.56000000,92.35160000,1682989107865,True,True
48099721,16.61000000,3.30000000,54.81300000,1682989107865,True,True
48099722,16.61000000,2.21000000,36.70810000,1682989107881,False,True
48099723,16.61000000,1.53000000,25.41330000,1682989270328,False,True
48099724,16.61000000,8.49000000,141.01890000,1682989270328,False,True
48099725,16.61000000,6.56000000,108.96160000,1682989270333,False,True
48099726,16.61000000,22.58000000,375.05380000,1682989270333,False,True
48099727,16.61000000,7.53000000,125.07330000,1682989270333,False,True
48099728,16.61000000,1.53000000,25.41330000,1682989270333,False,True
48099729,16.61000000,1.52000000,25.24720000,1682989310134,True,True
48099730,16.60000000,0.32000000,5.31200000,1682989310134,True,True
48099731,16.60000000,3.00000000,49.80000000,1682989310134,True,True
48099732,16.60000000,0.32000000,5.31200000,1682989310134,True,True
48099733,16.60000000,20.00000000,332.00000000,1682989310134,True,True
48099734,16.60000000,13.49000000,223.93400000,1682989310134,True,True
48099735,16.60000000,27.78000000,461.14800000,1682989310134,True,True
48099736,16.60000000,1.72000000,28.55200000,1682989338486,True,True
48099737,16.60000000,32.44000000,538.50400000,1682989498285,True,True
48099738,16.60000000,13.73000000,227.91800000,1682989498287,True,True
48099739,16.60000000,30.82000000,511.61200000,1682989533789,True,True
48099740,16.60000000,19.18000000,318.38800000,1682989533898,True,True
48099741,16.60000000,3.30000000,54.78000000,1682989533898,True,True
48099742,16.60000000,6.20000000,102.92000000,1682989533915,False,True
48099743,16.60000000,0.91000000,15.10600000,1682989536023,False,True
48099744,16.60000000,2.01000000,33.36600000,1682989571345,False,True
48099745,16.59000000,1.52000000,25.21680000,1682989612655,True,True
48099746,16.59000000,8.30000000,137.69700000,1682989612655,True,True
48099747,16.59000000,31.02000000,514.62180000,1682989612655,True,True
48099748,16.59000000,5.19000000,86.10210000,1682989612660,True,True
48099749,16.59000000,3.79000000,62.87610000,1682989612667,True,True
48099750,16.59000000,25.90000000,429.68100000,1682989612667,True,True
48099751,16.59000000,3.75000000,62.21250000,1682989653067,False,True
48099752,16.58000000,3.14000000,52.06120000,1682989665352,True,True
48099753,16.58000000,0.91000000,15.08780000,1682989665352,True,True
48099754,16.58000000,3.00000000,49.74000000,1682989665352,True,True
48099755,16.58000000,20.00000000,331.60000000,1682989665352,True,True
48099756,16.58000000,3.34000000,55.37720000,1682989665352,True,True
48099757,16.58000000,0.13000000,2.15540000,1682989665353,True,True
48099758,16.58000000,3.30000000,54.71400000,1682989665353,True,True
48099759,16.58000000,1.53000000,25.36740000,1682989665364,False,True
48099760,16.58000000,1.60000000,26.52800000,1682989665364,False,True
48099761,16.57000000,1.36000000,22.53520000,1682989751029,True,True
48099762,16.57000000,3.00000000,49.71000000,1682989751029,True,True
48099763,16.57000000,20.00000000,331.40000000,1682989751029,True,True
48099764,16.57000000,0.73000000,12.09610000,1682989751029,True,True
48099765,16.57000000,0.98000000,16.23860000,1682989751029,True,True
48099766,16.57000000,5.77000000,95.60890000,1682989751029,True,True
48099767,16.57000000,35.36000000,585.91520000,1682989751130,True,True
48099768,16.57000000,8.87000000,146.97590000,1682989751233,True,True
48099769,16.57000000,50.00000000,828.50000000,1682989751233,True,True
48099770,16.57000000,1.72000000,28.50040000,1682989751233,True,True
48099771,16.57000000,6.46000000,107.04220000,1682989751233,True,True
48099772,16.57000000,52.21000000,865.11970000,1682989751351,True,True
48099773,16.57000000,20.57000000,340.84490000,1682989757138,True,True
48099774,16.57000000,3.30000000,54.68100000,1682989757138,True,True
48099775,16.57000000,3.38000000,56.00660000,1682989757155,False,True
48099776,16.57000000,0.43000000,7.12510000,1682989758039,False,True
48099777,16.57000000,2.00000000,33.14000000,1682989779095,False,True
48099778,16.57000000,1.53000000,25.35210000,1682989806273,False,True
48099779,16.57000000,1.71000000,28.33470000,1682989806273,False,True
48099780,16.57000000,1.71000000,28.33470000,1682989806273,False,True
48099781,16.57000000,1.71000000,28.33470000,1682989806273,False,True
48099782,16.57000000,16.29000000,269.92530000,1682989806273,False,True
48099783,16.57000000,15.09000000,250.04130000,1682989806273,False,True
48099784,16.57000000,1.52000000,25.18640000,1682989811257,True,True
48099785,16.57000000,1.53000000,25.35210000,1682989826687,False,True
48099786,16.57000000,16.09000000,266.61130000,1682989826687,False,True
48099787,16.57000000,0.01000000,0.16570000,1682989826791,False,True
48099788,16.57000000,1.53000000,25.35210000,1682989826791,False,True
48099789,16.57000000,1.52000000,25.18640000,1682989867081,True,True
48099790,16.57000000,37.67000000,624.19190000,1682989867081,True,True
48099791,16.57000000,34.09000000,564.87130000,1682989867191,True,True
48099792,16.57000000,28.24000000,467.93680000,1682989867315,True,True
48099793,16.57000000,11.24000000,186.24680000,1682989867315,True,True
48099794,16.58000000,10.94000000,181.38520000,1682989893482,False,True
48099795,16.58000000,0.60000000,9.94800000,1682989967014,False,True
48099796,16.58000000,27.95000000,463.41100000,1682990055461,False,True
48099797,16.58000000,16.22000000,268.92760000,1682990055461,False,True
48099798,16.58000000,15.08000000,250.02640000,1682990055461,False,True
48099799,16.58000000,14.93000000,247.53940000,1682990055461,False,True
48099800,16.58000000,15.24000000,252.67920000,1682990055492,False,True
48099801,16.58000000,12.60000000,208.90800000,1682990055492,False,True
48099802,16.58000000,5.21000000,86.38180000,1682990055502,False,True
48099803,16.58000000,5.28000000,87.54240000,1682990055526,False,True
48099804,16.58000000,1.53000000,25.36740000,1682990055526,False,True
48099805,16.58000000,24.45000000,405.38100000,1682990055526,False,True
48099806,16.58000000,1.52000000,25.20160000,1682990061929,True,True
48099807,16.58000000,9.21000000,152.70180000,1682990071473,False,True
48099808,16.58000000,13.06000000,216.53480000,1682990081949,False,True
48099809,16.58000000,9.33000000,154.69140000,1682990081949,False,True
48099810,16.58000000,7.03000000,116.55740000,1682990081950,False,True
48099811,16.58000000,1.95000000,32.33100000,1682990081950,False,True
48099812,16.58000000,4.72000000,78.25760000,1682990081950,False,True
48099813,16.58000000,7.47000000,123.85260000,1682990081951,False,True
48099814,16.58000000,8.71000000,144.41180000,1682990081951,False,True
48099815,16.58000000,21.33000000,353.65140000,1682990081951,False,True
48099816,16.58000000,1.53000000,25.36740000,1682990081951,False,True
48099817,16.58000000,10.44000000,173.09520000,1682990081951,False,True
48099818,16.58000000,23.68000000,392.61440000,1682990081951,False,True
48099819,16.58000000,7.40000000,122.69200000,1682990081953,False,True
48099820,16.58000000,15.08000000,250.02640000,1682990081953,False,True
48099821,16.59000000,3.30000000,54.74700000,1682990107648,False,True
48099822,16.59000000,15.08000000,250.17720000,1682990107648,False,True
48099823,16.59000000,10.36000000,171.87240000,1682990107648,False,True
48099824,16.59000000,45.22000000,750.19980000,1682990107648,False,True
48099825,16.59000000,1.53000000,25.38270000,1682990112021,True,True
48099826,16.58000000,40.56000000,672.48480000,1682990113047,True,True
48099827,16.58000000,1.53000000,25.36740000,1682990113047,True,True
48099828,16.58000000,63.44000000,1051.83520000,1682990113047,True,True
48099829,16.57000000,1.52000000,25.18640000,1682990184653,True,True
48099830,16.57000000,30.07000000,498.25990000,1682990184653,True,True
48099831,16.58000000,1.53000000,25.36740000,1682990386763,False,True
48099832,16.58000000,12.92000000,214.21360000,1682990386763,False,True
48099833,16.58000000,15.08000000,250.02640000,1682990386817,False,True
48099834,16.58000000,11.47000000,190.17260000,1682990386817,False,True
48099835,16.58000000,1.53000000,25.36740000,1682990386843,False,True
48099836,16.58000000,12.75000000,211.39500000,1682990386867,False,True
48099837,16.58000000,8.82000000,146.23560000,1682990386982,True,True
48099838,16.57000000,69.93000000,1158.74010000,1682990560705,True,True
48099839,16.57000000,68.27000000,1131.23390000,1682990560705,True,True
48099840,16.57000000,5.12000000,84.83840000,1682990560705,True,True
48099841,16.57000000,26.61000000,440.92770000,1682990560714,True,True
48099842,16.57000000,3.30000000,54.68100000,1682990560714,True,True
48099843,16.57000000,1.52000000,25.18640000,1682990560714,True,True
48099844,16.57000000,1.26000000,20.87820000,1682990560726,False,True
48099845,16.57000000,0.27000000,4.47390000,1682990615665,False,True
48099846,16.57000000,25.62000000,424.52340000,1682990615665,False,True
48099847,16.57000000,1.52000000,25.18640000,1682990615665,False,True
48099848,16.57000000,15.09000000,250.04130000,1682990615665,False,True
48099849,16.58000000,1.00000000,16.58000000,1682990623018,False,True
48099850,16.58000000,0.53000000,8.78740000,1682990778271,False,True
48099851,16.58000000,15.77000000,261.46660000,1682990778271,False,True
48099852,16.58000000,7.82000000,129.65560000,1682990779684,False,True
48099853,16.58000000,2.90000000,48.08200000,1682990797429,False,True
48099854,16.58000000,15.08000000,250.02640000,1682990797429,False,True
48099855,16.58000000,1.53000000,25.36740000,1682990831621,True,True
48099856,16.58000000,1.52000000,25.20160000,1682990840442,False,True
48099857,16.59000000,1.52000000,25.21680000,1682990934919,False,True
48099858,16.59000000,3.62000000,60.05580000,1682990934919,False,True
48099859,16.59000000,8.82000000,146.32380000,1682990934919,False,True
48099860,16.59000000,2.82000000,46.78380000,1682990934919,False,True
48099861,16.59000000,12.25000000,203.22750000,1682990987962,False,True
48099862,16.59000000,30.15000000,500.18850000,1682990987962,False,True
48099863,16.59000000,1.53000000,25.38270000,1682991068391,True,True
48099864,16.59000000,38.23000000,634.23570000,1682991072621,False,True
48099865,16.59000000,1.55000000,25.71450000,1682991072621,False,True
48099866,16.59000000,1.00000000,16.59000000,1682991130054,True,True
48099867,16.59000000,0.53000000,8.79270000,1682991254367,True,True
48099868,16.59000000,0.67000000,11.11530000,1682991254367,True,True
48099869,16.60000000,0.39000000,6.47400000,1682991280208,False,True
48099870,16.60000000,3.61000000,59.92600000,1682991534314,False,True
48099871,16.60000000,1.52000000,25.23200000,1682991534314,False,True
48099872,16.60000000,14.14000000,234.72400000,1682991534314,False,True
48099873,16.60000000,4.33000000,71.87800000,1682991534314,False,True
48099874,16.60000000,56.12000000,931.59200000,1682991534314,False,True
48099875,16.60000000,17.95000000,297.97000000,1682991534325,False,True
48099876,16.60000000,3.30000000,54.78000000,1682991534325,False,True
48099877,16.60000000,15.06000000,249.99600000,1682991534325,False,True
48099878,16.60000000,30.13000000,500.15800000,1682991534325,False,True
48099879,16.60000000,4.44000000,73.70400000,1682991534456,True,True
48099880,16.61000000,1.53000000,25.41330000,1682991556661,False,True
48099881,16.61000000,3.30000000,54.81300000,1682991556661,False,True
48099882,16.61000000,15.05000000,249.98050000,1682991604745,False,True
48099883,16.62000000,1.53000000,25.42860000,1682991660285,False,True
48099884,16.62000000,3.14000000,52.18680000,1682991660285,False,True
48099885,16.62000000,32.72000000,543.80640000,1682991660285,False,True
48099886,16.61000000,41.35000000,686.82350000,1682991755430,True,True
48099887,16.61000000,1.53000000,25.41330000,1682991755430,True,True
48099888,16.61000000,0.18000000,2.98980000,1682991755430,True,True
48099889,16.61000000,2.02000000,33.55220000,1682991756043,True,True
48099890,16.61000000,49.52000000,822.52720000,1682991773425,True,True
48099891,16.61000000,1.53000000,25.41330000,1682992073106,True,True
48099892,16.60000000,18.29000000,303.61400000,1682992075883,True,True
48099893,16.60000000,21.19000000,351.75400000,1682992075883,True,True
48099894,16.60000000,70.12000000,1163.99200000,1682992075883,True,True
48099895,16.60000000,2.99000000,49.63400000,1682992075883,True,True
48099896,16.60000000,1.15000000,19.09000000,1682992075883,True,True
48099897,16.60000000,5.20000000,86.32000000,1682992075883,True,True
48099898,16.60000000,1.53000000,25.39800000,1682992075890,True,True
48099899,16.59000000,60.11000000,997.22490000,1682992077276,True,True
48099900,16.59000000,3.30000000,54.74700000,1682992077276,True,True
48099901,16.59000000,4.37000000,72.49830000,1682992077276,True,True
48099902,16.58000000,1.53000000,25.36740000,1682992078974,True,True
48099903,16.58000000,33.04000000,547.80320000,1682992078974,True,True
48099904,16.58000000,3.61000000,59.85380000,1682992078977,True,True
48099905,16.58000000,3.14000000,52.06120000,1682992078977,True,True
48099906,16.58000000,3.78000000,62.67240000,1682992078977,True,True
48099907,16.58000000,3.30000000,54.71400000,1682992078977,True,True
48099908,16.57000000,1.52000000,25.18640000,1682992078984,True,True
48099909,16.57000000,36.93000000,611.93010000,1682992078984,True,True
48099910,16.57000000,13.07000000,216.56990000,1682992078984,True,True
48099911,16.57000000,8.11000000,134.38270000,1682992078984,True,True
48099912,16.57000000,19.13000000,316.98410000,1682992078984,True,True
48099913,16.57000000,20.47000000,339.18790000,1682992078984,True,True
48099914,16.57000000,12.05000000,199.66850000,1682992080187,True,True
48099915,16.57000000,21.20000000,351.28400000,1682992080197,True,True
48099916,16.57000000,3.00000000,49.71000000,1682992080197,True,True
48099917,16.57000000,2.58000000,42.75060000,1682992080197,True,True
48099918,16.57000000,1.88000000,31.15160000,1682992080206,True,True
48099919,16.56000000,2.45000000,40.57200000,1682992085873,True,True
48099920,16.56000000,1.45000000,24.01200000,1682992085873,True,True
48099921,16.56000000,1.07000000,17.71920000,1682992085873,True,True
48099922,16.56000000,0.81000000,13.41360000,1682992085873,True,True
48099923,16.56000000,1.53000000,25.33680000,1682992085873,True,True
48099924,16.56000000,1.60000000,26.49600000,1682992085873,True,True
48099925,16.56000000,10.65000000,176.36400000,1682992085881,True,True
48099926,16.56000000,12.55000000,207.82800000,1682992085881,True,True
48099927,16.56000000,16.93000000,280.36080000,1682992085881,True,True
48099928,16.56000000,8.27000000,136.95120000,1682992085882,True,True
48099929,16.56000000,15.82000000,261.97920000,1682992085882,True,True
48099930,16.56000000,9.47000000,156.82320000,1682992085882,True,True
48099931,16.56000000,19.63000000,325.07280000,1682992085883,True,True
48099932,16.56000000,5.08000000,84.12480000,1682992085892,True,True
48099933,16.56000000,0.76000000,12.58560000,1682992085892,True,True
48099934,16.56000000,0.83000000,13.74480000,1682992085892,True,True
48099935,16.56000000,9.86000000,163.28160000,1682992085892,True,True
48099936,16.56000000,7.97000000,131.98320000,1682992085892,True,True
48099937,16.56000000,8.32000000,137.77920000,1682992085899,True,True
48099938,16.56000000,23.02000000,381.21120000,1682992085918,True,True
48099939,16.56000000,50.00000000,828.00000000,1682992085918,True,True
48099940,16.56000000,3.00000000,49.68000000,1682992085918,True,True
48099941,16.56000000,12.88000000,213.29280000,1682992085918,True,True
48099942,16.56000000,47.51000000,786.76560000,1682992085983,True,True
48099943,16.56000000,6.02000000,99.69120000,1682992085983,True,True
48099944,16.55000000,1.20000000,19.86000000,1682992086085,True,True
48099945,16.55000000,3.00000000,49.65000000,1682992086085,True,True
48099946,16.55000000,0.32000000,5.29600000,1682992086085,True,True
48099947,16.55000000,4.29000000,70.99950000,1682992086085,True,True
48099948,16.55000000,19.80000000,327.69000000,1682992086085,True,True
48099949,16.55000000,20.00000000,331.00000000,1682992086085,True,True
48099950,16.55000000,1.23000000,20.35650000,1682992086085,True,True
48099951,16.55000000,1.06000000,17.54300000,1682992086085,True,True
48099952,16.55000000,0.40000000,6.62000000,1682992086085,True,True
48099953,16.55000000,1.24000000,20.52200000,1682992086085,True,True
48099954,16.55000000,0.36000000,5.95800000,1682992086085,True,True
48099955,16.55000000,1.00000000,16.55000000,1682992086085,True,True
48099956,16.55000000,15.82000000,261.82100000,1682992086085,True,True
48099957,16.55000000,34.18000000,565.67900000,1682992087170,True,True
48099958,16.55000000,1.00000000,16.55000000,1682992087170,True,True
48099959,16.55000000,12.07000000,199.75850000,1682992087170,True,True
48099960,16.55000000,0.57000000,9.43350000,1682992087170,True,True
48099961,16.55000000,8.13000000,134.55150000,1682992087170,True,True
48099962,16.55000000,1.53000000,25.32150000,1682992087200,False,True
48099963,16.55000000,36.17000000,598.61350000,1682992087200,False,True
48099964,16.55000000,2.80000000,46.34000000,1682992087321,False,True
48099965,16.55000000,3.21000000,53.12550000,1682992087321,False,True
48099966,16.55000000,1.62000000,26.81100000,1682992087356,False,True
48099967,16.55000000,0.99000000,16.38450000,1682992088165,False,True
48099968,16.55000000,0.76000000,12.57800000,1682992089876,False,True
48099969,16.54000000,3.14000000,51.93560000,1682992092634,True,True
48099970,16.54000000,3.00000000,49.62000000,1682992092634,True,True
48099971,16.54000000,3.48000000,57.55920000,1682992092634,True,True
48099972,16.54000000,20.00000000,330.80000000,1682992092634,True,True
48099973,16.54000000,2.16000000,35.72640000,1682992092634,True,True
48099974,16.54000000,2.26000000,37.38040000,1682992092634,True,True
48099975,16.54000000,19.23000000,318.06420000,1682992092639,True,True
48099976,16.54000000,28.51000000,471.55540000,1682992092641,True,True
48099977,16.54000000,8.14000000,134.63560000,1682992092641,True,True
48099978,16.54000000,41.86000000,692.36440000,1682992093390,True,True
48099979,16.54000000,10.98000000,181.60920000,1682992093390,True,True
48099980,16.54000000,41.28000000,682.77120000,1682992093405,False,True
48099981,16.54000000,1.53000000,25.30620000,1682992093405,False,True
48099982,16.54000000,76.10000000,1258.69400000,1682992093405,False,True
48099983,16.54000000,33.52000000,554.42080000,1682992093405,False,True
48099984,16.54000000,35.32000000,584.19280000,1682992093405,False,True
48099985,16.54000000,1.82000000,30.10280000,1682992093436,False,True
48099986,16.54000000,4.18000000,69.13720000,1682992093557,False,True
48099987,16.53000000,3.00000000,49.59000000,1682992096484,True,True
48099988,16.53000000,0.91000000,15.04230000,1682992096484,True,True
48099989,16.53000000,0.32000000,5.28960000,1682992096484,True,True
48099990,16.53000000,0.71000000,11.73630000,1682992096484,True,True
48099991,16.53000000,20.00000000,330.60000000,1682992096484,True,True
48099992,16.53000000,0.70000000,11.57100000,1682992096484,True,True
48099993,16.53000000,1.96000000,32.39880000,1682992096484,True,True
48099994,16.53000000,1.96000000,32.39880000,1682992096484,True,True
48099995,16.53000000,29.38000000,485.65140000,1682992096484,True,True
48099996,16.53000000,1.63000000,26.94390000,1682992096484,True,True
48099997,16.53000000,0.61000000,10.08330000,1682992096484,True,True
48099998,16.53000000,6.04000000,99.84120000,1682992096484,True,True
48099999,16.53000000,0.78000000,12.89340000,1682992096484,True,True
48100000,16.53000000,0.36000000,5.95080000,1682992096484,True,True
48100001,16.53000000,0.94000000,15.53820000,1682992096484,True,True
48100002,16.53000000,36.58000000,604.66740000,1682992096484,True,True
48100003,16.52000000,0.33000000,5.45160000,1682992096495,True,True
48100004,16.52000000,0.81000000,13.38120000,1682992096495,True,True
48100005,16.52000000,1.01000000,16.68520000,1682992096495,True,True
48100006,16.52000000,12.59000000,207.98680000,1682992096495,True,True
48100007,16.52000000,40.80000000,674.01600000,1682992096495,True,True
48100008,16.52000000,100.00000000,1652.00000000,1682992096495,True,True
48100009,16.52000000,3.00000000,49.56000000,1682992096495,True,True
48100010,16.52000000,13.80000000,227.97600000,1682992096495,True,True
48100011,16.52000000,5.58000000,92.18160000,1682992096495,True,True
48100012,16.52000000,50.00000000,826.00000000,1682992096495,True,True
48100013,16.52000000,20.00000000,330.40000000,1682992096495,True,True
48100014,16.52000000,0.73000000,12.05960000,1682992096495,True,True
48100015,16.52000000,0.61000000,10.07720000,1682992096495,True,True
48100016,16.52000000,74.44000000,1229.74880000,1682992096495,True,True
48100017,16.52000000,50.00000000,826.00000000,1682992096495,True,True
48100018,16.52000000,120.96000000,1998.25920000,1682992096495,True,True
48100019,16.52000000,100.27000000,1656.46040000,1682992096495,True,True
48100020,16.52000000,42.97000000,709.86440000,1682992096495,True,True
48100021,16.52000000,36.87000000,609.09240000,1682992096495,True,True
48100022,16.51000000,1.24000000,20.47240000,1682992096495,True,True
48100023,16.51000000,3.00000000,49.53000000,1682992096495,True,True
48100024,16.51000000,1.46000000,24.10460000,1682992096495,True,True
48100025,16.51000000,20.00000000,330.20000000,1682992096495,True,True
48100026,16.51000000,17.60000000,290.57600000,1682992096495,True,True
48100027,16.51000000,3.00000000,49.53000000,1682992096495,True,True
48100028,16.51000000,50.00000000,825.50000000,1682992096495,True,True
48100029,16.51000000,37.36000000,616.81360000,1682992096495,True,True
48100030,16.51000000,12.64000000,208.68640000,1682992096495,True,True
48100031,16.51000000,103.47000000,1708.28970000,1682992096495,True,True
48100032,16.51000000,61.67000000,1018.17170000,1682992096495,True,True
48100033,16.51000000,33.94000000,560.34940000,1682992096495,True,True
48100034,16.52000000,14.79000000,244.33080000,1682992096513,False,True
48100035,16.53000000,39.07000000,645.82710000,1682992096513,False,True
48100036,16.52000000,1.53000000,25.27560000,1682992096513,False,True
48100037,16.52000000,13.26000000,219.05520000,1682992096513,False,True
48100038,16.52000000,14.79000000,244.33080000,1682992096515,False,True
48100039,16.52000000,72.38000000,1195.71760000,1682992096516,False,True
48100040,16.52000000,69.43000000,1146.98360000,1682992096516,False,True
48100041,16.52000000,8.05000000,132.98600000,1682992096525,False,True
48100042,16.52000000,6.74000000,111.34480000,1682992096525,False,True
48100043,16.52000000,14.79000000,244.33080000,1682992096531,False,True
48100044,16.52000000,14.79000000,244.33080000,1682992096533,False,True
48100045,16.52000000,4.98000000,82.26960000,1682992096535,False,True
48100046,16.52000000,1.53000000,25.27560000,1682992096535,False,True
48100047,16.53000000,2.27000000,37.52310000,1682992096535,False,True
48100048,16.53000000,6.01000000,99.34530000,1682992096535,False,True
48100049,16.53000000,8.77000000,144.96810000,1682992096536,False,True
48100050,16.53000000,6.02000000,99.51060000,1682992096536,False,True
48100051,16.53000000,24.37000000,402.83610000,1682992096764,False,True
48100052,16.53000000,100.27000000,1657.46310000,1682992096764,False,True
48100053,16.53000000,18.32000000,302.82960000,1682992096764,False,True
48100054,16.53000000,57.04000000,942.87120000,1682992096764,False,True
48100055,16.53000000,52.96000000,875.42880000,1682992096764,False,True
48100056,16.53000000,32.56000000,538.21680000,1682992096764,False,True
48100057,16.53000000,1.71000000,28.26630000,1682992096764,False,True
48100058,16.54000000,54.39000000,899.61060000,1682992096764,False,True
48100059,16.54000000,58.38000000,965.60520000,1682992096764,False,True
48100060,16.53000000,0.31000000,5.12430000,1682992098165,False,True
48100061,16.53000000,60.26000000,996.09780000,1682992098692,False,True
48100062,16.53000000,1.53000000,25.29090000,1682992098692,False,True
48100063,16.53000000,16.28000000,269.10840000,1682992098692,False,True
48100064,16.53000000,1.71000000,28.26630000,1682992098692,False,True
48100065,16.53000000,1.71000000,28.26630000,1682992098692,False,True
48100066,16.53000000,1.71000000,28.26630000,1682992098692,False,True
48100067,16.53000000,1.53000000,25.29090000,1682992104155,True,True
48100068,16.53000000,1.53000000,25.29090000,1682992104160,True,True
48100069,16.52000000,1.52000000,25.11040000,1682992105086,True,True
48100070,16.52000000,1.30000000,21.47600000,1682992105406,False,True
48100071,16.51000000,5.50000000,90.80500000,1682992108129,True,True
48100072,16.51000000,9.32000000,153.87320000,1682992108131,True,True
48100073,16.51000000,28.48000000,470.20480000,1682992108131,True,True
48100074,16.51000000,110.00000000,1816.10000000,1682992108131,True,True
48100075,16.51000000,32.79000000,541.36290000,1682992108131,True,True
48100076,16.51000000,6.20000000,102.36200000,1682992108131,True,True
48100077,16.51000000,60.61000000,1000.67110000,1682992108131,True,True
48100078,16.51000000,4.23000000,69.83730000,1682992108131,True,True
48100079,16.51000000,1.52000000,25.09520000,1682992109267,False,True
48100080,16.51000000,60.64000000,1001.16640000,1682992109267,False,True
48100081,16.51000000,5.72000000,94.43720000,1682992109267,False,True
48100082,16.51000000,15.03000000,248.14530000,1682992109267,False,True
48100083,16.51000000,59.83000000,987.79330000,1682992109275,False,True
48100084,16.51000000,1.71000000,28.23210000,1682992109289,False,True
48100085,16.51000000,60.64000000,1001.16640000,1682992109289,False,True
48100086,16.51000000,18.51000000,305.60010000,1682992109289,False,True
48100087,16.52000000,0.22000000,3.63440000,1682992110174,False,True
48100088,16.52000000,0.74000000,12.22480000,1682992110174,False,True
48100089,16.52000000,26.35000000,435.30200000,1682992112477,False,True
48100090,16.52000000,9.49000000,156.77480000,1682992112492,False,True
48100091,16.53000000,1.52000000,25.12560000,1682992113483,False,True
48100092,16.53000000,13.38000000,221.17140000,1682992113483,False,True
48100093,16.53000000,3.63000000,60.00390000,1682992113858,False,True
48100094,16.54000000,8.00000000,132.32000000,1682992113942,False,True
48100095,16.53000000,1.53000000,25.29090000,1682992114450,True,True
48100096,16.53000000,1.53000000,25.29090000,1682992114491,True,True
48100097,16.53000000,1.53000000,25.29090000,1682992114585,True,True
48100098,16.53000000,1.53000000,25.29090000,1682992118816,False,True
48100099,16.53000000,4.74000000,78.35220000,1682992118816,False,True
48100100,16.52000000,1.53000000,25.27560000,1682992122220,True,True
48100101,16.52000000,1.52000000,25.11040000,1682992127483,False,True
48100102,16.53000000,1.52000000,25.12560000,1682992136666,False,True
48100103,16.53000000,41.32000000,683.01960000,1682992141406,True,True
48100104,16.53000000,1.53000000,25.29090000,1682992141492,True,True
48100105,16.53000000,12.09000000,199.84770000,1682992142401,False,True
48100106,16.53000000,1.52000000,25.12560000,1682992142401,False,True
48100107,16.54000000,3.62000000,59.87480000,1682992147753,False,True
48100108,16.54000000,8.45000000,139.76300000,1682992147753,False,True
48100109,16.54000000,11.42000000,188.88680000,1682992147753,False,True
48100110,16.54000000,30.70000000,507.77800000,1682992147816,True,True
48100111,16.55000000,12.07000000,199.75850000,1682992152542,False,True
48100112,16.55000000,3.62000000,59.91100000,1682992152542,False,True
48100113,16.55000000,1.53000000,25.32150000,1682992152659,True,True
48100114,16.55000000,7.28000000,120.48400000,1682992152659,True,True
48100115,16.55000000,1.52000000,25.15600000,1682992157606,False,True
48100116,16.55000000,8.81000000,145.80550000,1682992157956,True,True
48100117,16.55000000,1.53000000,25.32150000,1682992174361,True,True
48100118,16.55000000,0.66000000,10.92300000,1682992180959,False,True
48100119,16.55000000,0.86000000,14.23300000,1682992182098,False,True
48100120,16.55000000,4.75000000,78.61250000,1682992182098,False,True
48100121,16.56000000,1.53000000,25.33680000,1682992182098,False,True
48100122,16.56000000,1.46000000,24.17760000,1682992182098,False,True
48100123,16.56000000,3.00000000,49.68000000,1682992182098,False,True
48100124,16.56000000,6.52000000,107.97120000,1682992182098,False,True
48100125,16.55000000,1.53000000,25.32150000,1682992199843,True,True
48100126,16.54000000,1.53000000,25.30620000,1682992202475,True,True
48100127,16.54000000,8.81000000,145.71740000,1682992203450,False,True
48100128,16.54000000,1.52000000,25.14080000,1682992203738,False,True
48100129,16.55000000,1.53000000,25.32150000,1682992214339,True,True
48100130,16.54000000,37.48000000,619.91920000,1682992214339,True,True
48100131,16.55000000,12.08000000,199.92400000,1682992238385,False,True
48100132,16.55000000,1.52000000,25.15600000,1682992238385,False,True
48100133,16.55000000,10.58000000,175.09900000,1682992238385,False,True
48100134,16.55000000,4.53000000,74.97150000,1682992238386,False,True
48100135,16.55000000,28.03000000,463.89650000,1682992238386,False,True
48100136,16.55000000,2.19000000,36.24450000,1682992238397,False,True
48100137,16.55000000,1.53000000,25.32150000,1682992250989,True,True
48100138,16.55000000,6.04000000,99.96200000,1682992304824,False,True
48100139,16.54000000,1.53000000,25.30620000,1682992321149,True,True
48100140,16.54000000,12.09000000,199.96860000,1682992321149,True,True
48100141,16.53000000,1.53000000,25.29090000,1682992342238,True,True
48100142,16.53000000,3.62000000,59.83860000,1682992342238,True,True
48100143,16.53000000,3.30000000,54.54900000,1682992342238,True,True
48100144,16.53000000,16.02000000,264.81060000,1682992342238,True,True
48100145,16.53000000,1.43000000,23.63790000,1682992363063,False,True
48100146,16.53000000,0.10000000,1.65300000,1682992370050,False,True
48100147,16.53000000,1.52000000,25.12560000,1682992370050,False,True
48100148,16.54000000,1.53000000,25.30620000,1682992384117,False,True
48100149,16.54000000,5.30000000,87.66200000,1682992384117,False,True
48100150,16.54000000,5.99000000,99.07460000,1682992384117,False,True
48100151,16.54000000,1.78000000,29.44120000,1682992384321,True,True
48100152,16.55000000,1.52000000,25.15600000,1682992386298,False,True
48100153,16.55000000,3.30000000,54.61500000,1682992386298,False,True
48100154,16.55000000,8.81000000,145.80550000,1682992386369,True,True
48100155,16.55000000,1.53000000,25.32150000,1682992388543,True,True
48100156,16.55000000,1.53000000,25.32150000,1682992388588,True,True
48100157,16.55000000,1.53000000,25.32150000,1682992388638,True,True
48100158,16.54000000,1.53000000,25.30620000,1682992388674,True,True
48100159,16.54000000,20.86000000,345.02440000,1682992394645,True,True
48100160,16.54000000,1.53000000,25.30620000,1682992394645,True,True
48100161,16.54000000,36.30000000,600.40200000,1682992394645,True,True
48100162,16.54000000,7.76000000,128.35040000,1682992394690,True,True
48100163,16.54000000,59.50000000,984.13000000,1682992394690,True,True
48100164,16.54000000,1.28000000,21.17120000,1682992394698,True,True
48100165,16.54000000,21.32000000,352.63280000,1682992394698,True,True
48100166,16.54000000,6.84000000,113.13360000,1682992394698,True,True
48100167,16.54000000,7.38000000,122.06520000,1682992394699,True,True
48100168,16.54000000,5.92000000,97.91680000,1682992394699,True,True
48100169,16.54000000,37.61000000,622.06940000,1682992394734,True,True
48100170,16.53000000,1.52000000,25.12560000,1682992394963,True,True
48100171,16.53000000,5.76000000,95.21280000,1682992394963,True,True
48100172,16.54000000,12.09000000,199.96860000,1682992410787,False,True
48100173,16.54000000,1.53000000,25.30620000,1682992410787,False,True
48100174,16.54000000,13.91000000,230.07140000,1682992410787,False,True
48100175,16.54000000,19.56000000,323.52240000,1682992410787,False,True
48100176,16.55000000,1.52000000,25.15600000,1682992465964,False,True
48100177,16.55000000,10.56000000,174.76800000,1682992465964,False,True
48100178,16.54000000,8.35000000,138.10900000,1682992485335,True,True
48100179,16.54000000,1.52000000,25.14080000,1682992485387,True,True
48100180,16.53000000,1.71000000,28.26630000,1682992497702,True,True
48100181,16.53000000,42.35000000,700.04550000,1682992497725,True,True
48100182,16.52000000,1.52000000,25.11040000,1682992514129,True,True
48100183,16.52000000,3.63000000,59.96760000,1682992514129,True,True
48100184,16.52000000,3.30000000,54.51600000,1682992514129,True,True
48100185,16.51000000,1.54000000,25.42540000,1682992514217,True,True
48100186,16.51000000,6.91000000,114.08410000,1682992514217,True,True
48100187,16.52000000,12.10000000,199.89200000,1682992519372,False,True
48100188,16.52000000,1.53000000,25.27560000,1682992519372,False,True
48100189,16.52000000,13.83000000,228.47160000,1682992519372,False,True
48100190,16.53000000,1.53000000,25.29090000,1682992562112,False,True
48100191,16.53000000,8.96000000,148.10880000,1682992562112,False,True
48100192,16.53000000,4.91000000,81.16230000,1682992563070,False,True
48100193,16.53000000,1.53000000,25.29090000,1682992563070,False,True
48100194,16.54000000,1.53000000,25.30620000,1682992565516,False,True
48100195,16.54000000,1.52000000,25.14080000,1682992565527,False,True
48100196,16.54000000,8.81000000,145.71740000,1682992565579,True,True
48100197,16.54000000,8.81000000,145.71740000,1682992565613,True,True
48100198,16.54000000,32.76000000,541.85040000,1682992570874,True,True
48100199,16.54000000,1.53000000,25.30620000,1682992570983,True,True
48100200,16.53000000,1.55000000,25.62150000,1682992583394,True,True
48100201,16.54000000,1.52000000,25.14080000,1682992616807,False,True
48100202,16.54000000,15.12000000,250.08480000,1682992616807,False,True
48100203,16.54000000,30.24000000,500.16960000,1682992616807,False,True
48100204,16.54000000,1.71000000,28.28340000,1682992616807,False,True
48100205,16.54000000,1.71000000,28.28340000,1682992616807,False,True
48100206,16.54000000,20.69000000,342.21260000,1682992616807,False,True
48100207,16.54000000,23.45000000,387.86300000,1682992616808,False,True
48100208,16.54000000,3.68000000,60.86720000,1682992616808,False,True
48100209,16.54000000,28.81000000,476.51740000,1682992616809,False,True
48100210,16.54000000,12.87000000,212.86980000,1682992616811,False,True
48100211,16.54000000,1.71000000,28.28340000,1682992616811,False,True
48100212,16.54000000,1.71000000,28.28340000,1682992616811,False,True
48100213,16.54000000,15.54000000,257.03160000,1682992616811,False,True
48100214,16.54000000,15.07000000,249.25780000,1682992616811,False,True
48100215,16.54000000,15.19000000,251.24260000,1682992616812,False,True
48100216,16.54000000,11.80000000,195.17200000,1682992616812,False,True
48100217,16.54000000,15.88000000,262.65520000,1682992616826,False,True
48100218,16.55000000,3.63000000,60.07650000,1682992623274,False,True
48100219,16.55000000,3.30000000,54.61500000,1682992623274,False,True
48100220,16.55000000,1.53000000,25.32150000,1682992627115,True,True
48100221,16.55000000,1.52000000,25.15600000,1682992636892,False,True
48100222,16.56000000,18.83000000,311.82480000,1682992641848,False,True
48100223,16.55000000,1.53000000,25.32150000,1682992646182,True,True
48100224,16.55000000,14.77000000,244.44350000,1682992646182,True,True
48100225,16.55000000,29.29000000,484.74950000,1682992650988,True,True
48100226,16.55000000,1.53000000,25.32150000,1682992650988,True,True
48100227,16.55000000,1.52000000,25.15600000,1682992663365,False,True
48100228,16.55000000,15.11000000,250.07050000,1682992663365,False,True
48100229,16.55000000,1.52000000,25.15600000,1682992663374,True,True
48100230,16.54000000,1.52000000,25.14080000,1682992663385,True,True
48100231,16.53000000,14.13000000,233.56890000,1682992690060,True,True
48100232,16.54000000,1.53000000,25.30620000,1682992699596,False,True
48100233,16.54000000,1.52000000,25.14080000,1682992700947,False,True
48100234,16.54000000,12.09000000,199.96860000,1682992706316,True,True
48100235,16.54000000,1.53000000,25.30620000,1682992706316,True,True
48100236,16.54000000,19.94000000,329.80760000,1682992706316,True,True
48100237,16.54000000,1.32000000,21.83280000,1682992796521,False,True
48100238,16.53000000,28.40000000,469.45200000,1682992838785,True,True
48100239,16.53000000,6.92000000,114.38760000,1682992838785,True,True
48100240,16.53000000,3.30000000,54.54900000,1682992838897,True,True
48100241,16.53000000,1.53000000,25.29090000,1682992838897,True,True
48100242,16.53000000,1.53000000,25.29090000,1682992839010,True,True
48100243,16.53000000,1.52000000,25.12560000,1682992895865,False,True
48100244,16.53000000,31.56000000,521.68680000,1682992960914,True,True
48100245,16.53000000,40.82000000,674.75460000,1682992960918,True,True
48100246,16.53000000,1.52000000,25.12560000,1682992960918,True,True
48100247,16.53000000,86.07000000,1422.73710000,1682992960918,True,True
48100248,16.53000000,2.38000000,39.34140000,1682993083585,False,True
48100249,16.53000000,1.52000000,25.12560000,1682993102184,False,True
48100250,16.53000000,1.53000000,25.29090000,1682993112835,True,True
48100251,16.53000000,1.52000000,25.12560000,1682993168751,False,True
48100252,16.53000000,2.55000000,42.15150000,1682993168751,False,True
48100253,16.53000000,1.52000000,25.12560000,1682993170237,False,True
48100254,16.54000000,0.20000000,3.30800000,1682993250974,False,True
48100255,16.54000000,15.12000000,250.08480000,1682993250974,False,True
48100256,16.54000000,45.36000000,750.25440000,1682993250974,False,True
48100257,16.55000000,1.52000000,25.15600000,1682993415961,False,True
48100258,16.55000000,21.42000000,354.50100000,1682993415961,False,True
48100259,16.55000000,3.30000000,54.61500000,1682993417711,False,True
48100260,16.55000000,0.73000000,12.08150000,1682993417725,True,True
48100261,16.55000000,30.75000000,508.91250000,1682993433640,True,True
48100262,16.55000000,1.53000000,25.32150000,1682993433644,True,True
48100263,16.54000000,1.53000000,25.30620000,1682993458181,True,True
48100264,16.54000000,1.53000000,25.30620000,1682993458325,True,True
48100265,16.54000000,1.52000000,25.14080000,1682993463825,False,True
48100266,16.54000000,21.63000000,357.76020000,1682993463825,False,True
48100267,16.54000000,5.12000000,84.68480000,1682993463826,False,True
48100268,16.54000000,3.49000000,57.72460000,1682993463831,False,True
48100269,16.54000000,15.12000000,250.08480000,1682993463831,False,True
48100270,16.54000000,1.52000000,25.14080000,1682993463831,False,True
48100271,16.55000000,5.57000000,92.18350000,1682993519772,False,True
48100272,16.54000000,1.53000000,25.30620000,1682993580398,True,True
48100273,16.54000000,1.53000000,25.30620000,1682993580403,True,True
48100274,16.54000000,1.71000000,28.28340000,1682993580451,False,True
48100275,16.54000000,1.31000000,21.66740000,1682993580451,False,True
48100276,16.54000000,5.78000000,95.60120000,1682993585132,False,True
48100277,16.54000000,1.53000000,25.30620000,1682993626921,False,True
48100278,16.54000000,7.27000000,120.24580000,1682993626921,False,True
48100279,16.54000000,7.85000000,129.83900000,1682993631345,False,True
48100280,16.54000000,1.52000000,25.14080000,1682993631345,False,True
48100281,16.55000000,9.35000000,154.74250000,1682993632632,False,True
48100282,16.55000000,39.77000000,658.19350000,1682993632934,False,True
48100283,16.55000000,33.77000000,558.89350000,1682993632939,False,True
48100284,16.55000000,5.84000000,96.65200000,1682993632948,False,True
48100285,16.56000000,3.62000000,59.94720000,1682993672975,False,True
48100286,16.56000000,3.30000000,54.64800000,1682993672975,False,True
48100287,16.56000000,15.10000000,250.05600000,1682993672975,False,True
48100288,16.56000000,2.79000000,46.20240000,1682993672983,True,True
48100289,16.57000000,1.53000000,25.35210000,1682993703852,False,True
48100290,16.57000000,3.00000000,49.71000000,1682993703852,False,True
48100291,16.57000000,12.07000000,199.99990000,1682993703852,False,True
48100292,16.57000000,45.44000000,752.94080000,1682993703852,False,True
48100293,16.56000000,7.18000000,118.90080000,1682993717004,True,True
48100294,16.57000000,22.45000000,371.99650000,1682993723573,False,True
48100295,16.56000000,1.53000000,25.33680000,1682993742067,True,True
48100296,16.56000000,29.21000000,483.71760000,1682993742067,True,True
48100297,16.56000000,8.80000000,145.72800000,1682993750398,True,True
48100298,16.57000000,7.75000000,128.41750000,1682993776863,False,True
48100299,16.57000000,3.66000000,60.64620000,1682993776863,False,True
48100300,16.57000000,11.44000000,189.56080000,1682993776863,False,True
48100301,16.57000000,1.77000000,29.32890000,1682993776863,False,True
48100302,16.57000000,10.04000000,166.36280000,1682993776863,False,True
48100303,16.57000000,7.92000000,131.23440000,1682993776866,False,True
48100304,16.57000000,10.55000000,174.81350000,1682993776869,False,True
48100305,16.57000000,1.62000000,26.84340000,1682993776926,False,True
48100306,16.57000000,14.08000000,233.30560000,1682993776936,False,True
48100307,16.57000000,6.58000000,109.03060000,1682993776939,False,True
48100308,16.57000000,1.53000000,25.35210000,1682993777017,False,True
48100309,16.57000000,3.30000000,54.68100000,1682993777017,False,True
48100310,16.58000000,1.52000000,25.20160000,1682993876373,False,True
48100311,16.58000000,3.14000000,52.06120000,1682993876373,False,True
48100312,16.58000000,3.00000000,49.74000000,1682993876373,False,True
48100313,16.58000000,2.34000000,38.79720000,1682993876373,False,True
48100314,16.58000000,17.66000000,292.80280000,1682993901037,False,True
48100315,16.58000000,0.91000000,15.08780000,1682993901037,False,True
48100316,16.58000000,50.00000000,829.00000000,1682993901037,False,True
48100317,16.58000000,72.43000000,1200.88940000,1682993901037,False,True
48100318,16.58000000,27.57000000,457.11060000,1682993901055,False,True
48100319,16.58000000,3.62000000,60.01960000,1682993901055,False,True
48100320,16.58000000,3.30000000,54.71400000,1682993901055,False,True
48100321,16.58000000,15.08000000,250.02640000,1682993901055,False,True
48100322,16.58000000,30.17000000,500.21860000,1682993901055,False,True
48100323,16.59000000,3.00000000,49.77000000,1682993912414,False,True
48100324,16.59000000,20.00000000,331.80000000,1682993912414,False,True
48100325,16.59000000,1.52000000,25.21680000,1682993912414,False,True
48100326,16.59000000,70.43000000,1168.43370000,1682993912414,False,True
48100327,16.59000000,1.89000000,31.35510000,1682993912414,False,True
48100328,16.59000000,3.30000000,54.74700000,1682993912414,False,True
48100329,16.59000000,15.07000000,250.01130000,1682993912414,False,True
48100330,16.59000000,1.93000000,32.01870000,1682993912423,True,True
48100331,16.59000000,7.49000000,124.25910000,1682993912431,True,True
48100332,16.59000000,1.53000000,25.38270000,1682993943091,True,True
48100333,16.59000000,87.46000000,1450.96140000,1682993943091,True,True
48100334,16.60000000,0.32000000,5.31200000,1682993948092,False,True
48100335,16.60000000,3.00000000,49.80000000,1682993948092,False,True
48100336,16.60000000,0.32000000,5.31200000,1682993948092,False,True
48100337,16.60000000,20.00000000,332.00000000,1682993948092,False,True
48100338,16.60000000,1.52000000,25.23200000,1682993948092,False,True
48100339,16.60000000,70.16000000,1164.65600000,1682993948092,False,True
48100340,16.60000000,3.67000000,60.92200000,1682993948092,False,True
48100341,16.60000000,28.48000000,472.76800000,1682993948092,False,True
48100342,16.60000000,3.30000000,54.78000000,1682993948092,False,True
48100343,16.60000000,23.15000000,384.29000000,1682993948092,False,True
48100344,16.60000000,110.00000000,1826.00000000,1682993948092,False,True
48100345,16.60000000,0.60000000,9.96000000,1682993961139,True,True
48100346,16.60000000,1.53000000,25.39800000,1682993961139,True,True
48100347,16.60000000,15.06000000,249.99600000,1682993961139,True,True
48100348,16.60000000,30.13000000,500.15800000,1682993961139,True,True
48100349,16.60000000,12.04000000,199.86400000,1682993968989,False,True
48100350,16.60000000,45.48000000,754.96800000,1682993968989,False,True
48100351,16.60000000,113.40000000,1882.44000000,1682993968989,False,True
48100352,16.60000000,40.31000000,669.14600000,1682993968989,False,True
48100353,16.60000000,15.06000000,249.99600000,1682993968989,False,True
48100354,16.60000000,59.24000000,983.38400000,1682993968989,False,True
48100355,16.60000000,12.07000000,200.36200000,1682993969009,False,True
48100356,16.60000000,16.41000000,272.40600000,1682993969009,False,True
48100357,16.60000000,1.53000000,25.39800000,1682993969134,True,True
48100358,16.60000000,7.26000000,120.51600000,1682993969134,True,True
48100359,16.60000000,26.16000000,434.25600000,1682993971424,True,True
48100360,16.60000000,2.34000000,38.84400000,1682993971427,True,True
48100361,16.60000000,1.53000000,25.39800000,1682993971431,True,True
48100362,16.60000000,1.52000000,25.23200000,1682993986420,False,True
48100363,16.61000000,1.45000000,24.08450000,1682994082377,False,True
48100364,16.61000000,3.00000000,49.83000000,1682994082377,False,True
48100365,16.61000000,20.00000000,332.20000000,1682994082377,False,True
48100366,16.61000000,0.71000000,11.79310000,1682994082377,False,True
48100367,16.61000000,3.48000000,57.80280000,1682994082377,False,True
48100368,16.61000000,0.73000000,12.12530000,1682994082377,False,True
48100369,16.61000000,3.30000000,54.81300000,1682994082377,False,True
48100370,16.61000000,6.10000000,101.32100000,1682994082388,True,True
48100371,16.61000000,1.58000000,26.24380000,1682994082433,True,True
48100372,16.61000000,0.81000000,13.45410000,1682994084308,True,True
48100373,16.61000000,0.56000000,9.30160000,1682994091368,True,True
48100374,16.61000000,0.97000000,16.11170000,1682994093138,True,True
48100375,16.61000000,7.82000000,129.89020000,1682994093138,True,True
48100376,16.61000000,3.59000000,59.62990000,1682994095191,True,True
48100377,16.61000000,8.78000000,145.83580000,1682994096583,True,True
48100378,16.61000000,69.59000000,1155.88990000,1682994111138,True,True
48100379,16.61000000,15.05000000,249.98050000,1682994111138,True,True
48100380,16.61000000,18.03000000,299.47830000,1682994192985,False,True
48100381,16.60000000,8.78000000,145.74800000,1682994225651,True,True
48100382,16.61000000,1.51000000,25.08110000,1682994360437,False,True
48100383,16.61000000,15.05000000,249.98050000,1682994360437,False,True
48100384,16.61000000,30.11000000,500.12710000,1682994360437,False,True
48100385,16.61000000,1.53000000,25.41330000,1682994453100,True,True
48100386,16.61000000,32.70000000,543.14700000,1682994453100,True,True
48100387,16.61000000,5.21000000,86.53810000,1682994453101,True,True
48100388,16.61000000,9.84000000,163.44240000,1682994453101,True,True
48100389,16.61000000,0.48000000,7.97280000,1682994505599,False,True
48100390,16.59000000,3.09000000,51.26310000,1682994522746,True,True
48100391,16.59000000,41.77000000,692.96430000,1682994522746,True,True
48100392,16.59000000,49.75000000,825.35250000,1682994522746,True,True
48100393,16.59000000,17.73000000,294.14070000,1682994522749,True,True
48100394,16.59000000,1.65000000,27.37350000,1682994522750,True,True
48100395,16.59000000,16.03000000,265.93770000,1682994522750,True,True
48100396,16.59000000,103.31000000,1713.91290000,1682994522750,True,True
48100397,16.59000000,3.30000000,54.74700000,1682994522750,True,True
48100398,16.59000000,15.06000000,249.84540000,1682994522750,True,True
48100399,16.59000000,3.20000000,53.08800000,1682994522750,True,True
48100400,16.59000000,24.84000000,412.09560000,1682994522750,True,True
48100401,16.59000000,28.63000000,474.97170000,1682994522751,True,True
48100402,16.59000000,19.70000000,326.82300000,1682994522751,True,True
48100403,16.59000000,14.83000000,246.02970000,1682994522751,True,True
48100404,16.59000000,11.20000000,185.80800000,1682994522764,True,True
48100405,16.59000000,10.80000000,179.17200000,1682994522773,True,True
48100406,16.59000000,1.71000000,28.36890000,1682994522773,True,True
48100407,16.59000000,0.80000000,13.27200000,1682994522773,True,True
48100408,16.58000000,3.61000000,59.85380000,1682994552144,True,True
48100409,16.58000000,3.30000000,54.71400000,1682994552144,True,True
48100410,16.58000000,1.53000000,25.36740000,1682994552144,True,True
48100411,16.58000000,0.71000000,11.77180000,1682994552144,True,True
48100412,16.58000000,7.71000000,127.83180000,1682994552144,True,True
48100413,16.58000000,5.11000000,84.72380000,1682994552145,True,True
48100414,16.58000000,5.90000000,97.82200000,1682994552146,True,True
48100415,16.58000000,6.16000000,102.13280000,1682994552146,True,True
48100416,16.58000000,9.82000000,162.81560000,1682994552147,True,True
48100417,16.58000000,19.47000000,322.81260000,1682994552151,True,True
48100418,16.57000000,59.13000000,979.78410000,1682994552164,True,True
48100419,16.57000000,8.70000000,144.15900000,1682994552164,True,True
48100420,16.57000000,15.18000000,251.53260000,1682994552167,True,True
48100421,16.57000000,13.90000000,230.32300000,1682994552167,True,True
48100422,16.57000000,1.65000000,27.34050000,1682994552372,True,True
48100423,16.57000000,3.61000000,59.81770000,1682994554282,True,True
48100424,16.57000000,3.30000000,54.68100000,1682994554282,True,True
48100425,16.57000000,1.52000000,25.18640000,1682994554282,True,True
48100426,16.57000000,14.29000000,236.78530000,1682994554338,False,True
48100427,16.57000000,27.14000000,449.70980000,1682994555350,False,True
48100428,16.57000000,1.53000000,25.35210000,1682994555350,False,True
48100429,16.57000000,40.35000000,668.59950000,1682994555350,False,True
48100430,16.57000000,40.27000000,667.27390000,1682994555350,False,True
48100431,16.57000000,40.65000000,673.57050000,1682994555350,False,True
48100432,16.57000000,18.89000000,313.00730000,1682994555383,False,True
48100433,16.57000000,28.48000000,471.91360000,1682994555384,False,True
48100434,16.57000000,2.42000000,40.09940000,1682994555416,False,True
48100435,16.57000000,16.47000000,272.90790000,1682994555416,False,True
48100436,16.57000000,96.11000000,1592.54270000,1682994556397,False,True
48100437,16.57000000,53.14000000,880.52980000,1682994556397,False,True
48100438,16.57000000,1.53000000,25.35210000,1682994556840,False,True
48100439,16.57000000,1.52000000,25.18640000,1682994556862,False,True
48100440,16.57000000,1.53000000,25.35210000,1682994557086,True,True
48100441,16.57000000,1.52000000,25.18640000,1682994570106,False,True
48100442,16.57000000,1.53000000,25.35210000,1682994577562,True,True
48100443,16.57000000,1.52000000,25.18640000,1682994591717,False,True
48100444,16.57000000,0.31000000,5.13670000,1682994604835,True,True
48100445,16.57000000,1.22000000,20.21540000,1682994610454,True,True
48100446,16.57000000,12.25000000,202.98250000,1682994610454,True,True
48100447,16.57000000,20.13000000,333.55410000,1682994617406,True,True
48100448,16.58000000,1.52000000,25.20160000,1682994628394,False,True
48100449,16.58000000,1.53000000,25.36740000,1682994669611,True,True
48100450,16.58000000,1.00000000,16.58000000,1682994669611,True,True
48100451,16.58000000,8.72000000,144.57760000,1682994699931,False,True
48100452,16.58000000,90.55000000,1501.31900000,1682994699931,False,True
48100453,16.58000000,15.08000000,250.02640000,1682994699931,False,True
48100454,16.58000000,30.17000000,500.21860000,1682994699931,False,True
48100455,16.58000000,1.52000000,25.20160000,1682994699951,False,True
48100456,16.59000000,1.52000000,25.21680000,1682994703534,False,True
48100457,16.59000000,2.17000000,36.00030000,1682994703534,False,True
48100458,16.59000000,26.97000000,447.43230000,1682994703541,False,True
48100459,16.59000000,3.30000000,54.74700000,1682994703541,False,True
48100460,16.60000000,1.52000000,25.23200000,1682994720288,False,True
48100461,16.60000000,111.42000000,1849.57200000,1682994720288,False,True
48100462,16.60000000,173.82000000,2885.41200000,1682994720298,False,True
48100463,16.60000000,3.34000000,55.44400000,1682994720298,False,True
48100464,16.60000000,2.98000000,49.46800000,1682994720634,True,True
48100465,16.61000000,14.01000000,232.70610000,1682994739049,False,True
48100466,16.61000000,9.87000000,163.94070000,1682994739050,False,True
48100467,16.61000000,26.96000000,447.80560000,1682994739052,False,True
48100468,16.61000000,19.89000000,330.37290000,1682994739053,False,True
48100469,16.61000000,0.08000000,1.32880000,1682994739055,False,True
48100470,16.61000000,9.39000000,155.96790000,1682994739055,False,True
48100471,16.61000000,5.67000000,94.17870000,1682994739056,False,True
48100472,16.61000000,1.48000000,24.58280000,1682994739056,False,True
48100473,16.61000000,7.82000000,129.89020000,1682994739057,False,True
48100474,16.61000000,7.91000000,131.38510000,1682994739057,False,True
48100475,16.61000000,7.65000000,127.06650000,1682994739057,False,True
48100476,16.61000000,20.31000000,337.34910000,1682994739058,False,True
48100477,16.61000000,33.78000000,561.08580000,1682994739058,False,True
48100478,16.61000000,7.68000000,127.56480000,1682994739058,False,True
48100479,16.61000000,3.38000000,56.14180000,1682994739058,False,True
48100480,16.61000000,3.36000000,55.80960000,1682994739347,True,True
48100481,16.61000000,2.53000000,42.02330000,1682994741237,True,True
48100482,16.61000000,22.11000000,367.24710000,1682994781183,True,True
48100483,16.61000000,1.53000000,25.41330000,1682994781183,True,True
48100484,16.61000000,89.64000000,1488.92040000,1682994781183,True,True
48100485,16.61000000,9.96000000,165.43560000,1682994781183,True,True
48100486,16.61000000,22.36000000,371.39960000,1682994781236,True,True
48100487,16.60000000,1.53000000,25.39800000,1682994809239,True,True
48100488,16.60000000,37.27000000,618.68200000,1682994809239,True,True
48100489,16.60000000,5.21000000,86.48600000,1682994809245,True,True
48100490,16.60000000,63.54000000,1054.76400000,1682994809245,True,True
48100491,16.60000000,15.06000000,249.99600000,1682994809245,True,True
48100492,16.60000000,1.73000000,28.71800000,1682994862790,False,True
48100493,16.59000000,1.53000000,25.38270000,1682994889977,True,True
48100494,16.59000000,38.47000000,638.21730000,1682994889977,True,True
48100495,16.59000000,40.00000000,663.60000000,1682994892121,True,True
48100496,16.59000000,1.53000000,25.38270000,1682994896117,True,True
48100497,16.59000000,12.05000000,199.90950000,1682994896831,False,True
48100498,16.59000000,6.02000000,99.87180000,1682994896831,False,True
48100499,16.59000000,8.78000000,145.66020000,1682994904427,False,True
48100500,16.58000000,3.00000000,49.74000000,1682995154634,True,True
48100501,16.58000000,0.61000000,10.11380000,1682995154854,True,True
48100502,16.58000000,35.39000000,586.76620000,1682995154854,True,True
48100503,16.59000000,23.15000000,384.05850000,1682995234176,False,True
48100504,16.59000000,5.21000000,86.43390000,1682995234176,False,True
48100505,16.59000000,1.53000000,25.38270000,1682995234185,False,True
48100506,16.60000000,1.52000000,25.23200000,1682995281127,False,True
48100507,16.60000000,1.53000000,25.39800000,1682995336289,True,True
48100508,16.60000000,40.10000000,665.66000000,1682995359664,False,True
48100509,16.60000000,40.12000000,665.99200000,1682995359664,False,True
48100510,16.60000000,9.43000000,156.53800000,1682995359664,False,True
48100511,16.60000000,25.35000000,420.81000000,1682995359664,False,True
48100512,16.60000000,5.35000000,88.81000000,1682995359679,False,True
48100513,16.60000000,1.52000000,25.23200000,1682995359690,False,True
48100514,16.60000000,1.22000000,20.25200000,1682995591097,True,True
48100515,16.60000000,0.31000000,5.14600000,1682995591109,True,True
48100516,16.60000000,0.35000000,5.81000000,1682995591109,True,True
48100517,16.61000000,1.53000000,25.41330000,1682995594521,True,True
48100518,16.61000000,2.86000000,47.50460000,1682995594521,True,True
48100519,16.62000000,3.14000000,52.18680000,1682995636510,False,True
48100520,16.62000000,3.00000000,49.86000000,1682995636510,False,True
48100521,16.62000000,24.09000000,400.37580000,1682995636510,False,True
48100522,16.62000000,8.98000000,149.24760000,1682995636510,False,True
48100523,16.62000000,11.02000000,183.15240000,1682995636510,False,True
48100524,16.62000000,50.00000000,831.00000000,1682995636510,False,True
48100525,16.62000000,17.83000000,296.33460000,1682995636510,False,True
48100526,16.62000000,18.95000000,314.94900000,1682995636531,False,True
48100527,16.62000000,29.14000000,484.30680000,1682995636536,False,True
48100528,16.62000000,7.37000000,122.48940000,1682995636554,False,True
48100529,16.61000000,37.29000000,619.38690000,1682995636746,True,True
48100530,16.61000000,35.33000000,586.83130000,1682995636746,True,True
48100531,16.61000000,7.66000000,127.23260000,1682995636746,True,True
48100532,16.61000000,29.72000000,493.64920000,1682995636746,True,True
48100533,16.62000000,26.71000000,443.92020000,1682995648014,False,True
48100534,16.62000000,3.30000000,54.84600000,1682995648014,False,True
48100535,16.62000000,1.53000000,25.42860000,1682995648014,False,True
48100536,16.62000000,37.04000000,615.60480000,1682995648014,False,True
48100537,16.62000000,5.07000000,84.26340000,1682995648022,True,True
48100538,16.62000000,1.14000000,18.94680000,1682995650432,True,True
48100539,16.62000000,2.83000000,47.03460000,1682995658388,True,True
48100540,16.62000000,90.34000000,1501.45080000,1682995749140,True,True
48100541,16.62000000,6.16000000,102.37920000,1682995749140,True,True
48100542,16.62000000,1.53000000,25.42860000,1682995749169,True,True
48100543,16.62000000,3.68000000,61.16160000,1682995749169,True,True
48100544,16.62000000,1.53000000,25.42860000,1682995749172,True,True
48100545,16.62000000,24.33000000,404.36460000,1682995749175,True,True
48100546,16.62000000,1.53000000,25.42860000,1682995758045,False,True
48100547,16.62000000,1.53000000,25.42860000,1682995830665,True,True
48100548,16.62000000,15.04000000,249.96480000,1682995830665,True,True
48100549,16.62000000,1.51000000,25.09620000,1682995895694,False,True
48100550,16.62000000,3.62000000,60.16440000,1682995895694,False,True
48100551,16.62000000,31.83000000,529.01460000,1682995917639,False,True
48100552,16.62000000,31.83000000,529.01460000,1682995917750,False,True
48100553,16.62000000,31.83000000,529.01460000,1682995917874,False,True
48100554,16.62000000,0.89000000,14.79180000,1682995918024,False,True
48100555,16.62000000,1.51000000,25.09620000,1682995918024,False,True
48100556,16.62000000,1.53000000,25.42860000,1682996014070,True,True
48100557,16.62000000,7.37000000,122.48940000,1682996014070,True,True
48100558,16.62000000,1.52000000,25.26240000,1682996014073,True,True
48100559,16.62000000,1.52000000,25.26240000,1682996018373,False,True
48100560,16.62000000,1.51000000,25.09620000,1682996080137,True,True
48100561,16.62000000,0.49000000,8.14380000,1682996080137,True,True
48100562,16.63000000,1.36000000,22.61680000,1682996126973,False,True
48100563,16.63000000,0.05000000,0.83150000,1682996126973,False,True
48100564,16.63000000,1.32000000,21.95160000,1682996230359,False,True
48100565,16.63000000,1.63000000,27.10690000,1682996247706,False,True
48100566,16.63000000,20.00000000,332.60000000,1682996247706,False,True
48100567,16.63000000,0.76000000,12.63880000,1682996247706,False,True
48100568,16.63000000,9.94000000,165.30220000,1682996247706,False,True
48100569,16.63000000,80.40000000,1337.05200000,1682996247723,False,True
48100570,16.63000000,21.82000000,362.86660000,1682996247723,False,True
48100571,16.63000000,1.60000000,26.60800000,1682996247731,False,True
48100572,16.63000000,1.70000000,28.27100000,1682996247732,False,True
48100573,16.63000000,1.52000000,25.27760000,1682996247732,False,True
48100574,16.63000000,1.51000000,25.11130000,1682996247752,True,True
48100575,16.63000000,1.23000000,20.45490000,1682996247752,True,True
48100576,16.63000000,1.20000000,19.95600000,1682996249567,True,True
48100577,16.64000000,13.82000000,229.96480000,1682996274314,False,True
48100578,16.63000000,1.51000000,25.11130000,1682996284198,True,True
48100579,16.62000000,0.52000000,8.64240000,1682996432552,True,True
48100580,16.62000000,1.28000000,21.27360000,1682996432552,True,True
48100581,16.62000000,0.23000000,3.82260000,1682996443337,True,True
48100582,16.62000000,8.30000000,137.94600000,1682996443337,True,True
48100583,16.62000000,37.35000000,620.75700000,1682996443337,True,True
48100584,16.62000000,52.99000000,880.69380000,1682996443338,True,True
48100585,16.61000000,0.66000000,10.96260000,1682996453813,True,True
48100586,16.61000000,3.60000000,59.79600000,1682996453813,True,True
48100587,16.61000000,3.30000000,54.81300000,1682996453813,True,True
48100588,16.61000000,15.05000000,249.98050000,1682996453813,True,True
48100589,16.61000000,5.93000000,98.49730000,1682996453813,True,True
48100590,16.61000000,1.71000000,28.40310000,1682996453813,True,True
48100591,16.61000000,1.71000000,28.40310000,1682996453813,True,True
48100592,16.61000000,1.71000000,28.40310000,1682996453813,True,True
48100593,16.61000000,1.71000000,28.40310000,1682996453813,True,True
48100594,16.61000000,40.83000000,678.18630000,1682996453813,True,True
48100595,16.61000000,67.50000000,1121.17500000,1682996453813,True,True
48100596,16.61000000,8.78000000,145.83580000,1682996453837,False,True
48100597,16.62000000,1.31000000,21.77220000,1682996458719,False,True
48100598,16.61000000,1.98000000,32.88780000,1682996558156,True,True
48100599,16.61000000,0.61000000,10.13210000,1682996597302,True,True
48100600,16.61000000,12.05000000,200.15050000,1682996761118,True,True
48100601,16.61000000,30.10000000,499.96100000,1682996859583,False,True
48100602,16.61000000,10.00000000,166.10000000,1682996864683,False,True
48100603,16.61000000,20.10000000,333.86100000,1682996864683,False,True
48100604,16.61000000,27.61000000,458.60210000,1682996873678,False,True
48100605,16.61000000,12.29000000,204.13690000,1682996883142,False,True
48100606,16.61000000,1.30000000,21.59300000,1682996883142,False,True
48100607,16.60000000,4.06000000,67.39600000,1682996926587,True,True
48100608,16.60000000,3.30000000,54.78000000,1682996926587,True,True
48100609,16.60000000,23.36000000,387.77600000,1682996926587,True,True
48100610,16.60000000,9.45000000,156.87000000,1682996926588,True,True
48100611,16.60000000,2.82000000,46.81200000,1682996926588,True,True
48100612,16.60000000,0.70000000,11.62000000,1682996958180,False,True
48100613,16.60000000,3.46000000,57.43600000,1682996987405,False,True
48100614,16.59000000,1.52000000,25.21680000,1682997055105,True,True
48100615,16.59000000,3.01000000,49.93590000,1682997055105,True,True
48100616,16.59000000,12.83000000,212.84970000,1682997055105,True,True
48100617,16.59000000,3.30000000,54.74700000,1682997055105,True,True
48100618,16.59000000,1.53000000,25.38270000,1682997055117,False,True
48100619,16.59000000,1.31000000,21.73290000,1682997061421,False,True
48100620,16.59000000,0.22000000,3.64980000,1682997062326,False,True
48100621,16.59000000,1.52000000,25.21680000,1682997062326,False,True
48100622,16.59000000,20.08000000,333.12720000,1682997109420,True,True
48100623,16.59000000,1.52000000,25.21680000,1682997109420,True,True
48100624,16.59000000,7.17000000,118.95030000,1682997109420,True,True
48100625,16.59000000,1.52000000,25.21680000,1682997157882,False,True
48100626,16.60000000,8.90000000,147.74000000,1682997237255,False,True
48100627,16.59000000,1.52000000,25.21680000,1682997249412,True,True
48100628,16.59000000,3.30000000,54.74700000,1682997249412,True,True
48100629,16.58000000,1.52000000,25.20160000,1682997298261,True,True
48100630,16.58000000,3.14000000,52.06120000,1682997298261,True,True
48100631,16.58000000,13.82000000,229.13560000,1682997298261,True,True
48100632,16.58000000,15.07000000,249.86060000,1682997298261,True,True
48100633,16.58000000,3.30000000,54.71400000,1682997298261,True,True
48100634,16.58000000,1.53000000,25.36740000,1682997298274,False,True
48100635,16.58000000,1.48000000,24.53840000,1682997298274,False,True
48100636,16.58000000,14.26000000,236.43080000,1682997298308,False,True
48100637,16.58000000,1.96000000,32.49680000,1682997298390,False,True
48100638,16.58000000,1.58000000,26.19640000,1682997298515,False,True
48100639,16.57000000,1.36000000,22.53520000,1682997326629,True,True
48100640,16.57000000,3.00000000,49.71000000,1682997326629,True,True
48100641,16.57000000,0.85000000,14.08450000,1682997326629,True,True
48100642,16.57000000,19.15000000,317.31550000,1682997326630,True,True
48100643,16.57000000,3.01000000,49.87570000,1682997326630,True,True
48100644,16.57000000,50.00000000,828.50000000,1682997326630,True,True
48100645,16.57000000,3.30000000,54.68100000,1682997326630,True,True
48100646,16.57000000,15.09000000,250.04130000,1682997326630,True,True
48100647,16.57000000,30.18000000,500.08260000,1682997326630,True,True
48100648,16.56000000,1.53000000,25.33680000,1682997351001,True,True
48100649,16.56000000,1.45000000,24.01200000,1682997351001,True,True
48100650,16.56000000,3.00000000,49.68000000,1682997351001,True,True
48100651,16.56000000,20.00000000,331.20000000,1682997351001,True,True
48100652,16.56000000,3.30000000,54.64800000,1682997351001,True,True
48100653,16.56000000,0.76000000,12.58560000,1682997351001,True,True
48100654,16.56000000,15.10000000,250.05600000,1682997351001,True,True
48100655,16.55000000,0.32000000,5.29600000,1682997359882,True,True
48100656,16.55000000,3.00000000,49.65000000,1682997359882,True,True
48100657,16.55000000,24.09000000,398.68950000,1682997359882,True,True
48100658,16.55000000,20.00000000,331.00000000,1682997359882,True,True
48100659,16.55000000,3.30000000,54.61500000,1682997359882,True,True
48100660,16.55000000,3.08000000,50.97400000,1682997360414,False,True
48100661,16.55000000,28.70000000,474.98500000,1682997360667,False,True
48100662,16.55000000,7.56000000,125.11800000,1682997360667,False,True
48100663,16.55000000,1.71000000,28.30050000,1682997360667,False,True
48100664,16.55000000,1.71000000,28.30050000,1682997360667,False,True
48100665,16.55000000,1.71000000,28.30050000,1682997360667,False,True
48100666,16.55000000,1.71000000,28.30050000,1682997360667,False,True
48100667,16.55000000,3.33000000,55.11150000,1682997360667,False,True
48100668,16.55000000,3.50000000,57.92500000,1682997360668,False,True
48100669,16.56000000,0.91000000,15.06960000,1682997362608,False,True
48100670,16.55000000,3.30000000,54.61500000,1682997368524,True,True
48100671,16.55000000,10.64000000,176.09200000,1682997368524,True,True
48100672,16.55000000,1.45000000,23.99750000,1682997368535,True,True
48100673,16.54000000,3.14000000,51.93560000,1682997371407,True,True
48100674,16.54000000,3.00000000,49.62000000,1682997371407,True,True
48100675,16.54000000,3.48000000,57.55920000,1682997371407,True,True
48100676,16.54000000,1.53000000,25.30620000,1682997371407,True,True
48100677,16.54000000,20.00000000,330.80000000,1682997371407,True,True
48100678,16.54000000,3.30000000,54.58200000,1682997371407,True,True
48100679,16.54000000,1.53000000,25.30620000,1682997371442,False,True
48100680,16.54000000,44.44000000,735.03760000,1682997371442,False,True
48100681,16.54000000,38.92000000,643.73680000,1682997371442,False,True
48100682,16.54000000,7.43000000,122.89220000,1682997388083,False,True
48100683,16.54000000,38.96000000,644.39840000,1682997388083,False,True
48100684,16.54000000,1.53000000,25.30620000,1682997388083,False,True
48100685,16.54000000,13.77000000,227.75580000,1682997388083,False,True
48100686,16.55000000,1.53000000,25.32150000,1682997425106,False,True
48100687,16.55000000,18.79000000,310.97450000,1682997425106,False,True
48100688,16.55000000,17.49000000,289.45950000,1682997425109,False,True
48100689,16.55000000,4.75000000,78.61250000,1682997425109,False,True
48100690,16.55000000,2.37000000,39.22350000,1682997425111,False,True
48100691,16.55000000,15.11000000,250.07050000,1682997425111,False,True
48100692,16.55000000,30.22000000,500.14100000,1682997425111,False,True
48100693,16.55000000,1.00000000,16.55000000,1682997425111,False,True
48100694,16.55000000,1.53000000,25.32150000,1682997441851,True,True
48100695,16.55000000,1.52000000,25.15600000,1682997450475,False,True
48100696,16.55000000,1.53000000,25.32150000,1682997505905,True,True
48100697,16.55000000,1.52000000,25.15600000,1682997545946,False,True
48100698,16.55000000,20.23000000,334.80650000,1682997593485,True,True
