39304109,16.54000000,1.08000000,17.86320000,1664755203010,False,True
39304110,16.54000000,0.12000000,1.98480000,1664755203010,False,True
39304111,16.54000000,60.45000000,999.84300000,1664755206037,False,True
39304112,16.54000000,48.43000000,801.03220000,1664755206077,True,True
39304113,16.54000000,1.75000000,28.94500000,1664755206586,True,True
39304114,16.54000000,11.02000000,182.27080000,1664755211998,True,True
39304115,16.53000000,3.02000000,49.92060000,1664755214065,True,True
39304116,16.53000000,1.76000000,29.09280000,1664755214065,True,True
39304117,16.53000000,7.97000000,131.74410000,1664755214195,False,True
39304118,16.53000000,2.35000000,38.84550000,1664755235700,False,True
39304119,16.52000000,10.00000000,165.20000000,1664755263459,True,True
39304120,16.52000000,1.76000000,29.07520000,1664755263459,True,True
39304121,16.51000000,0.64000000,10.56640000,1664755266978,True,True
39304122,16.51000000,50.00000000,825.50000000,1664755274109,True,True
39304123,16.51000000,20.14000000,332.51140000,1664755274109,True,True
39304124,16.51000000,22.87000000,377.58370000,1664755274109,True,True
39304125,16.51000000,16.73000000,276.21230000,1664755275587,False,True
39304126,16.51000000,22.86000000,377.41860000,1664755276715,False,True
39304127,16.51000000,7.28000000,120.19280000,1664755276715,False,True
39304128,16.50000000,1.00000000,16.50000000,1664755281729,True,True
39304129,16.50000000,0.34000000,5.61000000,1664755284308,True,True
39304130,16.50000000,20.00000000,330.00000000,1664755284308,True,True
39304131,16.50000000,13.14000000,216.81000000,1664755284308,True,True
39304132,16.50000000,25.14000000,414.81000000,1664755284308,True,True
39304133,16.50000000,1.98000000,32.67000000,1664755284385,True,True
39304134,16.50000000,10.00000000,165.00000000,1664755284385,True,True
39304135,16.50000000,1.76000000,29.04000000,1664755284385,True,True
39304136,16.50000000,14.56000000,240.24000000,1664755284385,True,True
39304137,16.50000000,26.59000000,438.73500000,1664755284385,True,True
39304138,16.50000000,16.07000000,265.15500000,1664755284959,False,True
39304139,16.50000000,15.48000000,255.42000000,1664755288301,False,True
39304140,16.50000000,24.52000000,404.58000000,1664755288301,False,True
39304141,16.50000000,20.00000000,330.00000000,1664755288307,False,True
39304142,16.50000000,10.48000000,172.92000000,1664755288311,False,True
39304143,16.50000000,24.08000000,397.32000000,1664755291711,True,True
39304144,16.49000000,1.34000000,22.09660000,1664755311890,True,True
39304145,16.49000000,1.33000000,21.93170000,1664755311890,True,True
39304146,16.49000000,0.70000000,11.54300000,1664755311890,True,True
39304147,16.49000000,3.03000000,49.96470000,1664755311890,True,True
39304148,16.49000000,17.18000000,283.29820000,1664755311890,True,True
39304149,16.49000000,1.76000000,29.02240000,1664755311890,True,True
39304150,16.49000000,36.68000000,604.85320000,1664755311890,True,True
39304151,16.49000000,45.43000000,749.14070000,1664755311890,True,True
39304152,16.49000000,9.57000000,157.80930000,1664755311898,True,True
39304153,16.49000000,22.86000000,376.96140000,1664755311911,True,True
39304154,16.49000000,17.26000000,284.61740000,1664755312081,False,True
39304155,16.48000000,0.64000000,10.54720000,1664755312311,True,True
39304156,16.48000000,0.69000000,11.37120000,1664755319472,True,True
39304157,16.48000000,3.89000000,64.10720000,1664755319472,True,True
39304158,16.48000000,3.37000000,55.53760000,1664755319472,True,True
39304159,16.48000000,0.89000000,14.66720000,1664755319472,True,True
39304160,16.48000000,10.00000000,164.80000000,1664755319472,True,True
39304161,16.48000000,18.19000000,299.77120000,1664755319472,True,True
39304162,16.48000000,1.76000000,29.00480000,1664755319472,True,True
39304163,16.48000000,28.51000000,469.84480000,1664755319472,True,True
39304164,16.48000000,14.62000000,240.93760000,1664755321554,False,True
39304165,16.48000000,2.70000000,44.49600000,1664755321554,False,True
39304166,16.48000000,55.00000000,906.40000000,1664755321554,False,True
39304167,16.49000000,55.00000000,906.95000000,1664755321554,False,True
39304168,16.49000000,12.16000000,200.51840000,1664755321554,False,True
39304169,16.49000000,55.00000000,906.95000000,1664755321554,False,True
39304170,16.49000000,17.06000000,281.31940000,1664755321554,False,True
39304171,16.49000000,14.56000000,240.09440000,1664755321554,False,True
39304172,16.49000000,22.86000000,376.96140000,1664755321554,False,True
39304173,16.49000000,15.14000000,249.65860000,1664755321554,False,True
39304174,16.49000000,12.66000000,208.76340000,1664755321554,False,True
39304175,16.49000000,86.41000000,1424.90090000,1664755321554,False,True
39304176,16.49000000,1.11000000,18.30390000,1664755321554,False,True
39304177,16.49000000,1.11000000,18.30390000,1664755321554,False,True
39304178,16.49000000,14.56000000,240.09440000,1664755321554,False,True
39304179,16.49000000,122.03000000,2012.27470000,1664755321554,False,True
39304180,16.49000000,120.93000000,1994.13570000,1664755321554,False,True
39304181,16.49000000,10.01000000,165.06490000,1664755321554,False,True
39304182,16.49000000,26.00000000,428.74000000,1664755321554,False,True
39304183,16.49000000,12.07000000,199.03430000,1664755321554,False,True
39304184,16.49000000,34.54000000,569.56460000,1664755321554,False,True
39304185,16.49000000,287.91000000,4747.63590000,1664755321560,True,True
39304186,16.49000000,0.80000000,13.19200000,1664755321564,True,True
39304187,16.49000000,512.39000000,8449.31110000,1664755321566,True,True
39304188,16.48000000,0.80000000,13.18400000,1664755321566,True,True
39304189,16.48000000,22.86000000,376.73280000,1664755323676,True,True
39304190,16.48000000,48.79000000,804.05920000,1664755323676,True,True
39304191,16.47000000,0.21000000,3.45870000,1664755331550,True,True
39304192,16.47000000,64.32000000,1059.35040000,1664755331550,True,True
39304193,16.47000000,1.33000000,21.90510000,1664755331550,True,True
39304194,16.47000000,2.91000000,47.92770000,1664755331550,True,True
39304195,16.47000000,1.34000000,22.06980000,1664755331550,True,True
39304196,16.47000000,9.89000000,162.88830000,1664755331550,True,True
39304197,16.47000000,12.65000000,208.34550000,1664755331552,True,True
39304198,16.47000000,0.90000000,14.82300000,1664755331552,True,True
39304199,16.47000000,16.45000000,270.93150000,1664755331552,True,True
39304200,16.47000000,27.21000000,448.14870000,1664755331552,True,True
39304201,16.47000000,1.76000000,28.98720000,1664755331552,True,True
39304202,16.47000000,21.03000000,346.36410000,1664755331552,True,True
39304203,16.47000000,17.65000000,290.69550000,1664755331553,True,True
39304204,16.47000000,2.35000000,38.70450000,1664755331553,True,True
39304205,16.47000000,34.01000000,560.14470000,1664755331553,True,True
39304206,16.47000000,24.86000000,409.44420000,1664755331556,True,True
39304207,16.47000000,61.41000000,1011.42270000,1664755331642,False,True
39304208,16.47000000,71.57000000,1178.75790000,1664755331642,False,True
39304209,16.46000000,25.00000000,411.50000000,1664755331726,True,True
39304210,16.47000000,15.13000000,249.19110000,1664755332971,False,True
39304211,16.47000000,38.99000000,642.16530000,1664755332972,False,True
39304212,16.47000000,13.99000000,230.41530000,1664755333026,False,True
39304213,16.47000000,55.00000000,905.85000000,1664755333150,True,True
39304214,16.46000000,1.00000000,16.46000000,1664755337609,True,True
39304215,16.46000000,64.32000000,1058.70720000,1664755337883,True,True
39304216,16.46000000,2.68000000,44.11280000,1664755339279,True,True
39304217,16.46000000,0.66000000,10.86360000,1664755339279,True,True
39304218,16.46000000,1.85000000,30.45100000,1664755339279,True,True
39304219,16.46000000,0.69000000,11.35740000,1664755339279,True,True
39304220,16.46000000,1.35000000,22.22100000,1664755339279,True,True
39304221,16.46000000,8.00000000,131.68000000,1664755339279,True,True
39304222,16.46000000,0.61000000,10.04060000,1664755339279,True,True
39304223,16.46000000,0.90000000,14.81400000,1664755339279,True,True
39304224,16.46000000,10.00000000,164.60000000,1664755339279,True,True
39304225,16.46000000,1.76000000,28.96960000,1664755339279,True,True
39304226,16.45000000,0.66000000,10.85700000,1664755348878,True,True
39304227,16.45000000,30.39000000,499.91550000,1664755348878,True,True
39304228,16.45000000,139.12000000,2288.52400000,1664755348878,True,True
39304229,16.45000000,1.68000000,27.63600000,1664755348878,True,True
39304230,16.45000000,29.00000000,477.05000000,1664755348878,True,True
39304231,16.45000000,1.35000000,22.20750000,1664755348878,True,True
39304232,16.45000000,5.60000000,92.12000000,1664755348878,True,True
39304233,16.45000000,1.22000000,20.06900000,1664755348878,True,True
39304234,16.45000000,4.87000000,80.11150000,1664755348878,True,True
39304235,16.45000000,1.98000000,32.57100000,1664755348878,True,True
39304236,16.45000000,10.75000000,176.83750000,1664755348878,True,True
39304237,16.45000000,0.73000000,12.00850000,1664755348878,True,True
39304238,16.45000000,1.00000000,16.45000000,1664755348878,True,True
39304239,16.45000000,31.21000000,513.40450000,1664755348878,True,True
39304240,16.45000000,22.86000000,376.04700000,1664755351929,False,True
39304241,16.45000000,3.87000000,63.66150000,1664755351929,False,True
39304242,16.44000000,0.69000000,11.34360000,1664755353392,True,True
39304243,16.44000000,1.21000000,19.89240000,1664755353392,True,True
39304244,16.44000000,0.66000000,10.85040000,1664755353392,True,True
39304245,16.44000000,0.54000000,8.87760000,1664755353392,True,True
39304246,16.44000000,0.86000000,14.13840000,1664755353392,True,True
39304247,16.44000000,1.22000000,20.05680000,1664755353392,True,True
39304248,16.44000000,0.64000000,10.52160000,1664755353392,True,True
39304249,16.44000000,1.35000000,22.19400000,1664755353392,True,True
39304250,16.44000000,2.39000000,39.29160000,1664755353392,True,True
39304251,16.44000000,10.21000000,167.85240000,1664755353392,True,True
39304252,16.44000000,1.29000000,21.20760000,1664755353392,True,True
39304253,16.44000000,8.02000000,131.84880000,1664755353392,True,True
39304254,16.44000000,10.00000000,164.40000000,1664755353392,True,True
39304255,16.44000000,1.76000000,28.93440000,1664755353392,True,True
39304256,16.44000000,8.02000000,131.84880000,1664755353392,True,True
39304257,16.44000000,8.02000000,131.84880000,1664755353392,True,True
39304258,16.44000000,8.02000000,131.84880000,1664755353392,True,True
39304259,16.44000000,8.02000000,131.84880000,1664755353392,True,True
39304260,16.44000000,8.02000000,131.84880000,1664755353392,True,True
39304261,16.44000000,8.02000000,131.84880000,1664755353392,True,True
39304262,16.44000000,8.02000000,131.84880000,1664755353392,True,True
39304263,16.44000000,8.02000000,131.84880000,1664755353392,True,True
39304264,16.44000000,8.00000000,131.52000000,1664755353392,True,True
39304265,16.43000000,0.86000000,14.12980000,1664755353392,True,True
39304266,16.43000000,1.48000000,24.31640000,1664755353392,True,True
39304267,16.43000000,1.66000000,27.27380000,1664755353392,True,True
39304268,16.43000000,1.57000000,25.79510000,1664755353392,True,True
39304269,16.43000000,0.66000000,10.84380000,1664755353392,True,True
39304270,16.43000000,0.75000000,12.32250000,1664755353392,True,True
39304271,16.43000000,1.35000000,22.18050000,1664755353392,True,True
39304272,16.43000000,75.42000000,1239.15060000,1664755353392,True,True
39304273,16.43000000,0.61000000,10.02230000,1664755353392,True,True
39304274,16.43000000,55.00000000,903.65000000,1664755353392,True,True
39304275,16.43000000,20.21000000,332.05030000,1664755353392,True,True
39304276,16.43000000,10.56000000,173.50080000,1664755353392,True,True
39304277,16.43000000,1.08000000,17.74440000,1664755353392,True,True
39304278,16.43000000,3.04000000,49.94720000,1664755353392,True,True
39304279,16.43000000,4.20000000,69.00600000,1664755353392,True,True
39304280,16.43000000,5.40000000,88.72200000,1664755353392,True,True
39304281,16.43000000,2.66000000,43.70380000,1664755353392,True,True
39304282,16.43000000,1.72000000,28.25960000,1664755353392,True,True
39304283,16.43000000,1.87000000,30.72410000,1664755353392,True,True
39304284,16.43000000,8.15000000,133.90450000,1664755353392,True,True
39304285,16.43000000,14.57000000,239.38510000,1664755353392,True,True
39304286,16.43000000,22.86000000,375.58980000,1664755353392,True,True
39304287,16.43000000,45.96000000,755.12280000,1664755353392,True,True
39304288,16.42000000,0.69000000,11.32980000,1664755353392,True,True
39304289,16.42000000,1.22000000,20.03240000,1664755353392,True,True
39304290,16.42000000,0.63000000,10.34460000,1664755353392,True,True
39304291,16.42000000,2.91000000,47.78220000,1664755353392,True,True
39304292,16.42000000,0.75000000,12.31500000,1664755353392,True,True
39304293,16.42000000,1.69000000,27.74980000,1664755353392,True,True
39304294,16.42000000,0.66000000,10.83720000,1664755353392,True,True
39304295,16.42000000,5.71000000,93.75820000,1664755353392,True,True
39304296,16.42000000,0.48000000,7.88160000,1664755353392,True,True
39304297,16.43000000,89.71000000,1473.93530000,1664755353402,False,True
39304298,16.43000000,15.03000000,246.94290000,1664755353816,True,True
39304299,16.43000000,10.95000000,179.90850000,1664755353956,False,True
39304300,16.44000000,5.09000000,83.67960000,1664755354009,False,True
39304301,16.42000000,0.92000000,15.10640000,1664755357067,True,True
39304302,16.42000000,5.44000000,89.32480000,1664755357067,True,True
39304303,16.42000000,1.08000000,17.73360000,1664755357067,True,True
39304304,16.42000000,9.60000000,157.63200000,1664755357067,True,True
39304305,16.42000000,0.90000000,14.77800000,1664755357067,True,True
39304306,16.42000000,50.01000000,821.16420000,1664755357067,True,True
39304307,16.42000000,2.70000000,44.33400000,1664755357151,True,True
39304308,16.41000000,1.56000000,25.59960000,1664755358018,True,True
39304309,16.41000000,1.65000000,27.07650000,1664755358018,True,True
39304310,16.41000000,1.72000000,28.22520000,1664755358018,True,True
39304311,16.41000000,1.10000000,18.05100000,1664755358018,True,True
39304312,16.41000000,0.67000000,10.99470000,1664755358018,True,True
39304313,16.41000000,2.66000000,43.65060000,1664755358018,True,True
39304314,16.41000000,1.09000000,17.88690000,1664755358018,True,True
39304315,16.41000000,1.35000000,22.15350000,1664755358018,True,True
39304316,16.41000000,5.01000000,82.21410000,1664755358018,True,True
39304317,16.41000000,2.30000000,37.74300000,1664755358018,True,True
39304318,16.41000000,7.61000000,124.88010000,1664755358018,True,True
39304319,16.41000000,3.89000000,63.83490000,1664755358018,True,True
39304320,16.41000000,5.00000000,82.05000000,1664755358018,True,True
39304321,16.41000000,19.76000000,324.26160000,1664755358018,True,True
39304322,16.41000000,0.80000000,13.12800000,1664755358018,True,True
39304323,16.42000000,15.66000000,257.13720000,1664755358196,False,True
39304324,16.42000000,8.12000000,133.33040000,1664755358235,False,True
39304325,16.42000000,10.00000000,164.20000000,1664755358272,False,True
39304326,16.41000000,34.44000000,565.16040000,1664755358624,True,True
39304327,16.41000000,6.05000000,99.28050000,1664755358624,True,True
39304328,16.41000000,2.62000000,42.99420000,1664755358624,True,True
39304329,16.41000000,11.01000000,180.67410000,1664755358624,True,True
39304330,16.41000000,1.06000000,17.39460000,1664755358727,True,True
39304331,16.41000000,1.76000000,28.88160000,1664755358727,True,True
39304332,16.41000000,59.12000000,970.15920000,1664755358727,True,True
39304333,16.41000000,27.79000000,456.03390000,1664755359099,True,True
39304334,16.41000000,55.00000000,902.55000000,1664755359341,True,True
39304335,16.40000000,1.60000000,26.24000000,1664755359341,True,True
39304336,16.40000000,0.72000000,11.80800000,1664755359341,True,True
39304337,16.40000000,2.66000000,43.62400000,1664755359341,True,True
39304338,16.40000000,25.00000000,410.00000000,1664755359341,True,True
39304339,16.40000000,1.00000000,16.40000000,1664755359341,True,True
39304340,16.40000000,0.67000000,10.98800000,1664755359341,True,True
39304341,16.40000000,30.48000000,499.87200000,1664755359341,True,True
39304342,16.40000000,18.29000000,299.95600000,1664755359341,True,True
39304343,16.40000000,3.04000000,49.85600000,1664755359341,True,True
39304344,16.40000000,60.97000000,999.90800000,1664755359341,True,True
39304345,16.40000000,62.07000000,1017.94800000,1664755359341,True,True
39304346,16.40000000,0.61000000,10.00400000,1664755359341,True,True
39304347,16.40000000,0.97000000,15.90800000,1664755359341,True,True
39304348,16.40000000,0.73000000,11.97200000,1664755359341,True,True
39304349,16.40000000,1.40000000,22.96000000,1664755359341,True,True
39304350,16.40000000,0.67000000,10.98800000,1664755359341,True,True
39304351,16.40000000,104.90000000,1720.36000000,1664755359341,True,True
39304352,16.40000000,2.13000000,34.93200000,1664755359341,True,True
39304353,16.40000000,3.04000000,49.85600000,1664755359341,True,True
39304354,16.40000000,6.09000000,99.87600000,1664755359341,True,True
39304355,16.40000000,1.35000000,22.14000000,1664755359341,True,True
39304356,16.40000000,19.72000000,323.40800000,1664755359341,True,True
39304357,16.40000000,1.10000000,18.04000000,1664755359341,True,True
39304358,16.40000000,69.18000000,1134.55200000,1664755359341,True,True
39304359,16.40000000,56.21000000,921.84400000,1664755359341,True,True
39304360,16.40000000,1.79000000,29.35600000,1664755359341,True,True
39304361,16.40000000,10.00000000,164.00000000,1664755359341,True,True
39304362,16.40000000,0.65000000,10.66000000,1664755359341,True,True
39304363,16.40000000,0.61000000,10.00400000,1664755359341,True,True
39304364,16.40000000,24.43000000,400.65200000,1664755359341,True,True
39304365,16.40000000,5.00000000,82.00000000,1664755359341,True,True
39304366,16.40000000,16.37000000,268.46800000,1664755359341,True,True
39304367,16.40000000,38.63000000,633.53200000,1664755359346,True,True
39304368,16.40000000,1.00000000,16.40000000,1664755359346,True,True
39304369,16.40000000,6.10000000,100.04000000,1664755359346,True,True
39304370,16.40000000,108.87000000,1785.46800000,1664755359346,True,True
39304371,16.40000000,32.46000000,532.34400000,1664755359346,True,True
39304372,16.40000000,0.61000000,10.00400000,1664755359346,True,True
39304373,16.40000000,1.00000000,16.40000000,1664755359346,True,True
39304374,16.40000000,10.87000000,178.26800000,1664755359346,True,True
39304375,16.40000000,23.13000000,379.33200000,1664755359347,True,True
39304376,16.40000000,37.35000000,612.54000000,1664755359347,True,True
39304377,16.40000000,23.40000000,383.76000000,1664755359348,True,True
39304378,16.40000000,10.00000000,164.00000000,1664755359348,True,True
39304379,16.40000000,10.00000000,164.00000000,1664755359348,True,True
39304380,16.39000000,3.39000000,55.56210000,1664755359351,True,True
39304381,16.39000000,1.62000000,26.55180000,1664755359351,True,True
39304382,16.39000000,0.67000000,10.98130000,1664755359351,True,True
39304383,16.39000000,1.85000000,30.32150000,1664755359351,True,True
39304384,16.39000000,5.97000000,97.84830000,1664755359351,True,True
39304385,16.39000000,2.97000000,48.67830000,1664755359351,True,True
39304386,16.39000000,1.35000000,22.12650000,1664755359351,True,True
39304387,16.39000000,0.62000000,10.16180000,1664755359351,True,True
39304388,16.39000000,0.63000000,10.32570000,1664755359351,True,True
39304389,16.39000000,11.17000000,183.07630000,1664755359351,True,True
39304390,16.39000000,4.80000000,78.67200000,1664755359353,True,True
39304391,16.39000000,39.03000000,639.70170000,1664755359359,True,True
39304392,16.39000000,7.52000000,123.25280000,1664755359359,True,True
39304393,16.39000000,3.24000000,53.10360000,1664755359371,True,True
39304394,16.39000000,1.46000000,23.92940000,1664755359371,True,True
39304395,16.39000000,158.99000000,2605.84610000,1664755359371,True,True
39304396,16.39000000,1.08000000,17.70120000,1664755359371,True,True
39304397,16.39000000,12.00000000,196.68000000,1664755359371,True,True
39304398,16.39000000,4.20000000,68.83800000,1664755359371,True,True
39304399,16.39000000,10.56000000,173.07840000,1664755359371,True,True
39304400,16.39000000,5.55000000,90.96450000,1664755359382,True,True
39304401,16.40000000,1.24000000,20.33600000,1664755359552,False,True
39304402,16.39000000,25.00000000,409.75000000,1664755359708,True,True
39304403,16.39000000,55.86000000,915.54540000,1664755359732,True,True
39304404,16.38000000,0.69000000,11.30220000,1664755359732,True,True
39304405,16.38000000,1.34000000,21.94920000,1664755359732,True,True
39304406,16.38000000,2.42000000,39.63960000,1664755359732,True,True
39304407,16.38000000,1.60000000,26.20800000,1664755359732,True,True
39304408,16.38000000,9.58000000,156.92040000,1664755359732,True,True
39304409,16.38000000,6.12000000,100.24560000,1664755359732,True,True
39304410,16.38000000,0.67000000,10.97460000,1664755359732,True,True
39304411,16.38000000,0.62000000,10.15560000,1664755359732,True,True
39304412,16.38000000,1.00000000,16.38000000,1664755359732,True,True
39304413,16.38000000,0.70000000,11.46600000,1664755359732,True,True
39304414,16.38000000,1.30000000,21.29400000,1664755359732,True,True
39304415,16.38000000,1.35000000,22.11300000,1664755359732,True,True
39304416,16.38000000,4.04000000,66.17520000,1664755359732,True,True
39304417,16.38000000,0.62000000,10.15560000,1664755359732,True,True
39304418,16.38000000,12.09000000,198.03420000,1664755359732,True,True
39304419,16.38000000,20.14000000,329.89320000,1664755360417,True,True
39304420,16.38000000,120.59000000,1975.26420000,1664755360628,True,True
39304421,16.38000000,120.59000000,1975.26420000,1664755360629,True,True
39304422,16.38000000,55.00000000,900.90000000,1664755360630,True,True
39304423,16.38000000,37.17000000,608.84460000,1664755360633,True,True
39304424,16.38000000,7.42000000,121.53960000,1664755360649,True,True
39304425,16.38000000,0.92000000,15.06960000,1664755360649,True,True
39304426,16.38000000,1.44000000,23.58720000,1664755360649,True,True
39304427,16.38000000,8.04000000,131.69520000,1664755360649,True,True
39304428,16.38000000,80.28000000,1314.98640000,1664755360649,True,True
39304429,16.38000000,8.04000000,131.69520000,1664755360649,True,True
39304430,16.38000000,8.04000000,131.69520000,1664755360649,True,True
39304431,16.38000000,8.04000000,131.69520000,1664755360649,True,True
39304432,16.38000000,8.04000000,131.69520000,1664755360649,True,True
39304433,16.38000000,8.04000000,131.69520000,1664755360649,True,True
39304434,16.38000000,8.04000000,131.69520000,1664755360649,True,True
39304435,16.38000000,8.04000000,131.69520000,1664755360649,True,True
39304436,16.38000000,8.04000000,131.69520000,1664755360649,True,True
39304437,16.38000000,8.03000000,131.53140000,1664755360649,True,True
39304438,16.37000000,0.69000000,11.29530000,1664755360954,True,True
39304439,16.37000000,0.64000000,10.47680000,1664755360954,True,True
39304440,16.37000000,1.28000000,20.95360000,1664755360954,True,True
39304441,16.37000000,1.22000000,19.97140000,1664755360954,True,True
39304442,16.37000000,3.00000000,49.11000000,1664755360954,True,True
39304443,16.37000000,0.67000000,10.96790000,1664755360954,True,True
39304444,16.37000000,1.42000000,23.24540000,1664755360954,True,True
39304445,16.37000000,0.71000000,11.62270000,1664755360954,True,True
39304446,16.37000000,6.10000000,99.85700000,1664755360954,True,True
39304447,16.37000000,1.40000000,22.91800000,1664755360954,True,True
39304448,16.37000000,1.03000000,16.86110000,1664755360954,True,True
39304449,16.37000000,0.64000000,10.47680000,1664755360954,True,True
39304450,16.37000000,15.83000000,259.13710000,1664755360954,True,True
39304451,16.37000000,1.77000000,28.97490000,1664755360954,True,True
39304452,16.37000000,26.45000000,432.98650000,1664755360954,True,True
39304453,16.37000000,25.00000000,409.25000000,1664755360955,True,True
39304454,16.37000000,16.62000000,272.06940000,1664755361191,True,True
39304455,16.37000000,3.61000000,59.09570000,1664755361191,True,True
39304456,16.37000000,0.63000000,10.31310000,1664755361191,True,True
39304457,16.37000000,3.05000000,49.92850000,1664755361191,True,True
39304458,16.37000000,12.19000000,199.55030000,1664755361191,True,True
39304459,16.37000000,5.40000000,88.39800000,1664755361775,True,True
39304460,16.36000000,0.96000000,15.70560000,1664755361775,True,True
39304461,16.36000000,0.78000000,12.76080000,1664755361775,True,True
39304462,16.36000000,0.67000000,10.96120000,1664755361775,True,True
39304463,16.36000000,15.00000000,245.40000000,1664755361775,True,True
39304464,16.36000000,0.62000000,10.14320000,1664755361775,True,True
39304465,16.36000000,1.35000000,22.08600000,1664755361775,True,True
39304466,16.36000000,0.90000000,14.72400000,1664755361775,True,True
39304467,16.36000000,11.29000000,184.70440000,1664755361775,True,True
39304468,16.38000000,11.74000000,192.30120000,1664755361927,False,True
39304469,16.37000000,0.79000000,12.93230000,1664755362014,False,True
39304470,16.37000000,4.12000000,67.44440000,1664755362267,False,True
39304471,16.37000000,2.40000000,39.28800000,1664755362592,False,True
39304472,16.37000000,13.10000000,214.44700000,1664755362703,False,True
39304473,16.37000000,16.54000000,270.75980000,1664755362706,False,True
39304474,16.37000000,18.68000000,305.79160000,1664755362708,False,True
39304475,16.37000000,6.38000000,104.44060000,1664755362709,False,True
39304476,16.37000000,9.07000000,148.47590000,1664755362709,False,True
39304477,16.37000000,41.50000000,679.35500000,1664755363702,False,True
39304478,16.37000000,1.09000000,17.84330000,1664755363702,False,True
39304479,16.37000000,1.09000000,17.84330000,1664755363702,False,True
39304480,16.37000000,10.71000000,175.32270000,1664755363702,False,True
39304481,16.37000000,22.86000000,374.21820000,1664755363702,False,True
39304482,16.37000000,5.52000000,90.36240000,1664755363702,False,True
39304483,16.37000000,73.09000000,1196.48330000,1664755363702,False,True
39304484,16.37000000,8.68000000,142.09160000,1664755363703,False,True
39304485,16.37000000,85.47000000,1399.14390000,1664755363703,False,True
39304486,16.37000000,3.31000000,54.18470000,1664755363703,False,True
39304487,16.37000000,91.61000000,1499.65570000,1664755364366,False,True
39304488,16.37000000,10.38000000,169.92060000,1664755364366,False,True
39304489,16.36000000,1.09000000,17.83240000,1664755365175,True,True
39304490,16.36000000,1.09000000,17.83240000,1664755365177,True,True
39304491,16.36000000,86.53000000,1415.63080000,1664755365284,True,True
39304492,16.36000000,0.90000000,14.72400000,1664755365284,True,True
39304493,16.36000000,0.62000000,10.14320000,1664755365284,True,True
39304494,16.36000000,2.38000000,38.93680000,1664755365284,True,True
39304495,16.36000000,72.06000000,1178.90160000,1664755365335,True,True
39304496,16.36000000,10.00000000,163.60000000,1664755365549,True,True
39304497,16.36000000,1.65000000,26.99400000,1664755365778,True,True
39304498,16.36000000,86.48000000,1414.81280000,1664755365792,True,True
39304499,16.36000000,10.00000000,163.60000000,1664755365948,True,True
39304500,16.36000000,90.03000000,1472.89080000,1664755365994,True,True
39304501,16.36000000,11.44000000,187.15840000,1664755366131,True,True
39304502,16.36000000,74.44000000,1217.83840000,1664755366162,True,True
39304503,16.36000000,70.90000000,1159.92400000,1664755366292,True,True
39304504,16.37000000,48.52000000,794.27240000,1664755366623,False,True
39304505,16.37000000,24.76000000,405.32120000,1664755367930,False,True
39304506,16.37000000,1.00000000,16.37000000,1664755367930,False,True
39304507,16.37000000,1.76000000,28.81120000,1664755367930,False,True
39304508,16.37000000,10.07000000,164.84590000,1664755367930,False,True
39304509,16.37000000,10.56000000,172.86720000,1664755367930,False,True
39304510,16.37000000,30.27000000,495.51990000,1664755367930,False,True
39304511,16.37000000,10.00000000,163.70000000,1664755367930,False,True
39304512,16.37000000,5.59000000,91.50830000,1664755367930,False,True
39304513,16.37000000,8.97000000,146.83890000,1664755367930,False,True
39304514,16.36000000,0.62000000,10.14320000,1664755368047,True,True
39304515,16.37000000,3.05000000,49.92850000,1664755369271,False,True
39304516,16.37000000,1.09000000,17.84330000,1664755369271,False,True
39304517,16.37000000,2.70000000,44.19900000,1664755369271,False,True
39304518,16.38000000,40.16000000,657.82080000,1664755370568,False,True
39304519,16.38000000,3.10000000,50.77800000,1664755370627,False,True
39304520,16.38000000,19.29000000,315.97020000,1664755370627,False,True
39304521,16.38000000,35.71000000,584.92980000,1664755370631,False,True
39304522,16.38000000,18.41000000,301.55580000,1664755370631,False,True
39304523,16.38000000,0.97000000,15.88860000,1664755370631,False,True
39304524,16.38000000,9.59000000,157.08420000,1664755370643,False,True
39304525,16.38000000,5.50000000,90.09000000,1664755370643,False,True
39304526,16.38000000,26.00000000,425.88000000,1664755370643,False,True
39304527,16.38000000,41.09000000,673.05420000,1664755370669,True,True
39304528,16.38000000,22.86000000,374.44680000,1664755370671,True,True
39304529,16.38000000,26.00000000,425.88000000,1664755370695,False,True
39304530,16.39000000,55.00000000,901.45000000,1664755370877,False,True
39304531,16.39000000,29.00000000,475.31000000,1664755370877,False,True
39304532,16.39000000,11.75000000,192.58250000,1664755371050,False,True
39304533,16.39000000,15.25000000,249.94750000,1664755371058,False,True
39304534,16.39000000,5.60000000,91.78400000,1664755371058,False,True
39304535,16.39000000,1.08000000,17.70120000,1664755371058,False,True
39304536,16.39000000,3.05000000,49.98950000,1664755371058,False,True
39304537,16.39000000,61.88000000,1014.21320000,1664755371058,False,True
39304538,16.39000000,10.00000000,163.90000000,1664755371219,False,True
39304539,16.39000000,0.16000000,2.62240000,1664755371219,False,True
39304540,16.39000000,1.76000000,28.84640000,1664755371335,False,True
39304541,16.39000000,22.70000000,372.05300000,1664755371416,False,True
39304542,16.39000000,48.78000000,799.50420000,1664755371416,False,True
39304543,16.39000000,0.62000000,10.16180000,1664755371436,True,True
39304544,16.39000000,31.87000000,522.34930000,1664755371745,True,True
39304545,16.39000000,6.16000000,100.96240000,1664755371766,True,True
39304546,16.39000000,6.36000000,104.24040000,1664755371893,True,True
39304547,16.39000000,4.99000000,81.78610000,1664755371939,True,True
39304548,16.38000000,2.70000000,44.22600000,1664755371939,True,True
39304549,16.38000000,14.55000000,238.32900000,1664755371939,True,True
39304550,16.38000000,5.60000000,91.72800000,1664755371939,True,True
39304551,16.38000000,48.78000000,799.01640000,1664755371939,True,True
39304552,16.38000000,1.38000000,22.60440000,1664755371939,True,True
39304553,16.39000000,12.66000000,207.49740000,1664755372032,False,True
39304554,16.39000000,23.46000000,384.50940000,1664755372041,False,True
39304555,16.39000000,1.00000000,16.39000000,1664755373089,True,True
39304556,16.39000000,0.75000000,12.29250000,1664755373932,True,True
39304557,16.40000000,20.00000000,328.00000000,1664755374115,False,True
39304558,16.40000000,20.00000000,328.00000000,1664755374125,False,True
39304559,16.40000000,13.76000000,225.66400000,1664755374141,False,True
39304560,16.40000000,10.56000000,173.18400000,1664755374141,False,True
39304561,16.40000000,35.68000000,585.15200000,1664755374141,False,True
39304562,16.40000000,75.57000000,1239.34800000,1664755374733,False,True
39304563,16.40000000,161.35000000,2646.14000000,1664755374735,False,True
39304564,16.41000000,55.00000000,902.55000000,1664755375030,False,True
39304565,16.41000000,4.13000000,67.77330000,1664755375030,False,True
39304566,16.41000000,2.80000000,45.94800000,1664755375030,False,True
39304567,16.41000000,55.84000000,916.33440000,1664755375038,False,True
39304568,16.41000000,3.71000000,60.88110000,1664755375038,False,True
39304569,16.41000000,6.85000000,112.40850000,1664755375049,False,True
39304570,16.41000000,12.07000000,198.06870000,1664755375049,False,True
39304571,16.41000000,21.99000000,360.85590000,1664755375049,False,True
39304572,16.42000000,37.47000000,615.25740000,1664755375269,False,True
39304573,16.42000000,10.28000000,168.79760000,1664755375332,False,True
39304574,16.42000000,7.25000000,119.04500000,1664755375343,False,True
39304575,16.42000000,0.69000000,11.32980000,1664755375343,False,True
39304576,16.42000000,1.40000000,22.98800000,1664755375343,False,True
39304577,16.42000000,4.33000000,71.09860000,1664755375343,False,True
39304578,16.42000000,3.96000000,65.02320000,1664755375352,False,True
39304579,16.42000000,1.76000000,28.89920000,1664755375352,False,True
39304580,16.42000000,0.30000000,4.92600000,1664755375352,False,True
39304581,16.42000000,9.70000000,159.27400000,1664755375449,False,True
39304582,16.42000000,3.04000000,49.91680000,1664755375449,False,True
39304583,16.42000000,15.36000000,252.21120000,1664755375449,False,True
39304584,16.42000000,4.64000000,76.18880000,1664755375459,False,True
39304585,16.43000000,4.64000000,76.23520000,1664755375460,False,True
39304586,16.42000000,11.39000000,187.02380000,1664755375751,True,True
39304587,16.42000000,20.42000000,335.29640000,1664755375751,True,True
39304588,16.43000000,0.80000000,13.14400000,1664755376464,False,True
39304589,16.43000000,10.94000000,179.74420000,1664755376603,False,True
39304590,16.42000000,59.69000000,980.10980000,1664755377024,True,True
39304591,16.42000000,265.62000000,4361.48040000,1664755377047,True,True
39304592,16.42000000,39.24000000,644.32080000,1664755377047,True,True
39304593,16.42000000,11.40000000,187.18800000,1664755377116,False,True
39304594,16.42000000,6.97000000,114.44740000,1664755377116,False,True
39304595,16.42000000,86.41000000,1418.85220000,1664755377116,False,True
39304596,16.42000000,17.02000000,279.46840000,1664755377116,False,True
39304597,16.41000000,22.87000000,375.29670000,1664755377358,True,True
39304598,16.41000000,55.21000000,905.99610000,1664755377367,True,True
39304599,16.41000000,222.11000000,3644.82510000,1664755377374,True,True
39304600,16.41000000,55.21000000,905.99610000,1664755377383,True,True
39304601,16.41000000,9.37000000,153.76170000,1664755379763,False,True
39304602,16.41000000,10.07000000,165.24870000,1664755379763,False,True
39304603,16.41000000,12.18000000,199.87380000,1664755380061,False,True
39304604,16.41000000,90.38000000,1483.13580000,1664755381783,True,True
39304605,16.41000000,58.33000000,957.19530000,1664755381869,True,True
39304606,16.41000000,32.72000000,536.93520000,1664755381969,True,True
39304607,16.40000000,20.00000000,328.00000000,1664755383350,True,True
39304608,16.40000000,20.00000000,328.00000000,1664755383355,True,True
39304609,16.40000000,50.54000000,828.85600000,1664755383355,True,True
39304610,16.40000000,20.00000000,328.00000000,1664755383355,True,True
39304611,16.40000000,20.08000000,329.31200000,1664755383358,True,True
39304612,16.40000000,18.24000000,299.13600000,1664755385352,True,True
39304613,16.40000000,1.76000000,28.86400000,1664755385352,True,True
39304614,16.40000000,22.85000000,374.74000000,1664755385352,True,True
39304615,16.39000000,36.12000000,592.00680000,1664755385352,True,True
39304616,16.39000000,4.20000000,68.83800000,1664755385352,True,True
39304617,16.39000000,36.92000000,605.11880000,1664755385352,True,True
39304618,16.39000000,3.05000000,49.98950000,1664755385352,True,True
39304619,16.39000000,10.00000000,163.90000000,1664755385352,True,True
39304620,16.39000000,29.11000000,477.11290000,1664755385352,True,True
39304621,16.39000000,12.95000000,212.25050000,1664755385352,True,True
39304622,16.40000000,34.27000000,562.02800000,1664755387604,True,True
39304623,16.40000000,6.18000000,101.35200000,1664755387604,True,True
39304624,16.40000000,63.46000000,1040.74400000,1664755388352,True,True
39304625,16.40000000,10.56000000,173.18400000,1664755390846,False,True
39304626,16.40000000,5.59000000,91.67600000,1664755390846,False,True
39304627,16.40000000,1.35000000,22.14000000,1664755391118,False,True
39304628,16.41000000,0.63000000,10.33830000,1664755397152,False,True
39304629,16.41000000,0.35000000,5.74350000,1664755397152,False,True
39304630,16.41000000,10.00000000,164.10000000,1664755402586,False,True
39304631,16.41000000,12.07000000,198.06870000,1664755402586,False,True
39304632,16.41000000,1.76000000,28.88160000,1664755402586,False,True
39304633,16.41000000,9.40000000,154.25400000,1664755402586,False,True
39304634,16.42000000,16.06000000,263.70520000,1664755403519,False,True
39304635,16.42000000,2.70000000,44.33400000,1664755403519,False,True
39304636,16.42000000,14.56000000,239.07520000,1664755403519,False,True
39304637,16.42000000,0.83000000,13.62860000,1664755403519,False,True
39304638,16.42000000,10.61000000,174.21620000,1664755403532,False,True
39304639,16.42000000,2.70000000,44.33400000,1664755403532,False,True
39304640,16.42000000,7.33000000,120.35860000,1664755403632,False,True
39304641,16.42000000,1.35000000,22.16700000,1664755403632,False,True
39304642,16.42000000,2.11000000,34.64620000,1664755403632,False,True
39304643,16.42000000,8.45000000,138.74900000,1664755403683,False,True
39304644,16.42000000,1.30000000,21.34600000,1664755403683,False,True
39304645,16.42000000,1.74000000,28.57080000,1664755403690,False,True
39304646,16.42000000,1.08000000,17.73360000,1664755403690,False,True
39304647,16.42000000,3.59000000,58.94780000,1664755403690,False,True
39304648,16.42000000,8.83000000,144.98860000,1664755403692,False,True
39304649,16.42000000,2.12000000,34.81040000,1664755403699,False,True
39304650,16.42000000,10.16000000,166.82720000,1664755403699,False,True
39304651,16.42000000,6.29000000,103.28180000,1664755403701,False,True
39304652,16.42000000,17.35000000,284.88700000,1664755403705,False,True
39304653,16.42000000,5.33000000,87.51860000,1664755403707,False,True
39304654,16.42000000,3.04000000,49.91680000,1664755403723,False,True
39304655,16.43000000,0.89000000,14.62270000,1664755405441,False,True
39304656,16.43000000,12.18000000,200.11740000,1664755405503,False,True
39304657,16.42000000,17.65000000,289.81300000,1664755407104,True,True
39304658,16.42000000,55.00000000,903.10000000,1664755407104,True,True
39304659,16.42000000,2.70000000,44.33400000,1664755407104,True,True
39304660,16.42000000,11.46000000,188.17320000,1664755407104,True,True
39304661,16.42000000,0.73000000,11.98660000,1664755407104,True,True
39304662,16.42000000,50.00000000,821.00000000,1664755407123,True,True
39304663,16.42000000,0.64000000,10.50880000,1664755407123,True,True
39304664,16.41000000,11.13000000,182.64330000,1664755410163,False,True
39304665,16.41000000,2.70000000,44.30700000,1664755410163,False,True
39304666,16.41000000,20.09000000,329.67690000,1664755411797,True,True
39304667,16.41000000,8.28000000,135.87480000,1664755412829,True,True
39304668,16.41000000,50.00000000,820.50000000,1664755412829,True,True
39304669,16.40000000,0.80000000,13.12000000,1664755415553,True,True
39304670,16.41000000,13.79000000,226.29390000,1664755418674,False,True
39304671,16.41000000,24.80000000,406.96800000,1664755418674,False,True
39304672,16.41000000,24.80000000,406.96800000,1664755419874,True,True
39304673,16.41000000,28.32000000,464.73120000,1664755419874,True,True
39304674,16.41000000,12.53000000,205.61730000,1664755422726,True,True
39304675,16.41000000,2.70000000,44.30700000,1664755422726,True,True
39304676,16.41000000,2.74000000,44.96340000,1664755422726,True,True
39304677,16.41000000,21.64000000,355.11240000,1664755422728,True,True
39304678,16.41000000,2.74000000,44.96340000,1664755422743,True,True
39304679,16.41000000,2.74000000,44.96340000,1664755422755,True,True
39304680,16.41000000,1.68000000,27.56880000,1664755423115,True,True
39304681,16.42000000,0.73000000,11.98660000,1664755424422,False,True
39304682,16.42000000,10.56000000,173.39520000,1664755429659,False,True
39304683,16.42000000,60.90000000,999.97800000,1664755429659,False,True
39304684,16.42000000,11.45000000,188.00900000,1664755429659,False,True
39304685,16.42000000,13.80000000,226.59600000,1664755429659,False,True
39304686,16.43000000,25.55000000,419.78650000,1664755429659,False,True
39304687,16.43000000,9.90000000,162.65700000,1664755429659,False,True
39304688,16.43000000,1.35000000,22.18050000,1664755429659,False,True
39304689,16.43000000,0.88000000,14.45840000,1664755429659,False,True
39304690,16.43000000,0.93000000,15.27990000,1664755429659,False,True
39304691,16.43000000,12.07000000,198.31010000,1664755429659,False,True
39304692,16.43000000,0.90000000,14.78700000,1664755429659,False,True
39304693,16.43000000,11.41000000,187.46630000,1664755429659,False,True
39304694,16.43000000,55.00000000,903.65000000,1664755429659,False,True
39304695,16.43000000,1.43000000,23.49490000,1664755429659,False,True
39304696,16.43000000,7.93000000,130.28990000,1664755429659,False,True
39304697,16.43000000,15.30000000,251.37900000,1664755429659,False,True
39304698,16.43000000,10.56000000,173.50080000,1664755429659,False,True
39304699,16.43000000,152.21000000,2500.81030000,1664755429659,False,True
39304700,16.43000000,22.89000000,376.08270000,1664755429659,False,True
39304701,16.43000000,20.00000000,328.60000000,1664755429659,False,True
39304702,16.43000000,13.80000000,226.73400000,1664755429659,False,True
39304703,16.43000000,14.56000000,239.22080000,1664755429659,False,True
39304704,16.43000000,38.43000000,631.40490000,1664755429659,False,True
39304705,16.43000000,1.28000000,21.03040000,1664755429659,False,True
39304706,16.44000000,0.64000000,10.52160000,1664755429667,False,True
39304707,16.43000000,590.46000000,9701.25780000,1664755429671,True,True
39304708,16.42000000,0.80000000,13.13600000,1664755429680,True,True
39304709,16.42000000,45.75000000,751.21500000,1664755432148,True,True
39304710,16.42000000,24.38000000,400.31960000,1664755432148,True,True
39304711,16.42000000,0.64000000,10.50880000,1664755432148,True,True
39304712,16.42000000,6.25000000,102.62500000,1664755433132,True,True
39304713,16.42000000,15.50000000,254.51000000,1664755433215,True,True
39304714,16.42000000,2.63000000,43.18460000,1664755435509,True,True
39304715,16.42000000,21.75000000,357.13500000,1664755435675,True,True
39304716,16.42000000,2.63000000,43.18460000,1664755437327,True,True
39304717,16.42000000,2.63000000,43.18460000,1664755437334,True,True
39304718,16.42000000,14.56000000,239.07520000,1664755437337,True,True
39304719,16.42000000,2.70000000,44.33400000,1664755439918,False,True
39304720,16.42000000,17.28000000,283.73760000,1664755439918,False,True
39304721,16.42000000,22.86000000,375.36120000,1664755440473,False,True
39304722,16.42000000,23.29000000,382.42180000,1664755441778,True,True
39304723,16.42000000,15.23000000,250.07660000,1664755443393,False,True
39304724,16.42000000,55.00000000,903.10000000,1664755443393,False,True
39304725,16.42000000,1.09000000,17.89780000,1664755443393,False,True
39304726,16.42000000,1.09000000,17.89780000,1664755443393,False,True
39304727,16.42000000,5.50000000,90.31000000,1664755443393,False,True
39304728,16.42000000,10.06000000,165.18520000,1664755443393,False,True
39304729,16.42000000,126.93000000,2084.19060000,1664755443393,False,True
39304730,16.42000000,1.11000000,18.22620000,1664755443393,False,True
39304731,16.42000000,1.11000000,18.22620000,1664755443393,False,True
39304732,16.43000000,68.11000000,1119.04730000,1664755443393,False,True
39304733,16.43000000,19.22000000,315.78460000,1664755443393,False,True
39304734,16.42000000,40.89000000,671.41380000,1664755443446,True,True
39304735,16.41000000,15.50000000,254.35500000,1664755443488,True,True
39304736,16.42000000,22.86000000,375.36120000,1664755446468,True,True
39304737,16.42000000,2.40000000,39.40800000,1664755447704,False,True
39304738,16.42000000,1.39000000,22.82380000,1664755450013,True,True
39304739,16.42000000,4.68000000,76.84560000,1664755458153,True,True
39304740,16.43000000,1.76000000,28.91680000,1664755461219,False,True
39304741,16.43000000,1.27000000,20.86610000,1664755461219,False,True
39304742,16.41000000,2.70000000,44.30700000,1664755483161,True,True
39304743,16.41000000,0.81000000,13.29210000,1664755483161,True,True
39304744,16.42000000,3.93000000,64.53060000,1664755489409,False,True
39304745,16.41000000,24.38000000,400.07580000,1664755491996,True,True
39304746,16.41000000,1.10000000,18.05100000,1664755491996,True,True
39304747,16.41000000,1.76000000,28.88160000,1664755491996,True,True
39304748,16.41000000,16.57000000,271.91370000,1664755491996,True,True
39304749,16.41000000,2.70000000,44.30700000,1664755496504,False,True
39304750,16.41000000,17.28000000,283.56480000,1664755496504,False,True
39304751,16.41000000,38.04000000,624.23640000,1664755523858,False,True
39304752,16.41000000,1.57000000,25.76370000,1664755523868,False,True
39304753,16.41000000,60.93000000,999.86130000,1664755523868,False,True
39304754,16.41000000,38.04000000,624.23640000,1664755527866,True,True
39304755,16.41000000,21.65000000,355.27650000,1664755527866,True,True
39304756,16.42000000,16.46000000,270.27320000,1664755531133,False,True
39304757,16.42000000,0.07000000,1.14940000,1664755533659,False,True
39304758,16.42000000,9.25000000,151.88500000,1664755533659,False,True
39304759,16.42000000,7.32000000,120.19440000,1664755533659,False,True
39304760,16.42000000,1.70000000,27.91400000,1664755533659,False,True
39304761,16.42000000,18.34000000,301.14280000,1664755533729,False,True
39304762,16.42000000,14.52000000,238.41840000,1664755533838,False,True
39304763,16.42000000,22.48000000,369.12160000,1664755533838,False,True
39304764,16.42000000,37.00000000,607.54000000,1664755533940,False,True
39304765,16.42000000,1.42000000,23.31640000,1664755534536,False,True
39304766,16.42000000,8.04000000,132.01680000,1664755534536,False,True
39304767,16.42000000,1.90000000,31.19800000,1664755534536,False,True
39304768,16.42000000,9.73000000,159.76660000,1664755534550,False,True
39304769,16.42000000,6.95000000,114.11900000,1664755534559,False,True
39304770,16.42000000,5.75000000,94.41500000,1664755534561,False,True
39304771,16.42000000,1.32000000,21.67440000,1664755534561,False,True
39304772,16.42000000,6.72000000,110.34240000,1664755534561,False,True
39304773,16.42000000,0.21000000,3.44820000,1664755534561,False,True
39304774,16.42000000,7.83000000,128.56860000,1664755534563,False,True
39304775,16.42000000,8.04000000,132.01680000,1664755534563,False,True
39304776,16.42000000,8.04000000,132.01680000,1664755534563,False,True
39304777,16.42000000,6.56000000,107.71520000,1664755534563,False,True
39304778,16.42000000,1.48000000,24.30160000,1664755534575,False,True
39304779,16.42000000,6.35000000,104.26700000,1664755534575,False,True
39304780,16.42000000,1.69000000,27.74980000,1664755534601,False,True
39304781,16.42000000,1.69000000,27.74980000,1664755534608,False,True
39304782,16.42000000,6.35000000,104.26700000,1664755534628,False,True
39304783,16.42000000,1.69000000,27.74980000,1664755534628,False,True
39304784,16.42000000,6.35000000,104.26700000,1664755534683,False,True
39304785,16.42000000,6.35000000,104.26700000,1664755534693,False,True
39304786,16.42000000,1.63000000,26.76460000,1664755534707,False,True
39304787,16.43000000,2.39000000,39.26770000,1664755540345,False,True
39304788,16.43000000,1.76000000,28.91680000,1664755540345,False,True
39304789,16.43000000,4.79000000,78.69970000,1664755540345,False,True
39304790,16.43000000,1.30000000,21.35900000,1664755540345,False,True
39304791,16.43000000,8.62000000,141.62660000,1664755540848,False,True
39304792,16.43000000,20.13000000,330.73590000,1664755540970,False,True
39304793,16.43000000,5.70000000,93.65100000,1664755545620,False,True
39304794,16.43000000,5.73000000,94.14390000,1664755545639,False,True
39304795,16.43000000,8.03000000,131.93290000,1664755545657,False,True
39304796,16.43000000,8.03000000,131.93290000,1664755545657,False,True
39304797,16.43000000,8.03000000,131.93290000,1664755545657,False,True
39304798,16.43000000,4.27000000,70.15610000,1664755545657,False,True
39304799,16.43000000,3.76000000,61.77680000,1664755545675,False,True
39304800,16.43000000,8.03000000,131.93290000,1664755545675,False,True
39304801,16.43000000,5.14000000,84.45020000,1664755545675,False,True
39304802,16.43000000,2.89000000,47.48270000,1664755545694,False,True
39304803,16.43000000,0.87000000,14.29410000,1664755545694,False,True
39304804,16.43000000,2.89000000,47.48270000,1664755545700,False,True
39304805,16.43000000,2.89000000,47.48270000,1664755545708,False,True
39304806,16.43000000,1.38000000,22.67340000,1664755545717,False,True
39304807,16.43000000,5.78000000,94.96540000,1664755545717,False,True
39304808,16.43000000,2.25000000,36.96750000,1664755545720,False,True
39304809,16.43000000,4.88000000,80.17840000,1664755545720,False,True
39304810,16.43000000,3.15000000,51.75450000,1664755545721,False,True
39304811,16.43000000,1.12000000,18.40160000,1664755545721,False,True
39304812,16.43000000,1.38000000,22.67340000,1664755545727,False,True
39304813,16.43000000,3.15000000,51.75450000,1664755545731,False,True
39304814,16.43000000,2.29000000,37.62470000,1664755545754,False,True
39304815,16.44000000,0.64000000,10.52160000,1664755545830,False,True
39304816,16.44000000,14.04000000,230.81760000,1664755548104,False,True
39304817,16.44000000,39.68000000,652.33920000,1664755550685,False,True
39304818,16.44000000,10.56000000,173.60640000,1664755550685,False,True
39304819,16.44000000,0.69000000,11.34360000,1664755550685,False,True
39304820,16.44000000,0.64000000,10.52160000,1664755550685,False,True
39304821,16.44000000,1.35000000,22.19400000,1664755550685,False,True
39304822,16.44000000,10.00000000,164.40000000,1664755550685,False,True
39304823,16.44000000,3.04000000,49.97760000,1664755550685,False,True
39304824,16.44000000,1.76000000,28.93440000,1664755550685,False,True
39304825,16.44000000,48.22000000,792.73680000,1664755550685,False,True
39304826,16.44000000,12.62000000,207.47280000,1664755550686,False,True
39304827,16.44000000,10.12000000,166.37280000,1664755550686,False,True
39304828,16.45000000,7.16000000,117.78200000,1664755550693,False,True
39304829,16.45000000,14.08000000,231.61600000,1664755550694,False,True
39304830,16.45000000,7.29000000,119.92050000,1664755550695,False,True
39304831,16.45000000,0.64000000,10.52800000,1664755550696,False,True
39304832,16.45000000,5.85000000,96.23250000,1664755550697,False,True
39304833,16.45000000,19.98000000,328.67100000,1664755550697,False,True
39304834,16.45000000,10.06000000,165.48700000,1664755550697,False,True
39304835,16.45000000,2.46000000,40.46700000,1664755550697,False,True
39304836,16.45000000,6.20000000,101.99000000,1664755551276,False,True
39304837,16.45000000,3.41000000,56.09450000,1664755551298,False,True
39304838,16.45000000,1.40000000,23.03000000,1664755551298,False,True
39304839,16.45000000,1.35000000,22.20750000,1664755551298,False,True
39304840,16.45000000,3.04000000,50.00800000,1664755551298,False,True
39304841,16.45000000,3.04000000,50.00800000,1664755551298,False,True
39304842,16.45000000,10.56000000,173.71200000,1664755551298,False,True
39304843,16.45000000,1.08000000,17.76600000,1664755551298,False,True
39304844,16.45000000,13.74000000,226.02300000,1664755551298,False,True
39304845,16.46000000,18.94000000,311.75240000,1664755551693,False,True
39304846,16.46000000,16.53000000,272.08380000,1664755551703,False,True
39304847,16.46000000,6.99000000,115.05540000,1664755552198,False,True
39304848,16.46000000,2.99000000,49.21540000,1664755552200,False,True
39304849,16.46000000,1.85000000,30.45100000,1664755552200,False,True
39304850,16.46000000,2.17000000,35.71820000,1664755552200,False,True
39304851,16.45000000,5.20000000,85.54000000,1664755552687,True,True
39304852,16.45000000,16.05000000,264.02250000,1664755552959,True,True
39304853,16.45000000,41.45000000,681.85250000,1664755552959,True,True
39304854,16.45000000,80.00000000,1316.00000000,1664755552973,True,True
39304855,16.45000000,5.31000000,87.34950000,1664755552973,True,True
39304856,16.45000000,109.85000000,1807.03250000,1664755552974,True,True
39304857,16.45000000,3.04000000,50.00800000,1664755553878,False,True
39304858,16.45000000,11.90000000,195.75500000,1664755569431,False,True
39304859,16.45000000,5.50000000,90.47500000,1664755569431,False,True
39304860,16.45000000,0.90000000,14.80500000,1664755569431,False,True
39304861,16.45000000,0.61000000,10.03450000,1664755576290,True,True
39304862,16.45000000,19.39000000,318.96550000,1664755576290,True,True
39304863,16.44000000,1.76000000,28.93440000,1664755588147,True,True
39304864,16.44000000,8.10000000,133.16400000,1664755588147,True,True
39304865,16.43000000,5.40000000,88.72200000,1664755596469,True,True
39304866,16.43000000,10.00000000,164.30000000,1664755596469,True,True
39304867,16.43000000,1.76000000,28.91680000,1664755596469,True,True
39304868,16.43000000,2.70000000,44.36100000,1664755596469,True,True
39304869,16.43000000,3.48000000,57.17640000,1664755596469,True,True
39304870,16.42000000,24.40000000,400.64800000,1664755597711,True,True
39304871,16.42000000,4.20000000,68.96400000,1664755597711,True,True
39304872,16.42000000,3.54000000,58.12680000,1664755597711,True,True
39304873,16.42000000,1.08000000,17.73360000,1664755597711,True,True
39304874,16.42000000,23.27000000,382.09340000,1664755597711,True,True
39304875,16.42000000,11.64000000,191.12880000,1664755597711,True,True
39304876,16.41000000,10.56000000,173.28960000,1664755613319,True,True
39304877,16.41000000,12.07000000,198.06870000,1664755613319,True,True
39304878,16.41000000,1.35000000,22.15350000,1664755613319,True,True
39304879,16.41000000,3.19000000,52.34790000,1664755613319,True,True
39304880,16.41000000,2.37000000,38.89170000,1664755613362,True,True
39304881,16.40000000,0.64000000,10.49600000,1664755614842,True,True
39304882,16.40000000,10.56000000,173.18400000,1664755614861,True,True
39304883,16.40000000,1.34000000,21.97600000,1664755614861,True,True
39304884,16.40000000,1.35000000,22.14000000,1664755614861,True,True
39304885,16.40000000,10.00000000,164.00000000,1664755614861,True,True
39304886,16.40000000,1.76000000,28.86400000,1664755614861,True,True
39304887,16.39000000,1.35000000,22.12650000,1664755616286,True,True
39304888,16.39000000,10.56000000,173.07840000,1664755616286,True,True
39304889,16.39000000,10.88000000,178.32320000,1664755616286,True,True
39304890,16.39000000,1.19000000,19.50410000,1664755616296,True,True
39304891,16.39000000,1.85000000,30.32150000,1664755616296,True,True
39304892,16.39000000,5.40000000,88.50600000,1664755616296,True,True
39304893,16.39000000,1.08000000,17.70120000,1664755616296,True,True
39304894,16.38000000,10.56000000,172.97280000,1664755619124,True,True
39304895,16.38000000,1.35000000,22.11300000,1664755619124,True,True
39304896,16.38000000,0.69000000,11.30220000,1664755619124,True,True
39304897,16.38000000,0.90000000,14.74200000,1664755619124,True,True
39304898,16.38000000,18.35000000,300.57300000,1664755619357,False,True
39304899,16.37000000,0.69000000,11.29530000,1664755619980,True,True
39304900,16.37000000,1.34000000,21.93580000,1664755619980,True,True
39304901,16.37000000,0.64000000,10.47680000,1664755619980,True,True
39304902,16.37000000,0.90000000,14.73300000,1664755619980,True,True
39304903,16.37000000,10.00000000,163.70000000,1664755619980,True,True
39304904,16.37000000,13.57000000,222.14090000,1664755619980,True,True
39304905,16.36000000,10.56000000,172.76160000,1664755620713,True,True
39304906,16.36000000,1.75000000,28.63000000,1664755620713,True,True
39304907,16.36000000,1.35000000,22.08600000,1664755620713,True,True
39304908,16.36000000,18.93000000,309.69480000,1664755620713,True,True
39304909,16.36000000,1.08000000,17.66880000,1664755620713,True,True
39304910,16.36000000,16.20000000,265.03200000,1664755620814,False,True
39304911,16.35000000,12.24000000,200.12400000,1664755622684,True,True
39304912,16.35000000,1.00000000,16.35000000,1664755622684,True,True
39304913,16.35000000,8.99000000,146.98650000,1664755622684,True,True
39304914,16.35000000,1.29000000,21.09150000,1664755622684,True,True
39304915,16.35000000,1.55000000,25.34250000,1664755622684,True,True
39304916,16.35000000,0.67000000,10.95450000,1664755622684,True,True
39304917,16.35000000,6.72000000,109.87200000,1664755622684,True,True
39304918,16.35000000,3.09000000,50.52150000,1664755622684,True,True
39304919,16.35000000,1.23000000,20.11050000,1664755622684,True,True
39304920,16.35000000,1.40000000,22.89000000,1664755622684,True,True
39304921,16.35000000,1.22000000,19.94700000,1664755622684,True,True
39304922,16.35000000,1.36000000,22.23600000,1664755622684,True,True
39304923,16.35000000,7.64000000,124.91400000,1664755622684,True,True
39304924,16.35000000,1.00000000,16.35000000,1664755622684,True,True
39304925,16.35000000,1.83000000,29.92050000,1664755622684,True,True
39304926,16.35000000,3.89000000,63.60150000,1664755622684,True,True
39304927,16.35000000,1.38000000,22.56300000,1664755622684,True,True
39304928,16.35000000,0.78000000,12.75300000,1664755622684,True,True
39304929,16.35000000,1.84000000,30.08400000,1664755622684,True,True
39304930,16.35000000,0.88000000,14.38800000,1664755622684,True,True
39304931,16.35000000,3.50000000,57.22500000,1664755622684,True,True
39304932,16.35000000,3.68000000,60.16800000,1664755624788,True,True
39304933,16.35000000,1.52000000,24.85200000,1664755624788,True,True
39304934,16.35000000,6.44000000,105.29400000,1664755624788,True,True
39304935,16.35000000,11.44000000,187.04400000,1664755624788,True,True
39304936,16.35000000,3.97000000,64.90950000,1664755624788,True,True
39304937,16.35000000,18.36000000,300.18600000,1664755624788,True,True
39304938,16.35000000,8.48000000,138.64800000,1664755624788,True,True
39304939,16.35000000,20.00000000,327.00000000,1664755624934,True,True
39304940,16.35000000,20.00000000,327.00000000,1664755624934,True,True
39304941,16.35000000,1.52000000,24.85200000,1664755624937,True,True
39304942,16.35000000,38.48000000,629.14800000,1664755624937,True,True
39304943,16.35000000,16.52000000,270.10200000,1664755624937,True,True
39304944,16.35000000,3.48000000,56.89800000,1664755624937,True,True
39304945,16.35000000,20.00000000,327.00000000,1664755624940,True,True
39304946,16.35000000,20.00000000,327.00000000,1664755624947,True,True
39304947,16.35000000,11.52000000,188.35200000,1664755624947,True,True
39304948,16.35000000,48.48000000,792.64800000,1664755624947,True,True
39304949,16.35000000,6.52000000,106.60200000,1664755624952,True,True
39304950,16.35000000,33.48000000,547.39800000,1664755624952,True,True
39304951,16.35000000,14.32000000,234.13200000,1664755624962,True,True
39304952,16.35000000,7.20000000,117.72000000,1664755624983,True,True
39304953,16.35000000,0.79000000,12.91650000,1664755624983,True,True
39304954,16.35000000,2.04000000,33.35400000,1664755625052,True,True
39304955,16.35000000,0.76000000,12.42600000,1664755625057,True,True
39304956,16.35000000,4.47000000,73.08450000,1664755625079,True,True
39304957,16.35000000,7.05000000,115.26750000,1664755625079,True,True
39304958,16.35000000,6.29000000,102.84150000,1664755625082,True,True
39304959,16.35000000,1.77000000,28.93950000,1664755625119,True,True
39304960,16.35000000,1.06000000,17.33100000,1664755625119,True,True
39304961,16.35000000,3.36000000,54.93600000,1664755625127,True,True
39304962,16.35000000,1.60000000,26.16000000,1664755625139,True,True
39304963,16.35000000,1.52000000,24.85200000,1664755625210,True,True
39304964,16.35000000,8.06000000,131.78100000,1664755625210,True,True
39304965,16.35000000,8.06000000,131.78100000,1664755625210,True,True
39304966,16.35000000,8.06000000,131.78100000,1664755625210,True,True
39304967,16.35000000,8.06000000,131.78100000,1664755625210,True,True
39304968,16.35000000,8.06000000,131.78100000,1664755625210,True,True
39304969,16.35000000,8.06000000,131.78100000,1664755625210,True,True
39304970,16.35000000,7.99000000,130.63650000,1664755625210,True,True
39304971,16.35000000,7.49000000,122.46150000,1664755625242,True,True
39304972,16.35000000,7.38000000,120.66300000,1664755625280,True,True
39304973,16.34000000,2.91000000,47.54940000,1664755626034,True,True
39304974,16.34000000,4.20000000,68.62800000,1664755626034,True,True
39304975,16.34000000,0.67000000,10.94780000,1664755626034,True,True
39304976,16.34000000,2.89000000,47.22260000,1664755626034,True,True
39304977,16.34000000,0.75000000,12.25500000,1664755626034,True,True
39304978,16.34000000,1.36000000,22.22240000,1664755626034,True,True
39304979,16.34000000,12.22000000,199.67480000,1664755626034,True,True
39304980,16.34000000,4.78000000,78.10520000,1664755626034,True,True
39304981,16.34000000,1.51000000,24.67340000,1664755626034,True,True
39304982,16.34000000,1.08000000,17.64720000,1664755626034,True,True
39304983,16.34000000,0.68000000,11.11120000,1664755626034,True,True
39304984,16.34000000,3.50000000,57.19000000,1664755626034,True,True
39304985,16.34000000,17.42000000,284.64280000,1664755626034,True,True
39304986,16.35000000,1.11000000,18.14850000,1664755626514,False,True
39304987,16.35000000,1.11000000,18.14850000,1664755626514,False,True
39304988,16.35000000,15.92000000,260.29200000,1664755626514,False,True
39304989,16.35000000,18.36000000,300.18600000,1664755626700,False,True
39304990,16.35000000,0.32000000,5.23200000,1664755626700,False,True
39304991,16.35000000,0.77000000,12.58950000,1664755626702,False,True
39304992,16.35000000,1.09000000,17.82150000,1664755626702,False,True
39304993,16.35000000,5.50000000,89.92500000,1664755626702,False,True
39304994,16.35000000,11.44000000,187.04400000,1664755626702,False,True
39304995,16.36000000,0.29000000,4.74440000,1664755626702,False,True
39304996,16.36000000,5.95000000,97.34200000,1664755626703,False,True
39304997,16.36000000,22.87000000,374.15320000,1664755626703,False,True
39304998,16.36000000,8.66000000,141.67760000,1664755626703,False,True
39304999,16.36000000,1.76000000,28.79360000,1664755627693,False,True
39305000,16.37000000,0.65000000,10.64050000,1664755628699,False,True
39305001,16.37000000,9.35000000,153.05950000,1664755628736,False,True
39305002,16.37000000,1.08000000,17.67960000,1664755628736,False,True
39305003,16.37000000,3.05000000,49.92850000,1664755628736,False,True
39305004,16.37000000,3.05000000,49.92850000,1664755628736,False,True
39305005,16.37000000,10.51000000,172.04870000,1664755628736,False,True
39305006,16.37000000,27.91000000,456.88670000,1664755628890,False,True
39305007,16.37000000,9.12000000,149.29440000,1664755628948,False,True
39305008,16.37000000,37.80000000,618.78600000,1664755628959,False,True
39305009,16.37000000,55.00000000,900.35000000,1664755630368,True,True
39305010,16.37000000,15.50000000,253.73500000,1664755630669,False,True
39305011,16.36000000,1.76000000,28.79360000,1664755630787,True,True
39305012,16.36000000,10.37000000,169.65320000,1664755630787,True,True
39305013,16.36000000,55.00000000,899.80000000,1664755631340,True,True
39305014,16.36000000,6.92000000,113.21120000,1664755631340,True,True
39305015,16.37000000,1.24000000,20.29880000,1664755632248,False,True
39305016,16.38000000,25.56000000,418.67280000,1664755634727,False,True
39305017,16.38000000,6.93000000,113.51340000,1664755634727,False,True
39305018,16.38000000,1.76000000,28.82880000,1664755634727,False,True
39305019,16.38000000,2.26000000,37.01880000,1664755634844,True,True
39305020,16.38000000,20.61000000,337.59180000,1664755634876,True,True
39305021,16.36000000,6.11000000,99.95960000,1664755636663,True,True
39305022,16.37000000,17.91000000,293.18670000,1664755638304,False,True
39305023,16.37000000,16.41000000,268.63170000,1664755638304,False,True
39305024,16.37000000,27.84000000,455.74080000,1664755640517,True,True
39305025,16.37000000,1.75000000,28.64750000,1664755641206,True,True
39305026,16.38000000,10.01000000,163.96380000,1664755641283,False,True
39305027,16.38000000,12.22000000,200.16360000,1664755641283,False,True
39305028,16.38000000,12.22000000,200.16360000,1664755641283,False,True
39305029,16.38000000,22.86000000,374.44680000,1664755641283,False,True
39305030,16.39000000,1.76000000,28.84640000,1664755643972,False,True
39305031,16.39000000,1.11000000,18.19290000,1664755643972,False,True
39305032,16.39000000,1.11000000,18.19290000,1664755643972,False,True
39305033,16.39000000,5.50000000,90.14500000,1664755643972,False,True
39305034,16.39000000,2.26000000,37.04140000,1664755644196,True,True
39305035,16.39000000,34.90000000,572.01100000,1664755644643,False,True
39305036,16.39000000,37.00000000,606.43000000,1664755645860,False,True
39305037,16.39000000,1.36000000,22.29040000,1664755650138,True,True
39305038,16.40000000,5.00000000,82.00000000,1664755652420,False,True
39305039,16.39000000,21.50000000,352.38500000,1664755654708,True,True
39305040,16.39000000,12.82000000,210.11980000,1664755654708,True,True
39305041,16.40000000,8.85000000,145.14000000,1664755662280,False,True
39305042,16.40000000,45.92000000,753.08800000,1664755662284,False,True
39305043,16.40000000,0.23000000,3.77200000,1664755662290,False,True
39305044,16.40000000,1.40000000,22.96000000,1664755662290,False,True
39305045,16.40000000,10.00000000,164.00000000,1664755662290,False,True
39305046,16.40000000,3.05000000,50.02000000,1664755662290,False,True
39305047,16.40000000,35.07000000,575.14800000,1664755662290,False,True
39305048,16.40000000,7.95000000,130.38000000,1664755662291,False,True
39305049,16.40000000,11.98000000,196.47200000,1664755662295,False,True
39305050,16.40000000,1.35000000,22.14000000,1664755662295,False,True
39305051,16.40000000,8.04000000,131.85600000,1664755662295,False,True
39305052,16.40000000,1.76000000,28.86400000,1664755662295,False,True
39305053,16.40000000,12.21000000,200.24400000,1664755662295,False,True
39305054,16.40000000,8.04000000,131.85600000,1664755662295,False,True
39305055,16.40000000,8.04000000,131.85600000,1664755662295,False,True
39305056,16.40000000,8.04000000,131.85600000,1664755662295,False,True
39305057,16.40000000,8.04000000,131.85600000,1664755662295,False,True
39305058,16.40000000,8.04000000,131.85600000,1664755662295,False,True
39305059,16.40000000,6.96000000,114.14400000,1664755662295,False,True
39305060,16.40000000,1.08000000,17.71200000,1664755662295,False,True
39305061,16.40000000,8.04000000,131.85600000,1664755662295,False,True
39305062,16.40000000,8.04000000,131.85600000,1664755662295,False,True
39305063,16.40000000,8.01000000,131.36400000,1664755662295,False,True
39305064,16.40000000,1.36000000,22.30400000,1664755665359,True,True
39305065,16.41000000,36.46000000,598.30860000,1664755666743,False,True
39305066,16.41000000,18.54000000,304.24140000,1664755666883,False,True
39305067,16.41000000,2.70000000,44.30700000,1664755666883,False,True
39305068,16.41000000,3.89000000,63.83490000,1664755666883,False,True
39305069,16.41000000,1.04000000,17.06640000,1664755666883,False,True
39305070,16.41000000,8.87000000,145.55670000,1664755666885,False,True
39305071,16.41000000,7.95000000,130.45950000,1664755666885,False,True
39305072,16.41000000,1.76000000,28.88160000,1664755666885,False,True
39305073,16.41000000,21.44000000,351.83040000,1664755667386,True,True
39305074,16.41000000,10.45000000,171.48450000,1664755667386,True,True
39305075,16.41000000,27.90000000,457.83900000,1664755667386,True,True
39305076,16.42000000,12.19000000,200.15980000,1664755669396,False,True
39305077,16.42000000,42.81000000,702.94020000,1664755669403,False,True
39305078,16.42000000,30.72000000,504.42240000,1664755669403,False,True
39305079,16.42000000,7.01000000,115.10420000,1664755669406,False,True
39305080,16.42000000,116.74000000,1916.87080000,1664755669413,False,True
39305081,16.42000000,0.14000000,2.29880000,1664755669422,False,True
39305082,16.42000000,1.34000000,22.00280000,1664755669422,False,True
39305083,16.42000000,1.35000000,22.16700000,1664755669422,False,True
39305084,16.42000000,0.69000000,11.32980000,1664755669422,False,True
39305085,16.42000000,1.08000000,17.73360000,1664755669422,False,True
39305086,16.42000000,10.00000000,164.20000000,1664755669422,False,True
39305087,16.43000000,0.64000000,10.51520000,1664755669445,False,True
39305088,16.42000000,8.50000000,139.57000000,1664755669529,True,True
39305089,16.42000000,60.03000000,985.69260000,1664755674057,True,True
39305090,16.42000000,10.86000000,178.32120000,1664755674057,True,True
39305091,16.42000000,42.15000000,692.10300000,1664755674057,True,True
39305092,16.43000000,52.43000000,861.42490000,1664755681959,False,True
39305093,16.42000000,2.26000000,37.10920000,1664755685110,True,True
39305094,16.42000000,31.34000000,514.60280000,1664755685754,True,True
39305095,16.42000000,15.46000000,253.85320000,1664755685755,True,True
39305096,16.42000000,10.96000000,179.96320000,1664755685755,True,True
39305097,16.42000000,11.65000000,191.29300000,1664755687427,False,True
39305098,16.42000000,2.66000000,43.67720000,1664755687427,False,True
39305099,16.42000000,5.81000000,95.40020000,1664755687433,False,True
39305100,16.43000000,1.93000000,31.70990000,1664755687433,False,True
39305101,16.43000000,1.35000000,22.18050000,1664755687433,False,True
39305102,16.43000000,2.62000000,43.04660000,1664755687433,False,True
39305103,16.43000000,0.75000000,12.32250000,1664755687433,False,True
39305104,16.43000000,6.98000000,114.68140000,1664755687433,False,True
39305105,16.43000000,1.08000000,17.74440000,1664755688285,False,True
39305106,16.43000000,1.76000000,28.91680000,1664755688285,False,True
39305107,16.43000000,22.78000000,374.27540000,1664755688285,False,True
39305108,16.43000000,12.07000000,198.31010000,1664755688285,False,True
39305109,16.43000000,10.56000000,173.50080000,1664755688285,False,True
39305110,16.43000000,2.26000000,37.13180000,1664755688564,True,True
39305111,16.44000000,0.64000000,10.52160000,1664755688735,False,True
39305112,16.44000000,1.35000000,22.19400000,1664755688955,False,True
39305113,16.44000000,0.64000000,10.52160000,1664755688955,False,True
39305114,16.44000000,0.69000000,11.34360000,1664755688955,False,True
39305115,16.44000000,7.01000000,115.24440000,1664755688955,False,True
39305116,16.44000000,3.55000000,58.36200000,1664755688959,False,True
39305117,16.44000000,2.20000000,36.16800000,1664755688959,False,True
39305118,16.44000000,7.80000000,128.23200000,1664755689034,False,True
39305119,16.44000000,3.04000000,49.97760000,1664755689034,False,True
39305120,16.44000000,19.58000000,321.89520000,1664755689034,False,True
39305121,16.45000000,1.34000000,22.04300000,1664755691071,False,True
39305122,16.45000000,1.35000000,22.20750000,1664755691071,False,True
39305123,16.45000000,0.88000000,14.47600000,1664755691071,False,True
39305124,16.45000000,4.12000000,67.77400000,1664755691125,False,True
39305125,16.45000000,2.81000000,46.22450000,1664755691125,False,True
39305126,16.45000000,5.53000000,90.96850000,1664755691128,False,True
39305127,16.45000000,3.66000000,60.20700000,1664755691132,False,True
39305128,16.45000000,12.07000000,198.55150000,1664755691132,False,True
39305129,16.45000000,0.90000000,14.80500000,1664755691132,False,True
39305130,16.45000000,10.56000000,173.71200000,1664755691132,False,True
39305131,16.45000000,10.88000000,178.97600000,1664755691132,False,True
39305132,16.45000000,5.97000000,98.20650000,1664755691157,False,True
39305133,16.45000000,5.01000000,82.41450000,1664755695594,True,True
39305134,16.45000000,35.05000000,576.57250000,1664755695594,True,True
39305135,16.45000000,24.11000000,396.60950000,1664755695594,True,True
39305136,16.45000000,25.89000000,425.89050000,1664755695602,True,True
39305137,16.45000000,36.28000000,596.80600000,1664755695602,True,True
39305138,16.45000000,24.87000000,409.11150000,1664755695605,True,True
39305139,16.45000000,7.41000000,121.89450000,1664755695617,True,True
39305140,16.45000000,11.63000000,191.31350000,1664755700913,False,True
39305141,16.45000000,9.64000000,158.57800000,1664755700913,False,True
39305142,16.45000000,16.16000000,265.83200000,1664755701743,True,True
39305143,16.45000000,68.54000000,1127.48300000,1664755701743,True,True
39305144,16.45000000,75.78000000,1246.58100000,1664755701743,True,True
39305145,16.45000000,14.21000000,233.75450000,1664755701765,True,True
39305146,16.45000000,2.70000000,44.41500000,1664755701765,True,True
39305147,16.45000000,16.91000000,278.16950000,1664755701772,True,True
39305148,16.45000000,51.61000000,848.98450000,1664755701788,True,True
39305149,16.45000000,8.58000000,141.14100000,1664755701797,True,True
39305150,16.45000000,68.57000000,1127.97650000,1664755701797,True,True
39305151,16.45000000,37.43000000,615.72350000,1664755704062,False,True
39305152,16.45000000,80.00000000,1316.00000000,1664755704062,False,True
39305153,16.45000000,48.78000000,802.43100000,1664755704062,False,True
39305154,16.45000000,13.40000000,220.43000000,1664755704062,False,True
39305155,16.44000000,29.10000000,478.40400000,1664755708485,True,True
39305156,16.44000000,30.78000000,506.02320000,1664755708485,True,True
39305157,16.44000000,15.48000000,254.49120000,1664755708497,True,True
39305158,16.44000000,22.27000000,366.11880000,1664755708504,True,True
39305159,16.44000000,36.09000000,593.31960000,1664755708504,True,True
39305160,16.44000000,2.55000000,41.92200000,1664755708516,True,True
39305161,16.43000000,25.00000000,410.75000000,1664755708559,True,True
39305162,16.44000000,11.95000000,196.45800000,1664755709980,False,True
39305163,16.44000000,6.24000000,102.58560000,1664755709984,False,True
39305164,16.44000000,10.27000000,168.83880000,1664755709984,False,True
39305165,16.44000000,10.00000000,164.40000000,1664755709991,False,True
39305166,16.44000000,1.95000000,32.05800000,1664755709991,False,True
39305167,16.45000000,40.16000000,660.63200000,1664755709992,False,True
39305168,16.45000000,1.44000000,23.68800000,1664755709995,False,True
39305169,16.45000000,32.16000000,529.03200000,1664755709995,False,True
39305170,16.44000000,6.24000000,102.58560000,1664755710762,True,True
39305171,16.44000000,33.70000000,554.02800000,1664755710762,True,True
39305172,16.44000000,15.68000000,257.77920000,1664755710762,True,True
39305173,16.44000000,55.00000000,904.20000000,1664755710762,True,True
39305174,16.44000000,11.04000000,181.49760000,1664755710762,True,True
39305175,16.44000000,2.70000000,44.38800000,1664755718587,True,True
39305176,16.44000000,21.35000000,350.99400000,1664755718587,True,True
39305177,16.44000000,12.59000000,206.97960000,1664755718650,True,True
39305178,16.43000000,33.70000000,553.69100000,1664755719701,True,True
39305179,16.43000000,34.86000000,572.74980000,1664755719787,True,True
39305180,16.43000000,1.76000000,28.91680000,1664755719787,True,True
39305181,16.43000000,1.34000000,22.01620000,1664755719787,True,True
39305182,16.43000000,19.44000000,319.39920000,1664755726178,False,True
39305183,16.43000000,2.70000000,44.36100000,1664755726178,False,True
39305184,16.43000000,1.22000000,20.04460000,1664755726178,False,True
39305185,16.43000000,4.85000000,79.68550000,1664755726178,False,True
39305186,16.43000000,3.47000000,57.01210000,1664755726194,False,True
39305187,16.43000000,8.77000000,144.09110000,1664755727208,True,True
39305188,16.43000000,35.72000000,586.87960000,1664755727208,True,True
39305189,16.44000000,1.06000000,17.42640000,1664755729166,True,True
39305190,16.44000000,11.58000000,190.37520000,1664755729461,True,True
39305191,16.43000000,9.83000000,161.50690000,1664755729510,True,True
39305192,16.43000000,25.00000000,410.75000000,1664755737800,True,True
39305193,16.43000000,0.90000000,14.78700000,1664755741954,True,True
39305194,16.44000000,16.05000000,263.86200000,1664755744366,False,True
39305195,16.44000000,12.65000000,207.96600000,1664755744367,False,True
39305196,16.44000000,6.31000000,103.73640000,1664755744367,False,True
39305197,16.44000000,29.35000000,482.51400000,1664755744367,False,True
39305198,16.44000000,31.47000000,517.36680000,1664755744384,False,True
39305199,16.44000000,0.96000000,15.78240000,1664755744384,False,True
39305200,16.44000000,2.26000000,37.15440000,1664755747968,True,True
39305201,16.44000000,13.07000000,214.87080000,1664755747980,True,True
39305202,16.44000000,23.27000000,382.55880000,1664755749749,True,True
39305203,16.44000000,11.47000000,188.56680000,1664755749749,True,True
39305204,16.44000000,33.86000000,556.65840000,1664755749749,True,True
39305205,16.44000000,55.58000000,913.73520000,1664755749749,True,True
39305206,16.44000000,10.62000000,174.59280000,1664755749777,True,True
39305207,16.44000000,23.26000000,382.39440000,1664755750440,False,True
39305208,16.44000000,29.23000000,480.54120000,1664755750440,False,True
39305209,16.44000000,11.31000000,185.93640000,1664755752045,False,True
39305210,16.44000000,11.10000000,182.48400000,1664755755813,False,True
39305211,16.44000000,1.06000000,17.42640000,1664755755909,True,True
39305212,16.45000000,1.76000000,28.95200000,1664755756930,False,True
39305213,16.45000000,10.56000000,173.71200000,1664755756930,False,True
39305214,16.45000000,12.17000000,200.19650000,1664755756930,False,True
39305215,16.45000000,10.07000000,165.65150000,1664755756930,False,True
39305216,16.45000000,12.07000000,198.55150000,1664755756930,False,True
39305217,16.45000000,4.29000000,70.57050000,1664755757551,True,True
39305218,16.44000000,48.78000000,801.94320000,1664755769080,True,True
39305219,16.44000000,12.85000000,211.25400000,1664755769080,True,True
39305220,16.44000000,8.26000000,135.79440000,1664755769080,True,True
39305221,16.44000000,30.58000000,502.73520000,1664755769082,True,True
39305222,16.44000000,24.42000000,401.46480000,1664755769083,True,True
39305223,16.43000000,21.67000000,356.03810000,1664755775219,True,True
39305224,16.43000000,0.80000000,13.14400000,1664755775219,True,True
39305225,16.43000000,22.47000000,369.18210000,1664755777098,True,True
39305226,16.43000000,16.49000000,270.93070000,1664755777098,True,True
39305227,16.43000000,11.63000000,191.08090000,1664755777098,True,True
39305228,16.43000000,1.76000000,28.91680000,1664755777098,True,True
39305229,16.44000000,22.36000000,367.59840000,1664755788287,False,True
39305230,16.44000000,22.86000000,375.81840000,1664755788287,False,True
39305231,16.44000000,0.70000000,11.50800000,1664755788287,False,True
39305232,16.45000000,13.93000000,229.14850000,1664755788290,False,True
39305233,16.44000000,46.63000000,766.59720000,1664755790757,True,True
39305234,16.44000000,56.69000000,931.98360000,1664755790836,True,True
39305235,16.44000000,59.22000000,973.57680000,1664755791025,True,True
39305236,16.43000000,45.92000000,754.46560000,1664755800725,True,True
39305237,16.43000000,9.35000000,153.62050000,1664755800741,True,True
39305238,16.43000000,7.93000000,130.28990000,1664755800826,True,True
39305239,16.43000000,29.07000000,477.62010000,1664755800826,True,True
39305240,16.43000000,16.94000000,278.32420000,1664755801010,True,True
39305241,16.43000000,16.94000000,278.32420000,1664755801461,False,True
39305242,16.43000000,13.94000000,229.03420000,1664755801461,False,True
39305243,16.43000000,0.66000000,10.84380000,1664755801866,True,True
39305244,16.44000000,19.57000000,321.73080000,1664755812462,False,True
39305245,16.44000000,3.71000000,60.99240000,1664755812480,False,True
39305246,16.44000000,18.11000000,297.72840000,1664755812480,False,True
39305247,16.44000000,0.70000000,11.50800000,1664755812480,False,True
39305248,16.45000000,11.64000000,191.47800000,1664755815271,False,True
39305249,16.45000000,1.76000000,28.95200000,1664755815271,False,True
39305250,16.45000000,5.46000000,89.81700000,1664755815271,False,True
39305251,16.45000000,0.63000000,10.36350000,1664755815284,False,True
39305252,16.45000000,5.50000000,90.47500000,1664755818183,True,True
39305253,16.45000000,12.69000000,208.75050000,1664755818183,True,True
39305254,16.45000000,9.54000000,156.93300000,1664755818208,False,True
39305255,16.45000000,0.61000000,10.03450000,1664755827909,False,True
39305256,16.45000000,12.68000000,208.58600000,1664755831291,True,True
39305257,16.46000000,0.97000000,15.96620000,1664755832160,False,True
39305258,16.46000000,1.85000000,30.45100000,1664755832160,False,True
39305259,16.46000000,10.00000000,164.60000000,1664755832160,False,True
39305260,16.46000000,0.15000000,2.46900000,1664755832160,False,True
39305261,16.46000000,13.33000000,219.41180000,1664755832161,False,True
39305262,16.46000000,5.44000000,89.54240000,1664755832161,False,True
39305263,16.46000000,1.76000000,28.96960000,1664755832161,False,True
39305264,16.46000000,1.79000000,29.46340000,1664755832161,False,True
39305265,16.46000000,8.77000000,144.35420000,1664755832162,False,True
39305266,16.46000000,10.92000000,179.74320000,1664755832162,False,True
39305267,16.46000000,0.80000000,13.16800000,1664755832163,False,True
39305268,16.46000000,10.04000000,165.25840000,1664755832163,False,True
39305269,16.46000000,38.13000000,627.61980000,1664755838371,True,True
39305270,16.46000000,5.39000000,88.71940000,1664755838371,True,True
39305271,16.46000000,4.16000000,68.47360000,1664755838673,True,True
39305272,16.46000000,18.36000000,302.20560000,1664755838673,True,True
39305273,16.46000000,36.64000000,603.09440000,1664755838680,True,True
39305274,16.46000000,14.96000000,246.24160000,1664755838680,True,True
39305275,16.46000000,5.50000000,90.53000000,1664755838680,True,True
39305276,16.46000000,55.00000000,905.30000000,1664755838680,True,True
39305277,16.46000000,12.15000000,199.98900000,1664755854749,False,True
39305278,16.46000000,18.49000000,304.34540000,1664755860412,True,True
39305279,16.46000000,36.30000000,597.49800000,1664755860412,True,True
39305280,16.45000000,1.76000000,28.95200000,1664755880762,True,True
39305281,16.45000000,55.00000000,904.75000000,1664755880762,True,True
39305282,16.45000000,20.70000000,340.51500000,1664755881715,False,True
39305283,16.45000000,0.63000000,10.36350000,1664755881715,False,True
39305284,16.46000000,6.17000000,101.55820000,1664755889837,False,True
39305285,16.46000000,8.75000000,144.02500000,1664755892392,True,True
39305286,16.47000000,1.35000000,22.23450000,1664755893514,False,True
39305287,16.47000000,1.40000000,23.05800000,1664755893514,False,True
39305288,16.47000000,2.91000000,47.92770000,1664755893514,False,True
39305289,16.47000000,5.25000000,86.46750000,1664755893514,False,True
39305290,16.47000000,7.54000000,124.18380000,1664755893637,False,True
39305291,16.47000000,2.16000000,35.57520000,1664755894133,False,True
39305292,16.47000000,1.76000000,28.98720000,1664755894133,False,True
39305293,16.47000000,0.66000000,10.87020000,1664755904023,False,True
39305294,16.48000000,0.64000000,10.54720000,1664755904466,False,True
39305295,16.48000000,54.36000000,895.85280000,1664755904467,False,True
39305296,16.48000000,0.69000000,11.37120000,1664755904467,False,True
39305297,16.48000000,3.89000000,64.10720000,1664755904467,False,True
39305298,16.48000000,1.35000000,22.24800000,1664755904467,False,True
39305299,16.48000000,0.68000000,11.20640000,1664755904467,False,True
39305300,16.48000000,10.56000000,174.02880000,1664755904467,False,True
39305301,16.48000000,3.50000000,57.68000000,1664755904467,False,True
39305302,16.48000000,17.06000000,281.14880000,1664755904467,False,True
39305303,16.48000000,10.07000000,165.95360000,1664755904467,False,True
39305304,16.48000000,10.00000000,164.80000000,1664755904467,False,True
39305305,16.48000000,23.98000000,395.19040000,1664755904467,False,True
39305306,16.48000000,3.03000000,49.93440000,1664755904467,False,True
39305307,16.48000000,27.47000000,452.70560000,1664755904467,False,True
39305308,16.48000000,55.00000000,906.40000000,1664755904467,False,True
39305309,16.48000000,98.59000000,1624.76320000,1664755904467,False,True
39305310,16.48000000,6.14000000,101.18720000,1664755904467,False,True
39305311,16.48000000,1.76000000,29.00480000,1664755904467,False,True
39305312,16.48000000,23.49000000,387.11520000,1664755904467,False,True
39305313,16.48000000,14.90000000,245.55200000,1664755905454,True,True
39305314,16.48000000,0.60000000,9.88800000,1664755907103,True,True
39305315,16.49000000,0.64000000,10.55360000,1664755909847,False,True
39305316,16.49000000,1.35000000,22.26150000,1664755911456,False,True
39305317,16.49000000,1.40000000,23.08600000,1664755911456,False,True
39305318,16.49000000,1.91000000,31.49590000,1664755911456,False,True
39305319,16.49000000,0.70000000,11.54300000,1664755911456,False,True
39305320,16.49000000,0.63000000,10.38870000,1664755911456,False,True
39305321,16.49000000,1.00000000,16.49000000,1664755911456,False,True
39305322,16.49000000,0.90000000,14.84100000,1664755911456,False,True
39305323,16.49000000,27.50000000,453.47500000,1664755919672,True,True
39305324,16.49000000,1.74000000,28.69260000,1664755920837,True,True
39305325,16.49000000,1.41000000,23.25090000,1664755921151,True,True
39305326,16.49000000,22.52000000,371.35480000,1664755925421,True,True
39305327,16.49000000,45.99000000,758.37510000,1664755925423,True,True
39305328,16.49000000,35.83000000,590.83670000,1664755925423,True,True
39305329,16.49000000,66.67000000,1099.38830000,1664755925423,True,True
39305330,16.49000000,19.90000000,328.15100000,1664755925423,True,True
39305331,16.49000000,1.15000000,18.96350000,1664755925423,True,True
39305332,16.48000000,55.00000000,906.40000000,1664755925427,True,True
39305333,16.48000000,6.29000000,103.65920000,1664755925427,True,True
39305334,16.49000000,106.05000000,1748.76450000,1664755934115,True,True
39305335,16.49000000,3.00000000,49.47000000,1664755937906,True,True
39305336,16.49000000,20.00000000,329.80000000,1664755945021,True,True
39305337,16.49000000,2.86000000,47.16140000,1664755945022,True,True
39305338,16.49000000,17.82000000,293.85180000,1664755945022,True,True
39305339,16.49000000,56.57000000,932.83930000,1664755945022,True,True
39305340,16.49000000,5.45000000,89.87050000,1664755945022,True,True
39305341,16.48000000,19.18000000,316.08640000,1664755945022,True,True
39305342,16.48000000,29.53000000,486.65440000,1664755945026,True,True
39305343,16.48000000,7.44000000,122.61120000,1664755945026,True,True
39305344,16.48000000,10.56000000,174.02880000,1664755948090,True,True
39305345,16.49000000,0.60000000,9.89400000,1664755977985,False,True
39305346,16.49000000,5.50000000,90.69500000,1664755997777,True,True
39305347,16.48000000,6.57000000,108.27360000,1664755997785,True,True
39305348,16.48000000,4.38000000,72.18240000,1664755997785,True,True
39305349,16.48000000,5.50000000,90.64000000,1664756013486,True,True
39305350,16.48000000,37.35000000,615.52800000,1664756024304,False,True
39305351,16.48000000,20.54000000,338.49920000,1664756024324,False,True
39305352,16.48000000,0.88000000,14.50240000,1664756024329,False,True
39305353,16.48000000,21.42000000,353.00160000,1664756024329,False,True
39305354,16.48000000,39.25000000,646.84000000,1664756024330,False,True
39305355,16.48000000,7.28000000,119.97440000,1664756024330,False,True
39305356,16.48000000,5.50000000,90.64000000,1664756027537,True,True
39305357,16.48000000,9.37000000,154.41760000,1664756027537,True,True
39305358,16.48000000,9.09000000,149.80320000,1664756027537,True,True
39305359,16.48000000,3.87000000,63.77760000,1664756027758,True,True
39305360,16.48000000,21.69000000,357.45120000,1664756031642,False,True
39305361,16.48000000,0.60000000,9.88800000,1664756037175,True,True
39305362,16.49000000,1.35000000,22.26150000,1664756055048,True,True
39305363,16.48000000,37.35000000,615.52800000,1664756057594,True,True
39305364,16.49000000,35.52000000,585.72480000,1664756059973,False,True
39305365,16.49000000,2.26000000,37.26740000,1664756109376,False,True
39305366,16.48000000,5.50000000,90.64000000,1664756119467,True,True
39305367,16.48000000,10.26000000,169.08480000,1664756128694,False,True
39305368,16.48000000,11.42000000,188.20160000,1664756128696,False,True
39305369,16.48000000,1.11000000,18.29280000,1664756128696,False,True
39305370,16.48000000,21.75000000,358.44000000,1664756128708,False,True
39305371,16.48000000,5.50000000,90.64000000,1664756128708,False,True
39305372,16.48000000,22.56000000,371.78880000,1664756128708,False,True
39305373,16.48000000,8.11000000,133.65280000,1664756128708,False,True
39305374,16.49000000,24.44000000,403.01560000,1664756140232,False,True
39305375,16.50000000,0.62000000,10.23000000,1664756144041,False,True
39305376,16.49000000,5.36000000,88.38640000,1664756144788,False,True
39305377,16.49000000,16.96000000,279.67040000,1664756157577,False,True
39305378,16.49000000,55.00000000,906.95000000,1664756157577,False,True
39305379,16.49000000,55.00000000,906.95000000,1664756157577,False,True
39305380,16.49000000,61.56000000,1015.12440000,1664756157577,False,True
39305381,16.49000000,35.46000000,584.73540000,1664756157577,False,True
39305382,16.49000000,14.19000000,233.99310000,1664756157577,False,True
39305383,16.49000000,152.38000000,2512.74620000,1664756157577,False,True
39305384,16.49000000,61.66000000,1016.77340000,1664756163524,True,True
39305385,16.49000000,20.00000000,329.80000000,1664756173709,False,True
39305386,16.49000000,12.16000000,200.51840000,1664756173709,False,True
39305387,16.49000000,7.84000000,129.28160000,1664756173709,False,True
39305388,16.49000000,20.00000000,329.80000000,1664756173714,False,True
39305389,16.49000000,45.85000000,756.06650000,1664756173724,False,True
39305390,16.49000000,66.21000000,1091.80290000,1664756173857,False,True
39305391,16.49000000,19.98000000,329.47020000,1664756173914,False,True
39305392,16.49000000,25.87000000,426.59630000,1664756173915,False,True
39305393,16.49000000,7.25000000,119.55250000,1664756179359,True,True
39305394,16.49000000,22.82000000,376.30180000,1664756180278,True,True
39305395,16.48000000,17.81000000,293.50880000,1664756183664,True,True
39305396,16.48000000,22.86000000,376.73280000,1664756183664,True,True
39305397,16.48000000,2.29000000,37.73920000,1664756183664,True,True
39305398,16.48000000,5.50000000,90.64000000,1664756183664,True,True
39305399,16.48000000,5.45000000,89.81600000,1664756183691,True,True
39305400,16.48000000,5.50000000,90.64000000,1664756188599,False,True
39305401,16.49000000,29.11000000,480.02390000,1664756201997,False,True
39305402,16.49000000,5.60000000,92.34400000,1664756201997,False,True
39305403,16.50000000,0.69000000,11.38500000,1664756208372,False,True
39305404,16.50000000,0.04000000,0.66000000,1664756221370,False,True
39305405,16.50000000,0.69000000,11.38500000,1664756221370,False,True
39305406,16.50000000,1.60000000,26.40000000,1664756221370,False,True
39305407,16.50000000,0.64000000,10.56000000,1664756221370,False,True
39305408,16.50000000,1.27000000,20.95500000,1664756221370,False,True
39305409,16.50000000,0.24000000,3.96000000,1664756226767,False,True
39305410,16.50000000,23.26000000,383.79000000,1664756226767,False,True
39305411,16.50000000,17.26000000,284.79000000,1664756226767,False,True
39305412,16.50000000,55.00000000,907.50000000,1664756226767,False,True
39305413,16.50000000,46.53000000,767.74500000,1664756226767,False,True
39305414,16.50000000,55.00000000,907.50000000,1664756226767,False,True
39305415,16.50000000,8.26000000,136.29000000,1664756226767,False,True
39305416,16.50000000,1.57000000,25.90500000,1664756231054,False,True
39305417,16.50000000,4.56000000,75.24000000,1664756252943,False,True
39305418,16.49000000,5.50000000,90.69500000,1664756260245,True,True
39305419,16.49000000,12.90000000,212.72100000,1664756260245,True,True
39305420,16.49000000,10.36000000,170.83640000,1664756262255,True,True
39305421,16.49000000,22.86000000,376.96140000,1664756262255,True,True
39305422,16.48000000,33.22000000,547.46560000,1664756262256,True,True
39305423,16.49000000,22.76000000,375.31240000,1664756265977,False,True
39305424,16.49000000,7.79000000,128.45710000,1664756265977,False,True
39305425,16.49000000,24.42000000,402.68580000,1664756266025,False,True
39305426,16.49000000,2.26000000,37.26740000,1664756305908,True,True
39305427,16.49000000,55.00000000,906.95000000,1664756322432,True,True
39305428,16.49000000,55.00000000,906.95000000,1664756322432,True,True
39305429,16.49000000,0.72000000,11.87280000,1664756328167,False,True
39305430,16.49000000,29.63000000,488.59870000,1664756336178,False,True
39305431,16.49000000,7.58000000,124.99420000,1664756336178,False,True
39305432,16.49000000,47.42000000,781.95580000,1664756336189,False,True
39305433,16.49000000,27.74000000,457.43260000,1664756336207,False,True
39305434,16.49000000,1.42000000,23.41580000,1664756346527,True,True
39305435,16.49000000,1.42000000,23.41580000,1664756348322,True,True
39305436,16.49000000,1.36000000,22.42640000,1664756348590,True,True
39305437,16.49000000,1.09000000,17.97410000,1664756400944,False,True
39305438,16.47000000,14.01000000,230.74470000,1664756403467,True,True
39305439,16.47000000,10.07000000,165.85290000,1664756403842,True,True
39305440,16.48000000,12.81000000,211.10880000,1664756423104,False,True
39305441,16.48000000,9.67000000,159.36160000,1664756423107,False,True
39305442,16.48000000,0.38000000,6.26240000,1664756423110,False,True
39305443,16.48000000,28.61000000,471.49280000,1664756423110,False,True
39305444,16.48000000,7.79000000,128.37920000,1664756423112,False,True
39305445,16.48000000,10.98000000,180.95040000,1664756423113,False,True
39305446,16.48000000,9.38000000,154.58240000,1664756423113,False,True
39305447,16.48000000,4.74000000,78.11520000,1664756423115,False,True
39305448,16.48000000,2.50000000,41.20000000,1664756423115,False,True
39305449,16.48000000,7.04000000,116.01920000,1664756423116,False,True
39305450,16.48000000,6.75000000,111.24000000,1664756423116,False,True
39305451,16.48000000,16.47000000,271.42560000,1664756423117,False,True
39305452,16.48000000,27.91000000,459.95680000,1664756423118,False,True
39305453,16.47000000,44.71000000,736.37370000,1664756450692,True,True
39305454,16.47000000,47.91000000,789.07770000,1664756450693,True,True
39305455,16.47000000,68.27000000,1124.40690000,1664756450730,True,True
39305456,16.47000000,13.67000000,225.14490000,1664756451192,True,True
39305457,16.47000000,13.24000000,218.06280000,1664756451194,True,True
39305458,16.48000000,10.00000000,164.80000000,1664756453429,False,True
39305459,16.47000000,64.75000000,1066.43250000,1664756455502,True,True
39305460,16.47000000,47.67000000,785.12490000,1664756455505,True,True
39305461,16.47000000,80.58000000,1327.15260000,1664756455506,True,True
39305462,16.47000000,55.03000000,906.34410000,1664756455510,True,True
39305463,16.47000000,91.89000000,1513.42830000,1664756455512,True,True
39305464,16.47000000,1.76000000,28.98720000,1664756455512,True,True
39305465,16.46000000,10.00000000,164.60000000,1664756458051,True,True
39305466,16.46000000,1.34000000,22.05640000,1664756458051,True,True
39305467,16.46000000,5.40000000,88.88400000,1664756458051,True,True
39305468,16.46000000,35.69000000,587.45740000,1664756466859,False,True
39305469,16.46000000,6.38000000,105.01480000,1664756467156,False,True
39305470,16.47000000,39.50000000,650.56500000,1664756473502,False,True
39305471,16.47000000,29.28000000,482.24160000,1664756473575,False,True
39305472,16.47000000,12.84000000,211.47480000,1664756474385,True,True
39305473,16.47000000,10.46000000,172.27620000,1664756474385,True,True
39305474,16.47000000,67.11000000,1105.30170000,1664756474390,True,True
39305475,16.47000000,9.56000000,157.45320000,1664756474400,True,True
39305476,16.47000000,12.14000000,199.94580000,1664756476923,False,True
39305477,16.47000000,27.98000000,460.83060000,1664756476923,False,True
39305478,16.47000000,14.41000000,237.33270000,1664756476938,False,True
39305479,16.48000000,10.00000000,164.80000000,1664756522959,False,True
39305480,16.48000000,11.64000000,191.82720000,1664756522959,False,True
39305481,16.48000000,0.70000000,11.53600000,1664756522959,False,True
39305482,16.48000000,1.06000000,17.46880000,1664756522975,False,True
39305483,16.50000000,5.08000000,83.82000000,1664756529773,False,True
39305484,16.50000000,55.00000000,907.50000000,1664756529773,False,True
39305485,16.50000000,153.62000000,2534.73000000,1664756529773,False,True
39305486,16.50000000,0.74000000,12.21000000,1664756531705,False,True
39305487,16.50000000,4.51000000,74.41500000,1664756532105,False,True
39305488,16.50000000,1.34000000,22.11000000,1664756532605,False,True
39305489,16.50000000,4.07000000,67.15500000,1664756532605,False,True
39305490,16.50000000,5.93000000,97.84500000,1664756533561,False,True
39305491,16.50000000,1.76000000,29.04000000,1664756533561,False,True
39305492,16.50000000,3.03000000,49.99500000,1664756533561,False,True
39305493,16.51000000,47.72000000,787.85720000,1664756533970,False,True
39305494,16.51000000,1.34000000,22.12340000,1664756533970,False,True
39305495,16.51000000,0.64000000,10.56640000,1664756533970,False,True
39305496,16.51000000,1.08000000,17.83080000,1664756533970,False,True
39305497,16.51000000,0.75000000,12.38250000,1664756533970,False,True
39305498,16.51000000,3.39000000,55.96890000,1664756533970,False,True
39305499,16.51000000,0.18000000,2.97180000,1664756533970,False,True
39305500,16.51000000,0.84000000,13.86840000,1664756533977,False,True
39305501,16.51000000,7.57000000,124.98070000,1664756533977,False,True
39305502,16.51000000,10.56000000,174.34560000,1664756533977,False,True
39305503,16.51000000,12.07000000,199.27570000,1664756533977,False,True
39305504,16.51000000,10.05000000,165.92550000,1664756533977,False,True
39305505,16.51000000,2.02000000,33.35020000,1664756533977,False,True
39305506,16.51000000,1.08000000,17.83080000,1664756533977,False,True
39305507,16.51000000,12.00000000,198.12000000,1664756533977,False,True
39305508,16.51000000,3.03000000,50.02530000,1664756533977,False,True
39305509,16.51000000,58.82000000,971.11820000,1664756533977,False,True
39305510,16.52000000,37.86000000,625.44720000,1664756533981,False,True
39305511,16.52000000,17.14000000,283.15280000,1664756533982,False,True
39305512,16.52000000,1.33000000,21.97160000,1664756533982,False,True
39305513,16.52000000,0.72000000,11.89440000,1664756533982,False,True
39305514,16.52000000,0.92000000,15.19840000,1664756533982,False,True
39305515,16.52000000,0.67000000,11.06840000,1664756533982,False,True
39305516,16.52000000,7.45000000,123.07400000,1664756533983,False,True
39305517,16.52000000,9.12000000,150.66240000,1664756533985,False,True
39305518,16.51000000,7.96000000,131.41960000,1664756533988,False,True
39305519,16.51000000,5.32000000,87.83320000,1664756533988,False,True
39305520,16.51000000,41.72000000,688.79720000,1664756533997,False,True
39305521,16.52000000,0.64000000,10.57280000,1664756534060,False,True
39305522,16.52000000,6.65000000,109.85800000,1664756534073,False,True
39305523,16.52000000,10.56000000,174.45120000,1664756534073,False,True
39305524,16.52000000,2.02000000,33.37040000,1664756534073,False,True
39305525,16.52000000,2.02000000,33.37040000,1664756534073,False,True
39305526,16.52000000,14.05000000,232.10600000,1664756534073,False,True
39305527,16.52000000,5.40000000,89.20800000,1664756534508,False,True
39305528,16.52000000,32.06000000,529.63120000,1664756535025,False,True
39305529,16.52000000,18.24000000,301.32480000,1664756535025,False,True
39305530,16.52000000,55.00000000,908.60000000,1664756535921,False,True
39305531,16.52000000,3.84000000,63.43680000,1664756535921,False,True
39305532,16.52000000,25.16000000,415.64320000,1664756535921,False,True
39305533,16.52000000,0.85000000,14.04200000,1664756535931,False,True
39305534,16.52000000,3.63000000,59.96760000,1664756535947,False,True
39305535,16.52000000,9.92000000,163.87840000,1664756536428,False,True
39305536,16.52000000,4.89000000,80.78280000,1664756536452,False,True
39305537,16.52000000,10.14000000,167.51280000,1664756541352,False,True
39305538,16.52000000,13.08000000,216.08160000,1664756541390,False,True
39305539,16.52000000,5.79000000,95.65080000,1664756541396,False,True
39305540,16.52000000,9.94000000,164.20880000,1664756541398,False,True
39305541,16.52000000,13.75000000,227.15000000,1664756541408,False,True
39305542,16.52000000,2.94000000,48.56880000,1664756541466,False,True
39305543,16.52000000,12.10000000,199.89200000,1664756541597,True,True
39305544,16.52000000,40.69000000,672.19880000,1664756544290,True,True
39305545,16.52000000,61.50000000,1015.98000000,1664756544290,True,True
39305546,16.52000000,55.00000000,908.60000000,1664756544290,True,True
