1819788,32.82600000,0.84000000,27.57384000,1619827205220,True,True
1819789,32.86300000,0.30800000,10.12180400,1619827213000,False,True
1819790,32.86300000,6.58200000,216.30426600,1619827218826,False,True
1819791,32.86500000,0.66000000,21.69090000,1619827218875,False,True
1819792,32.90500000,0.30800000,10.13474000,1619827219689,False,True
1819793,32.90000000,0.53200000,17.50280000,1619827222399,False,True
1819794,32.90100000,0.27700000,9.11357700,1619827222399,False,True
1819795,32.82600000,20.00000000,656.52000000,1619827227550,True,True
1819796,32.82400000,117.70000000,3863.38480000,1619827228821,True,True
1819797,32.80800000,6.29000000,206.36232000,1619827230556,True,True
1819798,32.80400000,0.91400000,29.98285600,1619827230673,True,True
1819799,32.77400000,0.69000000,22.61406000,1619827231560,True,True
1819800,32.77100000,0.63900000,20.94066900,1619827231581,True,True
1819801,32.76900000,0.69000000,22.61061000,1619827231609,True,True
1819802,32.76900000,1.08500000,35.55436500,1619827231692,True,True
1819803,32.75500000,1.08500000,35.53917500,1619827231698,True,True
1819804,32.73600000,0.96500000,31.59024000,1619827233097,True,True
1819805,32.71000000,20.00000000,654.20000000,1619827233555,True,True
1819806,32.69300000,20.00000000,653.86000000,1619827236819,True,True
1819807,32.69100000,1.03000000,33.67173000,1619827238821,True,True
1819808,32.69000000,3.70700000,121.18183000,1619827239689,True,True
1819809,32.68100000,20.00000000,653.62000000,1619827239735,True,True
1819810,32.72100000,1.03800000,33.96439800,1619827251490,True,True
1819811,32.75000000,10.70000000,350.42500000,1619827258115,True,True
1819812,32.75000000,2.60000000,85.15000000,1619827258143,True,True
1819813,32.75000000,21.60000000,707.40000000,1619827258337,True,True
1819814,32.75000000,40.00000000,1310.00000000,1619827258444,True,True
1819815,32.75000000,26.96000000,882.94000000,1619827258446,True,True
1819816,32.75000000,8.52800000,279.29200000,1619827258474,True,True
1819817,32.72000000,2.11500000,69.20280000,1619827275889,True,True
1819818,32.66800000,0.30700000,10.02907600,1619827282030,True,True
1819819,32.66000000,1.07100000,34.97886000,1619827284040,True,True
1819820,32.66000000,0.91800000,29.98188000,1619827284040,True,True
1819821,32.65600000,0.64100000,20.93249600,1619827285201,True,True
1819822,32.64000000,0.91900000,29.99616000,1619827285694,True,True
1819823,32.63300000,10.70000000,349.17310000,1619827286464,True,True
1819824,32.63300000,110.38800000,3602.29160400,1619827293423,False,True
1819825,32.83700000,0.64100000,21.04851700,1619827378161,False,True
1819826,32.93300000,0.60800000,20.02326400,1619827400181,False,True
1819827,32.93000000,0.42500000,13.99525000,1619827401737,False,True
1819828,32.93000000,0.42500000,13.99525000,1619827401737,False,True
1819829,32.93000000,0.42500000,13.99525000,1619827401737,False,True
1819830,32.93000000,0.42500000,13.99525000,1619827401737,False,True
1819831,32.93000000,0.42500000,13.99525000,1619827401737,False,True
1819832,32.93000000,0.42500000,13.99525000,1619827401737,False,True
1819833,32.93000000,0.42500000,13.99525000,1619827401737,False,True
1819834,32.93000000,0.42500000,13.99525000,1619827401737,False,True
1819835,32.93000000,0.24800000,8.16664000,1619827401737,False,True
1819836,32.93100000,57.08500000,1879.86613500,1619827401737,False,True
1819837,32.80000000,4.88300000,160.16240000,1619827423225,True,True
1819838,32.80100000,10.00300000,328.10840300,1619827452420,True,True
1819839,32.80700000,0.80000000,26.24560000,1619827461963,True,True
1819840,32.88300000,3.64900000,119.99006700,1619827480447,False,True
1819841,32.89000000,6.29000000,206.87810000,1619827487353,False,True
1819842,32.93100000,4.58400000,150.95570400,1619827487353,False,True
1819843,32.94600000,3.59300000,118.37497800,1619827487353,False,True
1819844,32.92900000,0.42500000,13.99482500,1619827491354,False,True
1819845,32.92900000,0.42500000,13.99482500,1619827491354,False,True
1819846,32.92900000,0.42500000,13.99482500,1619827491354,False,True
1819847,32.92900000,0.42500000,13.99482500,1619827491354,False,True
1819848,32.92900000,0.42500000,13.99482500,1619827491354,False,True
1819849,32.92900000,0.42500000,13.99482500,1619827491354,False,True
1819850,32.92900000,0.42500000,13.99482500,1619827491354,False,True
1819851,32.92900000,0.42500000,13.99482500,1619827491354,False,True
1819852,32.92900000,0.24800000,8.16639200,1619827491354,False,True
1819853,32.93000000,5.02900000,165.60497000,1619827491354,False,True
1819854,32.85900000,6.29000000,206.68311000,1619827492857,True,True
1819855,32.86100000,0.42500000,13.96592500,1619827492900,True,True
1819856,32.86100000,0.42500000,13.96592500,1619827492900,True,True
1819857,32.86100000,0.42500000,13.96592500,1619827492900,True,True
1819858,32.86100000,0.42500000,13.96592500,1619827492900,True,True
1819859,32.86100000,0.42500000,13.96592500,1619827492900,True,True
1819860,32.86100000,0.42500000,13.96592500,1619827492900,True,True
1819861,32.86100000,0.42500000,13.96592500,1619827492900,True,True
1819862,32.86100000,0.07100000,2.33313100,1619827492900,True,True
1819863,32.86100000,0.35400000,11.63279400,1619827492901,True,True
1819864,32.86100000,0.24800000,8.14952800,1619827492901,True,True
1819865,32.82400000,4.56400000,149.80873600,1619827493104,True,True
1819866,32.81500000,2.37300000,77.86999500,1619827493104,True,True
1819867,32.81500000,1.21700000,39.93585500,1619827493209,True,True
1819868,32.90300000,0.42500000,13.98377500,1619827502597,False,True
1819869,32.90300000,0.42500000,13.98377500,1619827502597,False,True
1819870,32.90300000,0.42500000,13.98377500,1619827502597,False,True
1819871,32.90300000,0.42500000,13.98377500,1619827502597,False,True
1819872,32.90300000,0.42500000,13.98377500,1619827502597,False,True
1819873,32.90300000,0.42500000,13.98377500,1619827502597,False,True
1819874,32.90300000,0.42500000,13.98377500,1619827502597,False,True
1819875,32.90300000,0.42500000,13.98377500,1619827502597,False,True
1819876,32.90300000,0.25100000,8.25865300,1619827502597,False,True
1819877,32.90400000,23.39100000,769.65746400,1619827502597,False,True
1819878,32.94900000,0.61400000,20.23068600,1619827537500,False,True
1819879,32.95300000,0.63900000,21.05696700,1619827537714,False,True
1819880,32.94300000,15.70200000,517.27098600,1619827539878,True,True
1819881,32.94300000,6.43900000,212.11997700,1619827539890,True,True
1819882,32.97200000,0.30700000,10.12240400,1619827545772,False,True
1819883,32.97100000,5.20400000,171.58108400,1619827556290,False,True
1819884,32.97200000,0.30700000,10.12240400,1619827561045,True,True
1819885,32.97300000,0.30700000,10.12271100,1619827565306,False,True
1819886,32.97100000,0.43500000,14.34238500,1619827566922,True,True
1819887,32.97300000,0.30700000,10.12271100,1619827570000,False,True
1819888,32.97300000,0.07600000,2.50594800,1619827576468,False,True
1819889,32.95000000,5.00000000,164.75000000,1619827577921,True,True
1819890,32.95000000,10.00000000,329.50000000,1619827577930,True,True
1819891,32.95000000,10.70000000,352.56500000,1619827577931,True,True
1819892,32.95000000,10.00000000,329.50000000,1619827577935,True,True
1819893,32.95000000,10.00000000,329.50000000,1619827577936,True,True
1819894,32.95000000,10.00000000,329.50000000,1619827577938,True,True
1819895,32.95000000,25.00000000,823.75000000,1619827577946,True,True
1819896,32.95000000,5.00000000,164.75000000,1619827577959,True,True
1819897,32.95000000,18.56100000,611.58495000,1619827577966,True,True
1819898,32.99500000,1.39400000,45.99503000,1619827598493,False,True
1819899,32.99500000,0.38100000,12.57109500,1619827605676,False,True
1819900,32.99800000,20.33000000,670.84934000,1619827605676,False,True
1819901,33.00000000,1.00000000,33.00000000,1619827605676,False,True
1819902,33.00000000,14.63400000,482.92200000,1619827605676,False,True
1819903,33.00900000,10.77000000,355.50693000,1619827605676,False,True
1819904,33.01200000,2.74200000,90.51890400,1619827605676,False,True
1819905,33.02900000,0.96500000,31.87298500,1619827605676,False,True
1819906,33.03200000,50.32700000,1662.40146400,1619827605676,False,True
1819907,33.03300000,0.44400000,14.66665200,1619827605676,False,True
1819908,32.95500000,81.72400000,2693.21442000,1619827610870,True,True
1819909,32.95700000,10.70000000,352.63990000,1619827615771,True,True
1819910,32.95700000,30.00000000,988.71000000,1619827615773,True,True
1819911,32.95400000,0.91000000,29.98814000,1619827615983,True,True
1819912,32.95100000,0.48500000,15.98123500,1619827618814,True,True
1819913,33.00000000,0.43000000,14.19000000,1619827653624,False,True
1819914,33.00000000,5.60000000,184.80000000,1619827653627,False,True
1819915,33.00000000,8.43700000,278.42100000,1619827653667,False,True
1819916,33.03300000,40.51000000,1338.16683000,1619827665723,False,True
1819917,33.03700000,0.94800000,31.31907600,1619827665748,False,True
1819918,33.04200000,0.31100000,10.27606200,1619827666678,False,True
1819919,33.05000000,0.30600000,10.11330000,1619827669004,False,True
1819920,33.05200000,0.30900000,10.21306800,1619827680451,False,True
1819921,33.05200000,14.13500000,467.19002000,1619827680451,False,True
1819922,33.05400000,0.30600000,10.11452400,1619827682381,False,True
1819923,33.00000000,30.00000000,990.00000000,1619827701580,True,True
1819924,33.00000000,1.09000000,35.97000000,1619827707860,True,True
1819925,32.97600000,5.77200000,190.33747200,1619827739700,True,True
1819926,33.04200000,3.02600000,99.98509200,1619827755512,False,True
1819927,32.97600000,1.76900000,58.33454400,1619827757246,True,True
1819928,33.02200000,0.42400000,14.00132800,1619827775419,False,True
1819929,33.02200000,0.42400000,14.00132800,1619827775419,False,True
1819930,33.02200000,0.42400000,14.00132800,1619827775419,False,True
1819931,33.02200000,0.42400000,14.00132800,1619827775419,False,True
1819932,33.02200000,0.42400000,14.00132800,1619827775419,False,True
1819933,33.02200000,0.42400000,14.00132800,1619827775419,False,True
1819934,33.02200000,0.42400000,14.00132800,1619827775419,False,True
1819935,33.02200000,0.42400000,14.00132800,1619827775419,False,True
1819936,33.02200000,0.24500000,8.09039000,1619827775419,False,True
1819937,33.02300000,2.12100000,70.04178300,1619827775419,False,True
1819938,33.00000000,1.77000000,58.41000000,1619827786636,False,True
1819939,33.00000000,3.23000000,106.59000000,1619827786747,False,True
1819940,33.02300000,0.86800000,28.66396400,1619827790464,True,True
1819941,32.96200000,0.42300000,13.94292600,1619827790494,True,True
1819942,32.96200000,0.44500000,14.66809000,1619827790494,True,True
1819943,32.95600000,6.28000000,206.96368000,1619827798437,True,True
1819944,32.95600000,3.28900000,108.39228400,1619827798439,True,True
1819945,32.95000000,5.06500000,166.89175000,1619827799041,True,True
1819946,32.94600000,9.56900000,315.26027400,1619827807877,False,True
1819947,32.94800000,104.23100000,3434.20298800,1619827807877,False,True
1819948,32.94800000,0.03000000,0.98844000,1619827808243,False,True
1819949,33.00000000,0.60700000,20.03100000,1619827812798,False,True
1819950,32.94300000,5.75200000,189.48813600,1619827815303,True,True
1819951,32.95000000,0.80800000,26.62360000,1619827818864,True,True
1819952,32.95500000,5.06500000,166.91707500,1619827835843,True,True
1819953,33.04300000,1.59000000,52.53837000,1619827858239,False,True
1819954,32.94700000,0.90000000,29.65230000,1619827887494,True,True
1819955,32.94700000,0.04400000,1.44966800,1619827894310,True,True
1819956,32.94700000,4.45800000,146.87772600,1619827894310,True,True
1819957,32.88000000,2.99000000,98.31120000,1619827912841,True,True
1819958,32.88000000,3.30000000,108.50400000,1619827912855,True,True
1819959,32.85600000,9.59500000,315.25332000,1619827912903,True,True
1819960,32.85600000,0.34900000,11.46674400,1619827925781,False,True
1819961,32.85600000,3.31300000,108.85192800,1619827925781,False,True
1819962,32.85600000,41.44400000,1361.68406400,1619827934069,False,True
1819963,32.85600000,3.00000000,98.56800000,1619827941241,True,True
1819964,32.80100000,0.42600000,13.97322600,1619827980059,True,True
1819965,32.80100000,0.42600000,13.97322600,1619827980059,True,True
1819966,32.80100000,0.42600000,13.97322600,1619827980059,True,True
1819967,32.80100000,0.42600000,13.97322600,1619827980059,True,True
1819968,32.80100000,0.42600000,13.97322600,1619827980059,True,True
1819969,32.80100000,0.42600000,13.97322600,1619827980059,True,True
1819970,32.80100000,0.42600000,13.97322600,1619827980059,True,True
1819971,32.80100000,0.06800000,2.23046800,1619827980059,True,True
1819972,32.80100000,0.35800000,11.74275800,1619827981079,True,True
1819973,32.80100000,0.24700000,8.10184700,1619827981079,True,True
1819974,32.80000000,2.58000000,84.62400000,1619827981079,True,True
1819975,32.80000000,268.50500000,8806.96400000,1619827981234,True,True
1819976,32.77400000,0.69000000,22.61406000,1619827984468,True,True
1819977,32.77100000,0.63900000,20.94066900,1619827984475,True,True
1819978,32.76900000,1.77500000,58.16497500,1619827995193,True,True
1819979,32.76900000,65.22100000,2137.22694900,1619827995474,False,True
1819980,32.76900000,0.00100000,0.03276900,1619827995475,False,True
1819981,32.80600000,0.42700000,14.00816200,1619827995554,False,True
1819982,32.80600000,9.59500000,314.77357000,1619827995554,False,True
1819983,32.80600000,0.42700000,14.00816200,1619827995556,False,True
1819984,32.80600000,0.42700000,14.00816200,1619827995556,False,True
1819985,32.80600000,0.42700000,14.00816200,1619827995556,False,True
1819986,32.80600000,0.42700000,14.00816200,1619827995556,False,True
1819987,32.80600000,0.42700000,14.00816200,1619827995556,False,True
1819988,32.80600000,0.42700000,14.00816200,1619827995556,False,True
1819989,32.80600000,0.42700000,14.00816200,1619827995556,False,True
1819990,32.80600000,0.24400000,8.00466400,1619827995556,False,True
1819991,32.81400000,6.29000000,206.40006000,1619827995672,False,True
1819992,32.93600000,0.54700000,18.01599200,1619828017315,False,True
1819993,32.85600000,0.39500000,12.97812000,1619828027176,True,True
1819994,32.83700000,6.10000000,200.30570000,1619828027240,True,True
1819995,32.78800000,1.70000000,55.73960000,1619828039444,True,True
1819996,32.78800000,0.89300000,29.27968400,1619828041133,True,True
1819997,32.81500000,109.52300000,3593.99724500,1619828057769,False,True
1819998,32.87600000,6.28000000,206.46128000,1619828086587,False,True
1819999,32.87600000,6.25000000,205.47500000,1619828086589,False,True
1820000,32.89600000,33.00000000,1085.56800000,1619828086626,False,True
1820001,32.80000000,6.28000000,205.98400000,1619828102941,True,True
1820002,32.80800000,6.28000000,206.03424000,1619828102947,True,True
1820003,32.80800000,3.31500000,108.75852000,1619828102952,True,True
1820004,32.80000000,4.49000000,147.27200000,1619828102952,True,True
1820005,32.78800000,0.45700000,14.98411600,1619828103055,True,True
1820006,32.80800000,83.12000000,2727.00096000,1619828104429,False,True
1820007,32.79700000,0.76100000,24.95851700,1619828105577,False,True
1820008,32.75600000,0.91500000,29.97174000,1619828112722,True,True
1820009,32.73600000,0.96500000,31.59024000,1619828114598,True,True
1820010,32.72600000,8.83400000,289.10148400,1619828117049,False,True
1820011,32.70000000,0.61100000,19.97970000,1619828150509,True,True
1820012,32.72600000,1.06000000,34.68956000,1619828154984,False,True
1820013,32.82700000,0.42600000,13.98430200,1619828235700,True,True
1820014,32.82700000,64.89400000,2130.27533800,1619828235700,True,True
1820015,32.90900000,3.18300000,104.74934700,1619828307169,True,True
1820016,32.95300000,0.63900000,21.05696700,1619828308435,False,True
1820017,32.97300000,0.69000000,22.75137000,1619828340039,False,True
1820018,32.99500000,1.77500000,58.56612500,1619828357065,False,True
1820019,33.01700000,58.80100000,1941.43261700,1619828357065,False,True
1820020,33.02900000,0.96500000,31.87298500,1619828365652,False,True
1820021,33.03100000,0.42400000,14.00514400,1619828365652,False,True
1820022,33.03100000,0.42400000,14.00514400,1619828365652,False,True
1820023,33.03100000,0.42400000,14.00514400,1619828365652,False,True
1820024,33.03100000,0.42400000,14.00514400,1619828365652,False,True
1820025,33.03100000,0.28200000,9.31474200,1619828365652,False,True
1820026,33.01700000,0.50700000,16.73961900,1619828375769,True,True
1820027,32.95400000,0.50700000,16.70767800,1619828375782,True,True
1820028,33.04900000,0.42400000,14.01277600,1619828379836,False,True
1820029,33.04900000,0.42400000,14.01277600,1619828379836,False,True
1820030,33.04900000,0.05800000,1.91684200,1619828379836,False,True
1820031,33.03300000,1.34600000,44.46241800,1619828405689,False,True
1820032,32.99600000,7.57600000,249.97769600,1619828410691,True,True
1820033,33.03300000,7.58400000,250.52227200,1619828434860,True,True
1820034,32.96600000,7.50000000,247.24500000,1619828434885,True,True
1820035,33.03000000,0.31300000,10.33839000,1619828440924,False,True
1820036,33.00400000,1.00000000,33.00400000,1619828490150,True,True
1820037,33.00900000,1.00000000,33.00900000,1619828496419,False,True
1820038,33.00900000,3.78600000,124.97207400,1619828515454,True,True
1820039,33.00900000,0.43400000,14.32590600,1619828553963,False,True
1820040,33.01000000,0.98400000,32.48184000,1619828592073,True,True
1820041,33.05200000,0.30600000,10.11391200,1619828597046,False,True
1820042,33.01200000,35.00000000,1155.42000000,1619828643514,True,True
1820043,33.01200000,13.33800000,440.31405600,1619828643523,True,True
1820044,33.01200000,10.00000000,330.12000000,1619828643531,True,True
1820045,33.01200000,30.00000000,990.36000000,1619828643532,True,True
1820046,33.00900000,15.15800000,500.35042200,1619828643585,True,True
1820047,32.96900000,0.42400000,13.97885600,1619828653438,True,True
1820048,32.96900000,0.42400000,13.97885600,1619828653438,True,True
1820049,32.96900000,0.42400000,13.97885600,1619828653438,True,True
1820050,32.96900000,0.42400000,13.97885600,1619828653438,True,True
1820051,32.96900000,0.42400000,13.97885600,1619828653438,True,True
1820052,32.96900000,0.42400000,13.97885600,1619828653438,True,True
1820053,32.96900000,0.42400000,13.97885600,1619828653438,True,True
1820054,32.96900000,0.42400000,13.97885600,1619828653438,True,True
1820055,32.96900000,0.24300000,8.01146700,1619828653438,True,True
1820056,32.96800000,55.92600000,1843.76836800,1619828653438,True,True
1820057,32.96800000,0.43000000,14.17624000,1619828653438,True,True
1820058,32.96800000,50.00000000,1648.40000000,1619828653447,True,True
1820059,33.00600000,0.42400000,13.99454400,1619828686523,False,True
1820060,33.00600000,0.42400000,13.99454400,1619828686523,False,True
1820061,33.00600000,0.42400000,13.99454400,1619828686523,False,True
1820062,33.00600000,0.42400000,13.99454400,1619828686523,False,True
1820063,33.00600000,0.42400000,13.99454400,1619828686523,False,True
1820064,33.00600000,0.42400000,13.99454400,1619828686523,False,True
1820065,33.00600000,0.42400000,13.99454400,1619828686523,False,True
1820066,33.00600000,0.42400000,13.99454400,1619828686523,False,True
1820067,33.00600000,0.24700000,8.15248200,1619828686523,False,True
1820068,33.00700000,2.65100000,87.50155700,1619828686523,False,True
1820069,33.00700000,6.29000000,207.61403000,1619828686528,False,True
1820070,33.00700000,19.90000000,656.83930000,1619828706304,True,True
1820071,33.00700000,104.24000000,3440.64968000,1619828706311,True,True
1820072,32.93700000,34.00000000,1119.85800000,1619828706336,True,True
1820073,32.93600000,0.42400000,13.96486400,1619828710371,True,True
1820074,32.93600000,0.42400000,13.96486400,1619828710371,True,True
1820075,32.93600000,0.05700000,1.87735200,1619828710371,True,True
1820076,32.93800000,0.42400000,13.96571200,1619828717846,True,True
1820077,32.98600000,9.84200000,324.64821200,1619828740306,False,True
1820078,32.96800000,2.59700000,85.61789600,1619828758259,True,True
1820079,32.96800000,7.10000000,234.07280000,1619828789394,True,True
1820080,32.96800000,5.00000000,164.84000000,1619828789394,True,True
1820081,32.96800000,2.38200000,78.52977600,1619828789400,True,True
1820082,32.96400000,2.99700000,98.79310800,1619828794991,False,True
1820083,32.98400000,0.90700000,29.91648800,1619828798850,False,True
1820084,32.99900000,0.42400000,13.99157600,1619828812232,False,True
1820085,32.99900000,0.48300000,15.93851700,1619828812232,False,True
1820086,32.92900000,0.73900000,24.33453100,1619828814820,True,True
1820087,32.92900000,20.26700000,667.37204300,1619828838761,True,True
1820088,33.00000000,96.10000000,3171.30000000,1619828861638,False,True
1820089,33.00000000,37.78700000,1246.97100000,1619828861643,False,True
1820090,33.00000000,11.93700000,393.92100000,1619828861645,False,True
1820091,33.00000000,53.40300000,1762.29900000,1619828861645,False,True
1820092,32.98500000,0.42400000,13.98564000,1619828921368,True,True
1820093,32.98500000,736.09500000,24280.09357500,1619828921368,True,True
1820094,32.98500000,0.42400000,13.98564000,1619828923373,True,True
1820095,32.98500000,0.42400000,13.98564000,1619828923373,True,True
1820096,32.98500000,0.42400000,13.98564000,1619828923373,True,True
1820097,32.98500000,0.42400000,13.98564000,1619828923373,True,True
1820098,32.98500000,0.42400000,13.98564000,1619828923373,True,True
1820099,32.98500000,0.42400000,13.98564000,1619828923373,True,True
1820100,32.98500000,0.42400000,13.98564000,1619828923373,True,True
1820101,32.98500000,0.06500000,2.14402500,1619828923373,True,True
1820102,32.98500000,0.17800000,5.87133000,1619828923375,True,True
1820103,33.05100000,0.42300000,13.98057300,1619828980750,False,True
1820104,33.05100000,0.42300000,13.98057300,1619828980750,False,True
1820105,33.05100000,0.42300000,13.98057300,1619828980750,False,True
1820106,33.05100000,0.42300000,13.98057300,1619828980750,False,True
1820107,33.05100000,0.42300000,13.98057300,1619828980750,False,True
1820108,33.05100000,0.42300000,13.98057300,1619828980750,False,True
1820109,33.05100000,0.42300000,13.98057300,1619828980750,False,True
1820110,33.05100000,0.42300000,13.98057300,1619828980750,False,True
1820111,33.05100000,0.25000000,8.26275000,1619828980750,False,True
1820112,33.05200000,12.15300000,401.68095600,1619828980750,False,True
1820113,33.04700000,0.42400000,14.01192800,1619828986667,False,True
1820114,33.04700000,0.42400000,14.01192800,1619828986667,False,True
1820115,33.04700000,0.42400000,14.01192800,1619828986667,False,True
1820116,33.04700000,0.42400000,14.01192800,1619828986667,False,True
1820117,33.04700000,0.42400000,14.01192800,1619828986667,False,True
1820118,33.04700000,0.42400000,14.01192800,1619828986667,False,True
1820119,33.04700000,0.42400000,14.01192800,1619828986667,False,True
1820120,33.04700000,0.06300000,2.08196100,1619828986667,False,True
1820121,33.04700000,0.36100000,11.92996700,1619828986711,False,True
1820122,33.04700000,0.24200000,7.99737400,1619828986711,False,True
1820123,32.99400000,0.42300000,13.95646200,1619829003613,True,True
1820124,32.99400000,0.42300000,13.95646200,1619829003648,True,True
1820125,32.99400000,0.42300000,13.95646200,1619829003648,True,True
1820126,32.99400000,0.42300000,13.95646200,1619829003648,True,True
1820127,32.99400000,0.42300000,13.95646200,1619829003648,True,True
1820128,32.99400000,0.42300000,13.95646200,1619829003648,True,True
1820129,32.99400000,0.42300000,13.95646200,1619829003648,True,True
1820130,32.99400000,0.42300000,13.95646200,1619829003648,True,True
1820131,32.99400000,0.24900000,8.21550600,1619829003648,True,True
1820132,32.99300000,3.08000000,101.61844000,1619829003648,True,True
1820133,32.99300000,3.21000000,105.90753000,1619829003655,True,True
1820134,33.03300000,6.05400000,199.98178200,1619829036679,False,True
1820135,32.98500000,2.54500000,83.94682500,1619829038413,True,True
1820136,32.98500000,62.55600000,2063.40966000,1619829038413,True,True
1820137,32.98400000,70.64200000,2330.05572800,1619829044189,True,True
1820138,32.92500000,0.42400000,13.96020000,1619829067184,True,True
1820139,32.92500000,0.08600000,2.83155000,1619829067184,True,True
1820140,32.92500000,0.33800000,11.12865000,1619829069783,True,True
1820141,32.92500000,0.42400000,13.96020000,1619829069783,True,True
1820142,32.92500000,0.42400000,13.96020000,1619829069783,True,True
1820143,32.92500000,0.42400000,13.96020000,1619829069783,True,True
1820144,32.92500000,0.42400000,13.96020000,1619829069783,True,True
1820145,32.92500000,0.42400000,13.96020000,1619829069783,True,True
1820146,32.92500000,0.42400000,13.96020000,1619829069783,True,True
1820147,32.92500000,0.15800000,5.20215000,1619829069783,True,True
1820148,32.92500000,0.09000000,2.96325000,1619829069785,True,True
1820149,32.92300000,24.29400000,799.83136200,1619829069789,True,True
1820150,32.90300000,46.96600000,1545.32229800,1619829069789,True,True
1820151,32.90000000,15.18100000,499.45490000,1619829069813,True,True
1820152,32.88400000,95.28000000,3133.18752000,1619829069822,True,True
1820153,32.81200000,2.00000000,65.62400000,1619829116740,False,True
1820154,32.77400000,0.69000000,22.61406000,1619829117079,True,True
1820155,32.77100000,0.63900000,20.94066900,1619829120199,True,True
1820156,32.81400000,3.90000000,127.97460000,1619829122920,False,True
1820157,32.81400000,6.29000000,206.40006000,1619829122922,False,True
1820158,32.81400000,25.00000000,820.35000000,1619829122936,False,True
1820159,32.81400000,15.23700000,499.98691800,1619829138070,True,True
1820160,32.88300000,6.29000000,206.83407000,1619829188307,False,True
1820161,32.85000000,97.01000000,3186.77850000,1619829190766,True,True
1820162,32.81000000,83.96300000,2754.82603000,1619829215990,True,True
1820163,32.81000000,0.42600000,13.97706000,1619829215990,True,True
1820164,32.81000000,0.42600000,13.97706000,1619829215990,True,True
1820165,32.81000000,0.42600000,13.97706000,1619829215990,True,True
1820166,32.81000000,0.42600000,13.97706000,1619829215990,True,True
1820167,32.81000000,0.42600000,13.97706000,1619829215990,True,True
1820168,32.81000000,0.42600000,13.97706000,1619829215990,True,True
1820169,32.81000000,0.42600000,13.97706000,1619829215990,True,True
1820170,32.81000000,0.42600000,13.97706000,1619829215990,True,True
1820171,32.81000000,0.24600000,8.07126000,1619829215990,True,True
1820172,32.80900000,19.57800000,642.33460200,1619829215990,True,True
1820173,32.80600000,38.60000000,1266.31160000,1619829215990,True,True
1820174,32.80000000,2.56100000,84.00080000,1619829216004,False,True
1820175,32.80000000,19.50000000,639.60000000,1619829216012,False,True
1820176,32.80000000,697.13900000,22866.15920000,1619829216016,False,True
1820177,32.80000000,600.23900000,19687.83920000,1619829216017,False,True
1820178,32.88300000,60.92800000,2003.49542400,1619829250601,False,True
1820179,32.86200000,20.97000000,689.11614000,1619829275032,False,True
1820180,32.86200000,4.15100000,136.41016200,1619829286600,False,True
1820181,32.89800000,0.42500000,13.98165000,1619829286717,False,True
1820182,32.89800000,0.42500000,13.98165000,1619829286717,False,True
1820183,32.89800000,0.42500000,13.98165000,1619829286717,False,True
1820184,32.89800000,0.42500000,13.98165000,1619829286717,False,True
1820185,32.89800000,0.42500000,13.98165000,1619829286717,False,True
1820186,32.89800000,0.42500000,13.98165000,1619829286717,False,True
1820187,32.89800000,0.42500000,13.98165000,1619829286717,False,True
1820188,32.89800000,0.06700000,2.20416600,1619829286717,False,True
1820189,32.89800000,0.35800000,11.77748400,1619829286739,False,True
1820190,32.89800000,0.25100000,8.25739800,1619829286739,False,True
1820191,32.89900000,10.77000000,354.32223000,1619829286758,False,True
1820192,32.90000000,1.22000000,40.13800000,1619829286871,False,True
1820193,32.92300000,0.42500000,13.99227500,1619829299932,False,True
1820194,32.92300000,0.42500000,13.99227500,1619829299932,False,True
1820195,32.92300000,0.42500000,13.99227500,1619829299932,False,True
1820196,32.92300000,0.42500000,13.99227500,1619829299932,False,True
1820197,32.92300000,0.42500000,13.99227500,1619829299932,False,True
1820198,32.92300000,0.42500000,13.99227500,1619829299932,False,True
1820199,32.92300000,0.42500000,13.99227500,1619829299932,False,True
1820200,32.92300000,0.06500000,2.13999500,1619829299932,False,True
1820201,32.92300000,0.36000000,11.85228000,1619829299939,False,True
1820202,32.92300000,0.24700000,8.13198100,1619829299939,False,True
1820203,32.92400000,2.00000000,65.84800000,1619829299939,False,True
1820204,32.95300000,0.63900000,21.05696700,1619829299966,False,True
1820205,32.95400000,33.00000000,1087.48200000,1619829299999,False,True
1820206,32.97300000,0.69000000,22.75137000,1619829300485,False,True
1820207,32.97300000,64.66200000,2132.10012600,1619829300485,False,True
1820208,32.97300000,0.00100000,0.03297300,1619829300485,False,True
1820209,33.02800000,0.45500000,15.02774000,1619829304391,False,True
1820210,32.97000000,6.29000000,207.38130000,1619829306781,True,True
1820211,32.97000000,6.29000000,207.38130000,1619829306781,True,True
1820212,32.96900000,9.57100000,315.54629900,1619829306792,True,True
1820213,32.96000000,6.29000000,207.31840000,1619829306792,True,True
1820214,32.95100000,59.01400000,1944.57031400,1619829306792,True,True
1820215,32.94700000,20.33000000,669.81251000,1619829306792,True,True
1820216,32.93900000,32.05500000,1055.85964500,1619829306792,True,True
1820217,32.92800000,0.42500000,13.99440000,1619829312245,False,True
1820218,32.92800000,1.09400000,36.02323200,1619829312245,False,True
1820219,32.93900000,1.37700000,45.35700300,1619829315513,True,True
1820220,32.88700000,1.37700000,45.28539900,1619829315534,True,True
1820221,32.96600000,21.84500000,720.14227000,1619829364818,False,True
1820222,32.92500000,1.51900000,50.01307500,1619829400328,False,True
1820223,32.91900000,1.21500000,39.99658500,1619829400912,False,True
1820224,32.90000000,15.19700000,499.98130000,1619829405836,True,True
1820225,32.88000000,15.20600000,499.97328000,1619829422428,True,True
1820226,32.87000000,3.12500000,102.71875000,1619829423367,True,True
1820227,32.85200000,8.47700000,278.48640400,1619829428390,False,True
1820228,32.86700000,23.68100000,778.32342700,1619829428390,False,True
1820229,32.85100000,0.67900000,22.30582900,1619829445683,True,True
1820230,32.81300000,0.53900000,17.68620700,1619829445683,True,True
1820231,32.81300000,0.42600000,13.97833800,1619829459696,True,True
1820232,32.81300000,21.46200000,704.23260600,1619829459696,True,True
1820233,32.81300000,0.42600000,13.97833800,1619829459697,True,True
1820234,32.81300000,0.42600000,13.97833800,1619829459697,True,True
1820235,32.81300000,0.42600000,13.97833800,1619829459697,True,True
1820236,32.81300000,0.42600000,13.97833800,1619829459697,True,True
1820237,32.81300000,0.42600000,13.97833800,1619829459697,True,True
1820238,32.81300000,0.42600000,13.97833800,1619829459697,True,True
1820239,32.81300000,0.42600000,13.97833800,1619829459697,True,True
1820240,32.81300000,0.24600000,8.07199800,1619829459697,True,True
1820241,32.81000000,2.43800000,79.99078000,1619829463283,True,True
1820242,32.81100000,0.42600000,13.97748600,1619829470246,True,True
1820243,32.81100000,0.42600000,13.97748600,1619829470246,True,True
1820244,32.81100000,0.42600000,13.97748600,1619829470246,True,True
1820245,32.81100000,0.42600000,13.97748600,1619829470246,True,True
1820246,32.81100000,0.42600000,13.97748600,1619829470246,True,True
1820247,32.81100000,0.42600000,13.97748600,1619829470246,True,True
1820248,32.81100000,0.42600000,13.97748600,1619829470246,True,True
1820249,32.81100000,0.06800000,2.23114800,1619829470246,True,True
1820250,32.81100000,0.35800000,11.74633800,1619829470253,True,True
1820251,32.81100000,0.24600000,8.07150600,1619829470253,True,True
1820252,32.81000000,3.63900000,119.39559000,1619829474511,True,True
1820253,32.79300000,0.68000000,22.29924000,1619829492851,True,True
1820254,32.79300000,4.33000000,141.99369000,1619829492851,True,True
1820255,32.79300000,27.79500000,911.48143500,1619829492852,True,True
1820256,32.79200000,4.85900000,159.33632800,1619829496157,False,True
1820257,32.79200000,1.86900000,61.28824800,1619829515674,False,True
1820258,32.79200000,22.83700000,748.87090400,1619829516165,False,True
1820259,32.83500000,57.85900000,1899.80026500,1619829516200,False,True
1820260,32.90000000,2.53000000,83.23700000,1619829516944,False,True
1820261,32.83700000,271.99400000,8931.46697800,1619829586410,False,True
1820262,32.78500000,0.42600000,13.96641000,1619829606515,True,True
1820263,32.78500000,0.42600000,13.96641000,1619829606515,True,True
1820264,32.78500000,0.42600000,13.96641000,1619829606515,True,True
1820265,32.78500000,0.42600000,13.96641000,1619829606515,True,True
1820266,32.78500000,0.42600000,13.96641000,1619829606515,True,True
1820267,32.78500000,0.40000000,13.11400000,1619829606515,True,True
1820268,32.77600000,1.82800000,59.91452800,1619829612199,True,True
1820269,32.77400000,0.69000000,22.61406000,1619829612216,True,True
1820270,32.77100000,0.63900000,20.94066900,1619829613277,True,True
1820271,32.76900000,1.77500000,58.16497500,1619829613330,True,True
1820272,32.75400000,0.30600000,10.02272400,1619829621183,True,True
1820273,32.73800000,1.14400000,37.45227200,1619829625024,True,True
1820274,32.73800000,38.22800000,1251.50826400,1619829625136,True,True
1820275,32.73600000,0.96500000,31.59024000,1619829625332,True,True
1820276,32.73500000,0.68100000,22.29253500,1619829625378,True,True
1820277,32.72600000,3.94500000,129.10407000,1619829640152,True,True
1820278,32.69100000,0.45500000,14.87440500,1619829669365,True,True
1820279,32.70800000,1.07600000,35.19380800,1619829675986,True,True
1820280,32.76500000,0.45500000,14.90807500,1619829686776,False,True
1820281,32.78100000,5.00000000,163.90500000,1619829687358,False,True
1820282,32.84100000,0.45700000,15.00833700,1619829729786,False,True
1820283,32.80600000,0.61900000,20.30691400,1619829749639,False,True
1820284,32.81400000,1.73800000,57.03073200,1619829783288,False,True
1820285,32.77000000,1.07300000,35.16221000,1619829792634,True,True
1820286,32.79600000,60.94900000,1998.88340400,1619829798297,False,True
1820287,32.78700000,0.42700000,14.00004900,1619829819146,False,True
1820288,32.78700000,0.57900000,18.98367300,1619829819146,False,True
1820289,32.78700000,1.52400000,49.96738800,1619829819511,False,True
1820290,32.78700000,2.89700000,94.98393900,1619829821428,False,True
1820291,32.78000000,1.07300000,35.17294000,1619829874644,False,True
1820292,32.78700000,0.30800000,10.09839600,1619829886554,False,True
1820293,32.75400000,111.13100000,3639.98477400,1619829908225,True,True
1820294,32.77300000,0.42700000,13.99407100,1619829916044,False,True
1820295,32.77300000,4.45500000,146.00371500,1619829916044,False,True
1820296,32.72600000,0.42700000,13.97400200,1619829934420,True,True
1820297,32.72600000,0.42700000,13.97400200,1619829934420,True,True
1820298,32.72600000,0.42700000,13.97400200,1619829934420,True,True
1820299,32.72600000,0.42700000,13.97400200,1619829934420,True,True
1820300,32.72600000,0.42700000,13.97400200,1619829934420,True,True
1820301,32.72600000,0.42700000,13.97400200,1619829934420,True,True
1820302,32.72600000,0.42700000,13.97400200,1619829934420,True,True
1820303,32.72600000,0.42700000,13.97400200,1619829934420,True,True
1820304,32.72600000,0.24700000,8.08332200,1619829934420,True,True
1820305,32.72500000,15.03000000,491.85675000,1619829934420,True,True
1820306,32.72500000,32.10000000,1050.47250000,1619829934421,True,True
1820307,32.72500000,2.87000000,93.92075000,1619829934440,True,True
1820308,32.72100000,4.79000000,156.73359000,1619829934589,True,True
1820309,32.69200000,0.42700000,13.95948400,1619829935853,True,True
1820310,32.69200000,0.42700000,13.95948400,1619829935853,True,True
1820311,32.69200000,0.42700000,13.95948400,1619829935853,True,True
1820312,32.69200000,0.42700000,13.95948400,1619829935853,True,True
1820313,32.69200000,0.42700000,13.95948400,1619829935853,True,True
1820314,32.69200000,0.42700000,13.95948400,1619829935853,True,True
1820315,32.69200000,0.42700000,13.95948400,1619829935853,True,True
1820316,32.69200000,0.07300000,2.38651600,1619829935853,True,True
1820317,32.69200000,0.35400000,11.57296800,1619829935855,True,True
1820318,32.69200000,0.25100000,8.20569200,1619829935855,True,True
1820319,32.69100000,9.27000000,303.04557000,1619829935939,True,True
1820320,32.69100000,6.02900000,197.09403900,1619829935944,True,True
1820321,32.68800000,10.77000000,352.04976000,1619829935953,True,True
1820322,32.68700000,1.13300000,37.03437100,1619829936149,True,True
1820323,32.67700000,0.68300000,22.31839100,1619829936274,True,True
1820324,32.66700000,0.30700000,10.02876900,1619829939881,True,True
1820325,32.66600000,0.30700000,10.02846200,1619829940326,True,True
1820326,32.66400000,6.49800000,212.25067200,1619829941386,True,True
1820327,32.65600000,0.64100000,20.93249600,1619829942140,True,True
1820328,32.69100000,2.00000000,65.38200000,1619829976456,False,True
1820329,32.65000000,1.22500000,39.99625000,1619829986372,True,True
1820330,32.66100000,11.64500000,380.33734500,1619830015306,True,True
1820331,32.74700000,0.42700000,13.98296900,1619830073505,False,True
1820332,32.74700000,0.42700000,13.98296900,1619830073505,False,True
1820333,32.74700000,0.41600000,13.62275200,1619830073505,False,True
1820334,32.74700000,0.01100000,0.36021700,1619830089029,False,True
1820335,32.74700000,0.42700000,13.98296900,1619830089029,False,True
1820336,32.74700000,0.01900000,0.62219300,1619830089029,False,True
1820337,32.77200000,0.42700000,13.99364400,1619830121771,False,True
1820338,32.77200000,0.42700000,13.99364400,1619830121771,False,True
1820339,32.77200000,0.42700000,13.99364400,1619830121771,False,True
1820340,32.77200000,0.42700000,13.99364400,1619830121771,False,True
1820341,32.77200000,0.42700000,13.99364400,1619830121771,False,True
1820342,32.77200000,0.42700000,13.99364400,1619830121771,False,True
1820343,32.77200000,0.42700000,13.99364400,1619830121771,False,True
1820344,32.77200000,0.42700000,13.99364400,1619830121771,False,True
1820345,32.77200000,0.24900000,8.16022800,1619830121771,False,True
1820346,32.77300000,12.87000000,421.78851000,1619830121771,False,True
1820347,32.77400000,27.59700000,904.46407800,1619830121771,False,True
1820348,32.76000000,0.42700000,13.98852000,1619830139991,False,True
1820349,32.76000000,21.55400000,706.10904000,1619830139991,False,True
1820350,32.76000000,0.42700000,13.98852000,1619830139991,False,True
1820351,32.76000000,0.42700000,13.98852000,1619830139991,False,True
1820352,32.76000000,0.42700000,13.98852000,1619830139991,False,True
1820353,32.76000000,0.42700000,13.98852000,1619830139991,False,True
1820354,32.76000000,0.42700000,13.98852000,1619830139991,False,True
1820355,32.76000000,0.42700000,13.98852000,1619830139991,False,True
1820356,32.76000000,0.42700000,13.98852000,1619830139991,False,True
1820357,32.76000000,0.25100000,8.22276000,1619830139991,False,True
1820358,32.77400000,1.01500000,33.26561000,1619830140201,False,True
1820359,32.79000000,30.00000000,983.70000000,1619830140391,False,True
1820360,32.79100000,10.77000000,353.15907000,1619830140425,False,True
1820361,32.80000000,15.24300000,499.97040000,1619830140441,False,True
1820362,32.80000000,0.68300000,22.40240000,1619830140441,False,True
1820363,32.77700000,1.08400000,35.53026800,1619830157887,True,True
1820364,32.80700000,1.15800000,37.99050600,1619830159882,True,True
1820365,32.80100000,1.32300000,43.39572300,1619830196440,False,True
1820366,32.67700000,0.68300000,22.31839100,1619830261712,True,True
1820367,32.64200000,0.30700000,10.02109400,1619830329193,True,True
1820368,32.62300000,1.53300000,50.01105900,1619830331167,True,True
1820369,32.62100000,1.32000000,43.05972000,1619830332673,True,True
1820370,32.62000000,1.53300000,50.00646000,1619830332719,True,True
1820371,32.61900000,0.68400000,22.31139600,1619830332850,True,True
1820372,32.60900000,1.78400000,58.17445600,1619830335782,True,True
1820373,32.60800000,0.30700000,10.01065600,1619830366136,True,True
1820374,32.59200000,0.92000000,29.98464000,1619830370152,True,True
1820375,32.59000000,1.01300000,33.01367000,1619830370161,True,True
1820376,32.57700000,0.71800000,23.39028600,1619830370292,True,True
1820377,32.57600000,10.77000000,350.84352000,1619830370686,True,True
1820378,32.57500000,0.69000000,22.47675000,1619830370713,True,True
1820379,32.56900000,0.39000000,12.70191000,1619830399118,True,True
1820380,32.56700000,0.80000000,26.05360000,1619830399174,True,True
1820381,32.56100000,0.68500000,22.30428500,1619830399233,True,True
1820382,32.55800000,1.36400000,44.40911200,1619830399256,True,True
1820383,32.54800000,0.40800000,13.27958400,1619830399315,True,True
1820384,32.57500000,2.60000000,84.69500000,1619830399330,False,True
1820385,32.54200000,0.64400000,20.95704800,1619830399339,True,True
1820386,32.57500000,27.40000000,892.55500000,1619830399422,False,True
1820387,32.57500000,3.05600000,99.54920000,1619830412015,True,True
1820388,32.60800000,5.98000000,194.99584000,1619830413798,False,True
1820389,32.60800000,6.29000000,205.10432000,1619830413799,False,True
1820390,32.60800000,10.67700000,348.15561600,1619830413844,False,True
1820391,32.68400000,0.68500000,22.38854000,1619830416281,False,True
1820392,32.69200000,0.42800000,13.99217600,1619830416364,False,True
1820393,32.69200000,0.42800000,13.99217600,1619830416364,False,True
1820394,32.69200000,0.42800000,13.99217600,1619830416364,False,True
1820395,32.69200000,0.42800000,13.99217600,1619830416364,False,True
1820396,32.69200000,0.42800000,13.99217600,1619830416364,False,True
1820397,32.69200000,0.42800000,13.99217600,1619830416364,False,True
1820398,32.69200000,0.42800000,13.99217600,1619830416364,False,True
1820399,32.69200000,0.06800000,2.22305600,1619830416364,False,True
1820400,32.69200000,0.36000000,11.76912000,1619830416365,False,True
1820401,32.69200000,0.25000000,8.17300000,1619830416365,False,True
1820402,32.68200000,0.42800000,13.98789600,1619830450114,False,True
1820403,32.68200000,0.02900000,0.94777800,1619830450114,False,True
1820404,32.60100000,30.06900000,980.27946900,1619830473198,True,True
1820405,32.66200000,0.42900000,14.01199800,1619830486523,False,True
1820406,32.66200000,0.42900000,14.01199800,1619830486523,False,True
1820407,32.66200000,0.42900000,14.01199800,1619830486523,False,True
1820408,32.66200000,0.42900000,14.01199800,1619830486523,False,True
1820409,32.66200000,0.42900000,14.01199800,1619830486523,False,True
1820410,32.66200000,0.42900000,14.01199800,1619830486523,False,True
1820411,32.66200000,0.42900000,14.01199800,1619830486523,False,True
1820412,32.66200000,0.06400000,2.09036800,1619830486523,False,True
1820413,32.66200000,0.36500000,11.92163000,1619830486524,False,True
1820414,32.66200000,0.24500000,8.00219000,1619830486524,False,True
1820415,32.66500000,3.38000000,110.40770000,1619830486546,False,True
1820416,32.72300000,0.60000000,19.63380000,1619830513133,False,True
1820417,32.72300000,0.04400000,1.43981200,1619830513252,False,True
1820418,32.74200000,0.68400000,22.39552800,1619830550613,False,True
1820419,32.77400000,0.69000000,22.61406000,1619830583471,False,True
1820420,32.69700000,6.10200000,199.51709400,1619830638147,False,True
1820421,32.75700000,15.28200000,500.59247400,1619830641314,False,True
1820422,32.70000000,0.31000000,10.13700000,1619830673105,False,True
1820423,32.67700000,1.37100000,44.80016700,1619830690805,True,True
1820424,32.67700000,6.06700000,198.25135900,1619830706083,True,True
1820425,32.73900000,16.15800000,528.99676200,1619830711900,False,True
1820426,32.73900000,30.00000000,982.17000000,1619830711900,False,True
1820427,32.73900000,15.44400000,505.62111600,1619830711909,True,True
1820428,32.67800000,25.81900000,843.71328200,1619830716757,True,True
1820429,32.73500000,6.06700000,198.60324500,1619830722132,False,True
1820430,32.73500000,24.55200000,803.70972000,1619830722132,False,True
1820431,32.68300000,1.54000000,50.33182000,1619830748715,True,True
1820432,32.73200000,1.13500000,37.15082000,1619830756278,False,True
1820433,32.73200000,1.00000000,32.73200000,1619830786503,False,True
1820434,32.80000000,0.68300000,22.40240000,1619830786750,False,True
1820435,32.80000000,33.00000000,1082.40000000,1619830786750,False,True
1820436,32.83200000,33.00000000,1083.45600000,1619830786841,False,True
1820437,32.83300000,10.77000000,353.61141000,1619830786857,False,True
1820438,32.83400000,1.78400000,58.57585600,1619830786895,False,True
1820439,32.83700000,0.64100000,21.04851700,1619830786903,False,True
1820440,32.83700000,0.80000000,26.26960000,1619830786903,False,True
1820441,32.84900000,33.00000000,1084.01700000,1619830787079,False,True
1820442,32.85000000,5.03000000,165.23550000,1619830787096,False,True
1820443,32.85800000,0.68100000,22.37629800,1619830787296,False,True
1820444,32.87200000,26.22400000,862.03532800,1619830787371,False,True
1820445,32.87300000,33.00000000,1084.80900000,1619830787379,False,True
1820446,32.87700000,121.88000000,4007.04876000,1619830787391,False,True
1820447,32.87700000,0.40800000,13.41381600,1619830787391,False,True
1820448,32.87300000,3.00000000,98.61900000,1619830789055,True,True
1820449,32.87300000,2.00000000,65.74600000,1619830789055,True,True
1820450,32.87300000,2.00000000,65.74600000,1619830789055,True,True
1820451,32.77500000,38.93000000,1275.93075000,1619830803485,False,True
1820452,32.73500000,0.68100000,22.29253500,1619830859891,True,True
1820453,32.77700000,60.29100000,1976.15810700,1619830863949,False,True
1820454,32.77700000,0.72700000,23.82887900,1619830863956,True,True
1820455,32.67700000,0.68300000,22.31839100,1619830883258,True,True
1820456,32.67000000,33.00000000,1078.11000000,1619830883269,True,True
1820457,32.65600000,0.64100000,20.93249600,1619830890031,True,True
1820458,32.68400000,0.30700000,10.03398800,1619830925829,True,True
1820459,32.71800000,0.30700000,10.04442600,1619830939913,False,True
1820460,32.71900000,0.55000000,17.99545000,1619830939913,False,True
1820461,32.72000000,9.79400000,320.45968000,1619830949225,True,True
1820462,32.72000000,1.43800000,47.05136000,1619830949235,True,True
1820463,32.66100000,0.42700000,13.94624700,1619830949241,True,True
1820464,32.66100000,0.42700000,13.94624700,1619830949241,True,True
1820465,32.66100000,0.14600000,4.76850600,1619830949241,True,True
1820466,32.66100000,3.06900000,100.23660900,1619830977617,False,True
1820467,32.67000000,11.20000000,365.90400000,1619830990155,False,True
1820468,32.67000000,0.02100000,0.68607000,1619830990157,False,True
1820469,32.67000000,10.83200000,353.88144000,1619831017976,True,True
1820470,32.66200000,3.61200000,117.97514400,1619831025027,True,True
1820471,32.65000000,11.21600000,366.20240000,1619831052410,True,True
1820472,32.61900000,0.68400000,22.31139600,1619831052738,True,True
1820473,32.60900000,1.78400000,58.17445600,1619831053846,True,True
1820474,32.60000000,8.23600000,268.49360000,1619831054776,True,True
1820475,32.60000000,15.32500000,499.59500000,1619831055846,True,True
1820476,32.62800000,14.44400000,471.27883200,1619831065007,False,True
1820477,32.62800000,0.42900000,13.99741200,1619831065007,False,True
1820478,32.60000000,4.73900000,154.49140000,1619831077081,True,True
1820479,32.57500000,451.64000000,14712.17300000,1619831085909,True,True
1820480,32.66900000,3.39200000,110.81324800,1619831088632,False,True
1820481,32.57600000,6.28000000,204.57728000,1619831101593,True,True
1820482,32.57500000,195.74600000,6376.42595000,1619831101622,True,True
1820483,32.58000000,0.30700000,10.00206000,1619831117791,True,True
1820484,32.57600000,3.39000000,110.43264000,1619831118449,True,True
1820485,32.57500000,44.00000000,1433.30000000,1619831118498,True,True
1820486,32.57500000,9.83100000,320.24482500,1619831118602,True,True
1820487,32.57500000,44.00000000,1433.30000000,1619831118762,True,True
1820488,32.57500000,10.09000000,328.68175000,1619831118902,True,True
1820489,32.57500000,14.74600000,480.35095000,1619831119089,True,True
1820490,32.57500000,34.00000000,1107.55000000,1619831119154,True,True
1820491,32.57500000,4.91700000,160.17127500,1619831119249,True,True
1820492,32.57500000,44.00000000,1433.30000000,1619831119436,True,True
1820493,32.57500000,44.00000000,1433.30000000,1619831119942,True,True
1820494,32.57500000,42.80000000,1394.21000000,1619831120254,True,True
1820495,32.57500000,5.39900000,175.87242500,1619831120960,True,True
1820496,32.57500000,9.83600000,320.40770000,1619831121078,True,True
1820497,32.57500000,34.00000000,1107.55000000,1619831121600,True,True
1820498,32.60000000,6.28000000,204.72800000,1619831121700,False,True
1820499,32.57500000,50.16500000,1634.12487500,1619831123278,True,True
1820500,32.57600000,0.42900000,13.97510400,1619831138950,True,True
1820501,32.57600000,0.42900000,13.97510400,1619831138950,True,True
1820502,32.57600000,0.42900000,13.97510400,1619831138950,True,True
1820503,32.57600000,0.42900000,13.97510400,1619831138950,True,True
1820504,32.57600000,0.42900000,13.97510400,1619831138950,True,True
1820505,32.57600000,0.42900000,13.97510400,1619831138950,True,True
1820506,32.57600000,0.42900000,13.97510400,1619831138950,True,True
1820507,32.57600000,0.42900000,13.97510400,1619831138950,True,True
1820508,32.57600000,0.24800000,8.07884800,1619831138950,True,True
1820509,32.57500000,3.42800000,111.66710000,1619831138950,True,True
1820510,32.57500000,58.00000000,1889.35000000,1619831138965,True,True
1820511,32.57500000,10.00000000,325.75000000,1619831138969,True,True
1820512,32.57500000,42.45900000,1383.10192500,1619831139219,True,True
1820513,32.57500000,1.00000000,32.57500000,1619831139241,True,True
1820514,32.57500000,9.00000000,293.17500000,1619831139246,True,True
1820515,32.57500000,31.00000000,1009.82500000,1619831139288,True,True
1820516,32.57500000,9.00000000,293.17500000,1619831139295,True,True
1820517,32.57500000,49.84000000,1623.53800000,1619831139330,True,True
1820518,32.57500000,70.00000000,2280.25000000,1619831139491,True,True
1820519,32.57500000,28.89000000,941.09175000,1619831139585,True,True
1820520,32.57500000,0.60700000,19.77302500,1619831139635,True,True
1820521,32.57500000,9.79800000,319.16985000,1619831140181,True,True
1820522,32.57500000,44.00000000,1433.30000000,1619831140258,True,True
1820523,32.57500000,9.83500000,320.37512500,1619831140337,True,True
1820524,32.57500000,4.00400000,130.43030000,1619831142490,True,True
1820525,32.57500000,50.60400000,1648.42530000,1619831148402,True,True
1820526,32.57500000,2.40000000,78.18000000,1619831148689,True,True
1820527,32.57500000,85.01500000,2769.36362500,1619831152729,True,True
1820528,32.57500000,90.39400000,2944.58455000,1619831152781,True,True
1820529,32.57500000,88.04900000,2868.19617500,1619831152830,True,True
1820530,32.57500000,67.63300000,2203.14497500,1619831152887,True,True
1820531,32.57500000,23.17000000,754.76275000,1619831164204,True,True
1820532,32.57500000,30.76800000,1002.26760000,1619831166384,True,True
1820533,32.57500000,215.68800000,7026.03660000,1619831167515,True,True
1820534,32.57500000,70.42600000,2294.12695000,1619831167517,True,True
1820535,32.57500000,8.00000000,260.60000000,1619831168671,True,True
1820536,32.57500000,12.62300000,411.19422500,1619831170471,True,True
1820537,32.57500000,7.55000000,245.94125000,1619831173953,True,True
1820538,32.57500000,200.61500000,6535.03362500,1619831174565,True,True
1820539,32.57500000,42.67300000,1390.07297500,1619831174589,True,True
1820540,32.57500000,1.20000000,39.09000000,1619831175712,True,True
1820541,32.57500000,2.60100000,84.72757500,1619831177520,True,True
1820542,32.57500000,16.80000000,547.26000000,1619831178639,True,True
1820543,32.57500000,6.41800000,209.06635000,1619831178685,True,True
1820544,32.57500000,23.08200000,751.89615000,1619831178732,True,True
1820545,32.57500000,1.39900000,45.57242500,1619831179841,True,True
1820546,32.57500000,1.23900000,40.36042500,1619831184428,True,True
1820547,32.57500000,82.31000000,2681.24825000,1619831186043,True,True
1820548,32.57500000,9.83500000,320.37512500,1619831186592,True,True
1820549,32.57500000,240.00000000,7818.00000000,1619831190299,True,True
1820550,32.57500000,120.00000000,3909.00000000,1619831190350,True,True
1820551,32.57500000,18.33600000,597.29520000,1619831190358,True,True
1820552,32.57500000,34.00000000,1107.55000000,1619831190388,True,True
1820553,32.57500000,113.34600000,3692.24595000,1619831190416,True,True
1820554,32.57500000,41.71000000,1358.70325000,1619831190465,True,True
1820555,32.57500000,14.00000000,456.05000000,1619831190469,True,True
1820556,32.57500000,173.60800000,5655.28060000,1619831190495,True,True
1820557,32.57500000,44.00000000,1433.30000000,1619831190612,True,True
1820558,32.57500000,9.60000000,312.72000000,1619831190682,True,True
1820559,32.57500000,44.00000000,1433.30000000,1619831190778,True,True
1820560,32.57500000,28.00000000,912.10000000,1619831191102,True,True
1820561,32.57500000,28.00000000,912.10000000,1619831191201,True,True
1820562,32.57500000,28.00000000,912.10000000,1619831191294,True,True
1820563,32.57500000,44.00000000,1433.30000000,1619831191468,True,True
1820564,32.57500000,8.83400000,287.76755000,1619831191499,True,True
1820565,32.57500000,95.95900000,3125.86442500,1619831191602,True,True
1820566,32.57500000,34.00000000,1107.55000000,1619831191940,True,True
1820567,32.57500000,0.31000000,10.09825000,1619831193093,True,True
1820568,32.60100000,2.00000000,65.20200000,1619831193213,True,True
1820569,32.57500000,2.00000000,65.15000000,1619831193242,True,True
1820570,32.57500000,9.83600000,320.40770000,1619831198783,True,True
1820571,32.57500000,70.00000000,2280.25000000,1619831198876,True,True
1820572,32.57500000,19.67000000,640.75025000,1619831198931,True,True
1820573,32.57500000,44.00000000,1433.30000000,1619831199552,True,True
1820574,32.57500000,22.40000000,729.68000000,1619831200091,True,True
1820575,32.57500000,44.00000000,1433.30000000,1619831202545,True,True
1820576,32.57500000,29.90800000,974.25310000,1619831203017,True,True
1820577,32.57500000,2.95100000,96.12882500,1619831205547,True,True
1820578,32.57500000,0.69000000,22.47675000,1619831205547,True,True
1820579,32.56700000,0.80000000,26.05360000,1619831207365,True,True
1820580,32.56100000,0.68500000,22.30428500,1619831209732,True,True
1820581,32.56000000,11.20400000,364.80224000,1619831229990,False,True
1820582,32.54800000,0.40800000,13.27958400,1619831234687,True,True
1820583,32.54200000,0.64400000,20.95704800,1619831234734,True,True
1820584,32.50900000,0.97200000,31.59874800,1619831250062,True,True
1820585,32.50300000,0.68600000,22.29705800,1619831250088,True,True
1820586,32.50000000,3.07300000,99.87250000,1619831250111,True,True
1820587,32.50000000,9.86300000,320.54750000,1619831250111,True,True
1820588,32.50000000,0.85700000,27.85250000,1619831250111,True,True
1820589,32.50000000,7.00000000,227.50000000,1619831250114,True,True
1820590,32.50000000,5.00000000,162.50000000,1619831250124,True,True
1820591,32.50000000,6.28000000,204.10000000,1619831250180,True,True
1820592,32.50000000,1.76900000,57.49250000,1619831250180,True,True
1820593,32.50000000,3.83100000,124.50750000,1619831250180,True,True
1820594,32.50000000,69.99900000,2274.96750000,1619831250491,True,True
1820595,32.50000000,1.22800000,39.91000000,1619831250513,True,True
1820596,32.50000000,28.56500000,928.36250000,1619831250553,True,True
1820597,32.50000000,70.00000000,2275.00000000,1619831250589,True,True
1820598,32.50000000,87.67500000,2849.43750000,1619831250796,True,True
1820599,32.50000000,6.40000000,208.00000000,1619831250837,True,True
1820600,32.50000000,49.75500000,1617.03750000,1619831250893,True,True
1820601,32.50000000,3.80000000,123.50000000,1619831250943,True,True
1820602,32.50000000,49.75500000,1617.03750000,1619831250993,True,True
1820603,32.50000000,49.80000000,1618.50000000,1619831251041,True,True
1820604,32.50000000,10.78300000,350.44750000,1619831251094,True,True
1820605,32.50000000,23.09100000,750.45750000,1619831251153,True,True
1820606,32.50000000,83.80000000,2723.50000000,1619831251254,True,True
1820607,32.50000000,44.00000000,1430.00000000,1619831251295,True,True
1820608,32.50000000,84.71400000,2753.20500000,1619831251339,True,True
1820609,32.50000000,95.70000000,3110.25000000,1619831251392,True,True
1820610,32.50000000,97.20000000,3159.00000000,1619831251432,True,True
1820611,32.50000000,18.30000000,594.75000000,1619831251603,True,True
1820612,32.50000000,34.00000000,1105.00000000,1619831251890,True,True
1820613,32.50000000,84.63600000,2750.67000000,1619831251930,True,True
1820614,32.50000000,2.96800000,96.46000000,1619831251983,True,True
1820615,32.49600000,0.61600000,20.01753600,1619831252777,True,True
1820616,32.46700000,1.09000000,35.38903000,1619831258374,True,True
1820617,32.48200000,12.00000000,389.78400000,1619831285281,True,True
1820618,32.48000000,6.79000000,220.53920000,1619831300588,False,True
1820619,32.54400000,0.52400000,17.05305600,1619831315124,False,True
1820620,32.46800000,1.00000000,32.46800000,1619831367802,True,True
1820621,32.56400000,0.43000000,14.00252000,1619831433711,False,True
1820622,32.56400000,0.43000000,14.00252000,1619831433711,False,True
1820623,32.56400000,0.43000000,14.00252000,1619831433711,False,True
1820624,32.56400000,0.43000000,14.00252000,1619831433711,False,True
1820625,32.56400000,0.43000000,14.00252000,1619831433711,False,True
1820626,32.56400000,0.43000000,14.00252000,1619831433711,False,True
1820627,32.56400000,0.43000000,14.00252000,1619831433711,False,True
1820628,32.56400000,0.06600000,2.14922400,1619831433711,False,True
1820629,32.56400000,0.36400000,11.85329600,1619831433712,False,True
1820630,32.56400000,0.24900000,8.10843600,1619831433712,False,True
1820631,32.56600000,6.29000000,204.84014000,1619831433721,False,True
1820632,32.58000000,1.44000000,46.91520000,1619831433761,False,True
1820633,32.57300000,0.43000000,14.00639000,1619831464506,False,True
1820634,32.57300000,0.43000000,14.00639000,1619831464506,False,True
1820635,32.57300000,0.43000000,14.00639000,1619831464506,False,True
1820636,32.57300000,0.43000000,14.00639000,1619831464506,False,True
1820637,32.57300000,0.43000000,14.00639000,1619831464506,False,True
1820638,32.57300000,0.43000000,14.00639000,1619831464506,False,True
1820639,32.57300000,0.43000000,14.00639000,1619831464506,False,True
1820640,32.57300000,0.43000000,14.00639000,1619831464506,False,True
1820641,32.57300000,0.24800000,8.07810400,1619831464506,False,True
1820642,32.62500000,0.68600000,22.38075000,1619831486413,False,True
1820643,32.68400000,0.68500000,22.38854000,1619831513615,False,True
1820644,32.71400000,6.03300000,197.36356200,1619831513615,False,True
1820645,32.70900000,5.96700000,195.17460300,1619831560457,False,True
1820646,32.71000000,7.79300000,254.90903000,1619831560457,False,True
1820647,32.70900000,7.64400000,250.02759600,1619831561174,False,True
1820648,32.71000000,392.20700000,12829.09097000,1619831598982,False,True
1820649,32.70900000,6.29000000,205.73961000,1619831609800,False,True
1820650,32.70900000,24.95700000,816.31851300,1619831611291,False,True
1820651,32.68800000,1.00000000,32.68800000,1619831645973,False,True
1820652,32.68800000,19.00000000,621.07200000,1619831645987,False,True
1820653,32.72300000,0.64400000,21.07361200,1619831686707,False,True
1820654,32.74200000,0.68400000,22.39552800,1619831686813,False,True
1820655,32.71700000,6.29000000,205.78993000,1619831715345,True,True
1820656,32.71700000,0.42700000,13.97015900,1619831715372,True,True
1820657,32.71700000,0.42700000,13.97015900,1619831715451,True,True
1820658,32.71700000,0.42700000,13.97015900,1619831715451,True,True
1820659,32.71700000,0.42700000,13.97015900,1619831715451,True,True
1820660,32.71700000,0.42700000,13.97015900,1619831715451,True,True
1820661,32.71700000,0.42700000,13.97015900,1619831715451,True,True
1820662,32.71700000,0.42700000,13.97015900,1619831715451,True,True
1820663,32.71700000,0.42700000,13.97015900,1619831715451,True,True
1820664,32.71700000,0.07300000,2.38834100,1619831715451,True,True
1820665,32.77400000,0.69000000,22.61406000,1619831794130,False,True
1820666,32.72800000,1.80900000,59.20495200,1619831799192,True,True
1820667,32.72700000,13.25400000,433.76365800,1619831807040,True,True
1820668,32.75000000,21.44000000,702.16000000,1619831848253,True,True
1820669,32.79100000,5.52900000,181.30143900,1619831983912,False,True
1820670,32.80000000,0.68300000,22.40240000,1619831986761,False,True
1820671,32.80000000,0.97200000,31.88160000,1619831986761,False,True
1820672,32.81200000,19.57800000,642.39333600,1619831986986,False,True
1820673,32.83400000,1.78400000,58.57585600,1619831990221,False,True
1820674,32.83500000,0.92400000,30.33954000,1619831990566,False,True
1820675,32.83700000,0.64100000,21.04851700,1619831991026,False,True
1820676,32.83700000,0.80000000,26.26960000,1619831991026,False,True
1820677,32.81100000,1.44000000,47.24784000,1619832002180,True,True
1820678,32.81100000,3.43000000,112.54173000,1619832002182,True,True
1820679,32.84500000,16.44400000,540.10318000,1619832018471,False,True
1820680,32.84500000,0.38300000,12.57963500,1619832055886,False,True
1820681,32.85800000,0.68100000,22.37629800,1619832064574,False,True
1820682,32.87700000,0.40800000,13.41381600,1619832064574,False,True
1820683,32.88200000,0.75400000,24.79302800,1619832064574,False,True
1820684,32.91600000,0.68000000,22.38288000,1619832131605,False,True
1820685,32.94700000,0.60800000,20.03177600,1619832132905,False,True
1820686,32.94700000,0.00600000,0.19768200,1619832136469,False,True
1820687,32.95300000,0.63900000,21.05696700,1619832137055,False,True
1820688,32.96400000,2.74500000,90.48618000,1619832138920,False,True
1820689,32.97300000,0.69000000,22.75137000,1619832138953,False,True
1820690,32.97500000,0.67900000,22.39002500,1619832138953,False,True
1820691,32.96500000,2.70000000,89.00550000,1619832142466,True,True
1820692,32.96500000,0.91000000,29.99815000,1619832142466,True,True
1820693,32.99500000,0.30700000,10.12946500,1619832143549,False,True
1820694,32.92400000,0.91200000,30.02668800,1619832147412,False,True
1820695,32.99400000,0.91000000,30.02454000,1619832161251,False,True
1820696,32.99500000,1.46800000,48.43666000,1619832163535,False,True
1820697,33.00000000,30.88300000,1019.13900000,1619832169202,False,True
1820698,33.00000000,24.43000000,806.19000000,1619832169202,False,True
1820699,33.00000000,9.55000000,315.15000000,1619832169202,False,True
1820700,33.00000000,0.50100000,16.53300000,1619832169202,False,True
1820701,33.00000000,0.00100000,0.03300000,1619832169203,False,True
1820702,33.00100000,5.22100000,172.29822100,1619832169247,True,True
1820703,33.00100000,3.18100000,104.97618100,1619832169507,True,True
1820704,32.96500000,6.81900000,224.78833500,1619832171515,True,True
1820705,32.96500000,1.36200000,44.89833000,1619832171527,True,True
1820706,33.00100000,0.80200000,26.46680200,1619832178310,True,True
1820707,33.02200000,1.36400000,45.04200800,1619832181783,False,True
1820708,33.02900000,0.96500000,31.87298500,1619832181783,False,True
1820709,33.03300000,0.67900000,22.42940700,1619832182834,False,True
1820710,33.03500000,2.00000000,66.07000000,1619832182879,False,True
1820711,33.03500000,0.07700000,2.54369500,1619832183013,False,True
1820712,33.05500000,0.66800000,22.08074000,1619832185245,False,True
1820713,33.05500000,2.13400000,70.53937000,1619832185245,False,True
1820714,33.05500000,1.82900000,60.45759500,1619832185245,False,True
1820715,33.05500000,0.60800000,20.09744000,1619832185245,False,True
1820716,33.05800000,1.70000000,56.19860000,1619832185279,False,True
1820717,33.05800000,0.05000000,1.65290000,1619832185417,False,True
1820718,33.06000000,4.09100000,135.24846000,1619832186460,False,True
1820719,33.06000000,0.00100000,0.03306000,1619832186460,False,True
1820720,33.06100000,4.00000000,132.24400000,1619832187181,False,True
1820721,33.06500000,1.07100000,35.41261500,1619832190173,False,True
1820722,33.06500000,25.00000000,826.62500000,1619832190173,False,True
1820723,33.06510000,3.75000000,123.99412500,1619832190173,False,True
1820724,33.06580000,3.05000000,100.85069000,1619832190173,False,True
1820725,33.06600000,2.01600000,66.66105600,1619832190173,False,True
1820726,33.07300000,1.23000000,40.67979000,1619832190173,False,True
1820727,33.07450000,0.63000000,20.83693500,1619832190173,False,True
1820728,33.08000000,0.30900000,10.22172000,1619832190173,False,True
1820729,33.08900000,23.11400000,764.81914600,1619832190173,False,True
1820730,33.09000000,35.66000000,1179.98940000,1619832190173,False,True
1820731,33.09000000,0.61500000,20.35035000,1619832190173,False,True
1820732,33.09110000,0.59000000,19.52374900,1619832190173,False,True
1820733,33.09200000,0.67900000,22.46946800,1619832190173,False,True
1820734,33.09400000,0.61500000,20.35281000,1619832190173,False,True
1820735,33.09900000,48.72200000,1612.64947800,1619832190173,False,True
1820736,33.09900000,17.84600000,590.68475400,1619832190173,False,True
1820737,33.10000000,17.61000000,582.89100000,1619832190173,False,True
1820738,33.10000000,1.00000000,33.10000000,1619832190173,False,True
1820739,33.10200000,0.30900000,10.22851800,1619832190173,False,True
1820740,33.10200000,0.30900000,10.22851800,1619832190173,False,True
1820741,33.10200000,47.91800000,1586.18163600,1619832190173,False,True
1820742,33.10200000,62.05900000,2054.27701800,1619832190173,False,True
1820743,33.10800000,0.80000000,26.48640000,1619832190173,False,True
1820744,33.10800000,0.58000000,19.20264000,1619832190173,False,True
1820745,33.11000000,1.00000000,33.11000000,1619832190173,False,True
1820746,33.11000000,57.93000000,1918.06230000,1619832190173,False,True
1820747,33.11300000,0.30200000,10.00012600,1619832190173,False,True
1820748,33.11600000,0.30600000,10.13349600,1619832190173,False,True
1820749,33.11700000,1.05700000,35.00466900,1619832190173,False,True
1820750,33.11800000,0.61100000,20.23509800,1619832190199,False,True
1820751,33.12300000,3.05200000,101.09139600,1619832190209,False,True
1820752,33.12400000,0.50000000,16.56200000,1619832190222,False,True
1820753,33.12600000,3.05200000,101.10055200,1619832190245,False,True
1820754,33.14600000,0.76700000,25.42298200,1619832190332,False,True
1820755,33.14800000,0.48900000,16.20937200,1619832190347,False,True
1820756,33.15000000,1.76100000,58.37715000,1619832190366,False,True
1820757,33.15000000,21.95400000,727.77510000,1619832190366,False,True
1820758,33.15000000,0.67900000,22.50885000,1619832190366,False,True
1820759,33.15600000,0.91600000,30.37089600,1619832190689,False,True
1820760,33.15600000,1.76600000,58.55349600,1619832190689,False,True
1820761,33.16300000,0.91000000,30.17833000,1619832191025,False,True
1820762,33.16700000,0.30900000,10.24860300,1619832191211,False,True
1820763,33.16800000,1.05600000,35.02540800,1619832193051,False,True
1820764,33.16800000,1.05600000,35.02540800,1619832193055,False,True
1820765,33.16800000,0.60300000,20.00030400,1619832193082,False,True
1820766,33.16800000,0.30500000,10.11624000,1619832193093,False,True
1820767,33.16800000,0.48300000,16.02014400,1619832193128,False,True
1820768,33.16800000,0.60300000,20.00030400,1619832193163,False,True
1820769,33.16900000,0.61400000,20.36576600,1619832193296,False,True
1820770,33.16800000,0.30500000,10.11624000,1619832193352,True,True
1820771,33.16800000,0.30500000,10.11624000,1619832193352,True,True
1820772,33.17460000,0.30500000,10.11825300,1619832193385,False,True
1820773,33.16800000,0.60300000,20.00030400,1619832193572,True,True
1820774,33.14400000,0.90500000,29.99532000,1619832194115,True,True
1820775,33.17400000,3.10900000,103.13796600,1619832195365,False,True
1820776,33.17400000,5.47100000,181.49495400,1619832196035,False,True
1820777,33.17400000,2.46000000,81.60804000,1619832196035,False,True
1820778,33.17460000,0.38500000,12.77222100,1619832196063,False,True
1820779,33.17500000,1.21500000,40.30762500,1619832196063,False,True
1820780,33.17900000,3.01400000,100.00150600,1619832196063,False,True
1820781,33.18750000,1.26000000,41.81625000,1619832196063,False,True
1820782,33.18900000,63.24600000,2099.07149400,1619832196063,False,True
1820783,33.18900000,3.28000000,108.85992000,1619832196081,False,True
1820784,33.18900000,1.56000000,51.77484000,1619832196085,False,True
1820785,33.18900000,210.00000000,6969.69000000,1619832196134,False,True
1820786,33.18900000,154.38000000,5123.71782000,1619832196134,False,True
1820787,33.18100000,60.00000000,1990.86000000,1619832197089,True,True
1820788,33.18100000,0.90400000,29.99562400,1619832197089,True,True
1820789,33.19220000,0.63000000,20.91108600,1619832198340,False,True
1820790,33.19300000,0.57600000,19.11916800,1619832198475,True,True
1820791,33.19300000,3.01300000,100.01050900,1619832198475,True,True
1820792,33.19400000,0.61400000,20.38111600,1619832201144,False,True
1820793,33.19400000,3.32800000,110.46963200,1619832201144,False,True
1820794,33.19500000,0.30900000,10.25725500,1619832201144,False,True
1820795,33.19600000,0.91000000,30.20836000,1619832201144,False,True
1820796,33.20000000,1.00000000,33.20000000,1619832201144,False,True
1820797,33.20000000,6.08000000,201.85600000,1619832201144,False,True
1820798,33.20000000,30.00000000,996.00000000,1619832201169,True,True
1820799,33.20000000,30.00000000,996.00000000,1619832201553,True,True
1820800,33.20000000,20.00000000,664.00000000,1619832201563,True,True
1820801,33.20000000,5.00000000,166.00000000,1619832201566,True,True
1820802,33.20000000,32.02700000,1063.29640000,1619832201582,True,True
1820803,33.20000000,5.18000000,171.97600000,1619832201603,True,True
1820804,33.20900000,0.36900000,12.25412100,1619832201643,False,True
1820805,33.20900000,0.03100000,1.02947900,1619832203085,False,True
1820806,33.20900000,0.27400000,9.09926600,1619832203148,True,True
1820807,33.14500000,2.44800000,81.13896000,1619832204426,True,True
1820808,33.14700000,0.92000000,30.49524000,1619832204645,True,True
1820809,33.21000000,0.67900000,22.54959000,1619832205746,False,True
1820810,33.21700000,2.44800000,81.31521600,1619832205746,False,True
1820811,33.21800000,0.91000000,30.22838000,1619832205746,False,True
1820812,33.21900000,0.30700000,10.19823300,1619832205746,False,True
1820813,33.21900000,19.11200000,634.88152800,1619832205746,False,True
1820814,33.22000000,0.30500000,10.13210000,1619832207844,False,True
1820815,33.22000000,5.19000000,172.41180000,1619832217430,False,True
1820816,33.22000000,7.18400000,238.65248000,1619832217908,False,True
1820817,33.22200000,0.66300000,22.02618600,1619832217916,False,True
1820818,33.23100000,1.00000000,33.23100000,1619832217925,False,True
1820819,33.23100000,49.07300000,1630.74486300,1619832217925,False,True
1820820,33.24200000,0.90300000,30.01752600,1619832220962,False,True
1820821,33.24200000,0.75300000,25.03122600,1619832221319,False,True
1820822,33.24200000,1.50500000,50.02921000,1619832232039,False,True
1820823,33.24200000,0.18500000,6.14977000,1619832249264,False,True
1820824,33.24200000,0.71700000,23.83451400,1619832249277,True,True
1820825,33.23200000,0.92000000,30.57344000,1619832252126,False,True
1820826,33.23200000,2.09000000,69.45488000,1619832252131,True,True
1820827,33.23200000,0.30400000,10.10252800,1619832260578,True,True
1820828,33.18300000,0.55100000,18.28383300,1619832261993,True,True
1820829,33.23300000,0.55100000,18.31138300,1619832278952,False,True
1820830,33.23300000,0.44500000,14.78868500,1619832278952,False,True
1820831,33.23300000,13.50900000,448.94459700,1619832279198,False,True
1820832,33.25700000,6.02400000,200.34016800,1619832304952,False,True
1820833,33.25700000,0.90300000,30.03107100,1619832313112,True,True
1820834,33.25700000,6.44600000,214.37462200,1619832321524,True,True
1820835,33.25800000,0.54200000,18.02583600,1619832325615,False,True
1820836,33.25800000,0.06700000,2.22828600,1619832327426,False,True
1820837,33.25900000,1.14500000,38.08155500,1619832327426,False,True
1820838,33.26000000,5.73300000,190.67958000,1619832327426,False,True
1820839,33.26000000,0.60200000,20.02252000,1619832329412,False,True
1820840,33.26000000,0.30400000,10.11104000,1619832348687,False,True
1820841,33.19000000,6.76500000,224.53035000,1619832348777,True,True
1820842,33.25400000,3.65300000,121.47686200,1619832392060,True,True
1820843,33.19200000,3.65300000,121.25037600,1619832392092,True,True
1820844,33.19300000,1.05400000,34.98542200,1619832403544,True,True
1820845,33.18100000,3.00000000,99.54300000,1619832405586,True,True
1820846,33.18100000,0.37000000,12.27697000,1619832405586,True,True
1820847,33.17700000,0.93700000,31.08684900,1619832412546,True,True
1820848,33.17200000,1.44000000,47.76768000,1619832412546,True,True
1820849,33.13200000,33.00000000,1093.35600000,1619832412611,True,True
1820850,33.13200000,33.00000000,1093.35600000,1619832412749,True,True
1820851,33.11100000,10.77000000,356.60547000,1619832412758,True,True
1820852,33.11000000,22.23000000,736.03530000,1619832412758,True,True
1820853,33.11000000,90.77000000,3005.39470000,1619832412787,True,True
1820854,33.09000000,1.75800000,58.17222000,1619832413008,True,True
1820855,33.08500000,0.67400000,22.29929000,1619832413057,True,True
1820856,33.07900000,4.58400000,151.63413600,1619832413057,True,True
1820857,33.04000000,1.21500000,40.14360000,1619832414369,True,True
1820858,33.04200000,0.92800000,30.66297600,1619832416974,True,True
1820859,33.04200000,0.55000000,18.17310000,1619832417004,True,True
1820860,33.04200000,0.31000000,10.24302000,1619832417036,True,True
1820861,33.04200000,4.79000000,158.27118000,1619832417430,True,True
1820862,33.12800000,0.54400000,18.02163200,1619832418214,False,True
1820863,33.03900000,2.89400000,95.61486600,1619832419226,True,True
1820864,33.03700000,1.52400000,50.34838800,1619832424907,True,True
1820865,33.02700000,83.90900000,2771.26254300,1619832427701,True,True
1820866,33.05800000,2.82600000,93.42190800,1619832435071,False,True
1820867,33.05900000,50.00000000,1652.95000000,1619832435088,False,True
1820868,33.05900000,8.08100000,267.14977900,1619832435120,False,True
1820869,33.05900000,3.05000000,100.82995000,1619832435140,False,True
1820870,33.05900000,50.00000000,1652.95000000,1619832436186,False,True
1820871,33.08900000,0.42200000,13.96355800,1619832442374,True,True
1820872,33.08900000,0.19500000,6.45235500,1619832442374,True,True
1820873,33.04200000,3.67600000,121.46239200,1619832443881,True,True
1820874,33.04400000,0.31000000,10.24364000,1619832444049,True,True
1820875,33.10000000,12.08400000,399.98040000,1619832457136,True,True
1820876,33.09300000,1.05700000,34.97930100,1619832487798,False,True
1820877,33.02600000,0.67500000,22.29255000,1619832494904,True,True
1820878,33.00700000,0.90900000,30.00336300,1619832504192,True,True
1820879,33.00100000,0.63500000,20.95563500,1619832504227,True,True
1820880,32.97300000,0.69000000,22.75137000,1619832511107,True,True
1820881,32.96800000,0.67600000,22.28636800,1619832511107,True,True
1820882,32.96500000,6.81900000,224.78833500,1619832511107,True,True
1820883,32.96400000,0.61500000,20.27286000,1619832511107,True,True
1820884,32.96900000,6.29000000,207.37501000,1619832512793,True,True
1820885,32.96400000,0.34300000,11.30665200,1619832513104,True,True
1820886,32.95200000,0.60700000,20.00186400,1619832513104,True,True
1820887,32.95200000,4.90900000,161.76136800,1619832513104,True,True
1820888,32.95000000,60.69800000,1999.99910000,1619832604849,True,True
1820889,32.94500000,0.91000000,29.97995000,1619832604860,True,True
1820890,32.92900000,0.91000000,29.96539000,1619832604891,True,True
1820891,32.92900000,0.85600000,28.18722400,1619832604978,True,True
1820892,32.92700000,1.06200000,34.96847400,1619832605007,True,True
1820893,32.91500000,0.91100000,29.98556500,1619832608630,True,True
1820894,32.91500000,1.12400000,36.99646000,1619832608630,True,True
1820895,32.91200000,0.30400000,10.00524800,1619832608939,True,True
1820896,32.90900000,0.67800000,22.31230200,1619832608939,True,True
1820897,32.89900000,0.30400000,10.00129600,1619832608939,True,True
1820898,32.88600000,0.21900000,7.20203400,1619832608939,True,True
1820899,32.90800000,2.38700000,78.55139600,1619832613745,True,True
1820900,33.03000000,0.33600000,11.09808000,1619832623959,False,True
1820901,33.02900000,0.60600000,20.01557400,1619832624554,True,True
1820902,32.97600000,108.80100000,3587.82177600,1619832639881,True,True
1820903,33.03200000,42.80000000,1413.76960000,1619832736044,False,True
1820904,33.03300000,0.60000000,19.81980000,1619832736044,False,True
1820905,33.03300000,0.07800000,2.57657400,1619832738237,False,True
1820906,33.05000000,1.00000000,33.05000000,1619832752067,False,True
1820907,33.09200000,0.67600000,22.37019200,1619832757299,False,True
1820908,33.13500000,0.42200000,13.98297000,1619832767886,False,True
1820909,33.13500000,0.42200000,13.98297000,1619832767886,False,True
1820910,33.13500000,0.42200000,13.98297000,1619832767886,False,True
1820911,33.13500000,0.42200000,13.98297000,1619832767886,False,True
1820912,33.13500000,0.42200000,13.98297000,1619832767886,False,True
1820913,33.13500000,0.42200000,13.98297000,1619832767886,False,True
1820914,33.13500000,0.42200000,13.98297000,1619832767886,False,True
1820915,33.13500000,0.42200000,13.98297000,1619832767886,False,True
1820916,33.13500000,0.24800000,8.21748000,1619832767886,False,True
1820917,33.13600000,6.07600000,201.33433600,1619832767886,False,True
1820918,33.13500000,6.29000000,208.41915000,1619832768998,False,True
1820919,33.15000000,0.67500000,22.37625000,1619832769029,False,True
1820920,33.15600000,1.76600000,58.55349600,1619832769521,False,True
1820921,33.17100000,10.77000000,357.25167000,1619832769531,False,True
1820922,33.17200000,2.00000000,66.34400000,1619832770092,False,True
1820923,33.17400000,0.69000000,22.89006000,1619832770161,False,True
1820924,33.18400000,0.63500000,21.07184000,1619832770235,False,True
1820925,33.19600000,0.60900000,20.21636400,1619832772192,False,True
1820926,33.21000000,0.67400000,22.38354000,1619832774065,False,True
1820927,33.23700000,0.30500000,10.13728500,1619832774432,False,True
1820928,33.17800000,0.42100000,13.96793800,1619832778219,True,True
1820929,33.17800000,0.42100000,13.96793800,1619832778219,True,True
1820930,33.17800000,0.42100000,13.96793800,1619832778219,True,True
1820931,33.17800000,0.42100000,13.96793800,1619832778219,True,True
1820932,33.17800000,0.42100000,13.96793800,1619832778219,True,True
1820933,33.17800000,0.42100000,13.96793800,1619832778219,True,True
1820934,33.17800000,0.42100000,13.96793800,1619832778219,True,True
1820935,33.17800000,0.42100000,13.96793800,1619832778219,True,True
1820936,33.17800000,0.24500000,8.12861000,1619832778219,True,True
1820937,33.22700000,0.45200000,15.01860400,1619832789419,False,True
1820938,33.16000000,3.62500000,120.20500000,1619832793676,True,True
1820939,33.20300000,5.50000000,182.61650000,1619832796158,False,True
1820940,33.23800000,0.30400000,10.10435200,1619832821440,False,True
1820941,33.23500000,15.05800000,500.45263000,1619832837893,True,True
1820942,33.14000000,0.42100000,13.95194000,1619832967407,True,True
1820943,33.10800000,16.20000000,536.34960000,1619832971163,True,True
1820944,33.08700000,0.42200000,13.96271400,1619832974815,True,True
1820945,33.08700000,0.42200000,13.96271400,1619832974815,True,True
1820946,33.08700000,0.42200000,13.96271400,1619832974815,True,True
1820947,33.08700000,0.42200000,13.96271400,1619832974815,True,True
1820948,33.08700000,0.42200000,13.96271400,1619832974815,True,True
1820949,33.08700000,0.42200000,13.96271400,1619832974815,True,True
1820950,33.08700000,0.42200000,13.96271400,1619832974815,True,True
1820951,33.08700000,0.42200000,13.96271400,1619832974815,True,True
1820952,33.08700000,0.24700000,8.17248900,1619832974815,True,True
1820953,33.08600000,5.87700000,194.44642200,1619832974815,True,True
1820954,33.08500000,0.60000000,19.85100000,1619832980356,True,True
1820955,33.08600000,13.70000000,453.27820000,1619832982790,True,True
1820956,33.15100000,0.42200000,13.98972200,1619832996566,False,True
1820957,33.15100000,0.42200000,13.98972200,1619832996571,False,True
1820958,33.15100000,0.42200000,13.98972200,1619832996571,False,True
1820959,33.15100000,0.42200000,13.98972200,1619832996571,False,True
1820960,33.15100000,0.42200000,13.98972200,1619832996571,False,True
1820961,33.15100000,0.42200000,13.98972200,1619832996571,False,True
1820962,33.15100000,0.42200000,13.98972200,1619832996571,False,True
1820963,33.15100000,0.42200000,13.98972200,1619832996571,False,True
1820964,33.15100000,0.06500000,2.15481500,1619832996571,False,True
1820965,33.15100000,0.18200000,6.03348200,1619832996581,False,True
1820966,33.15200000,5.99000000,198.58048000,1619832996612,False,True
1820967,33.21400000,0.42200000,14.01630800,1619833007390,False,True
1820968,33.21400000,0.42200000,14.01630800,1619833007390,False,True
1820969,33.21400000,0.42200000,14.01630800,1619833007390,False,True
1820970,33.21400000,0.42200000,14.01630800,1619833007390,False,True
1820971,33.21400000,0.42200000,14.01630800,1619833007390,False,True
1820972,33.21400000,0.42200000,14.01630800,1619833007390,False,True
1820973,33.21400000,0.42200000,14.01630800,1619833007390,False,True
1820974,33.21400000,0.42200000,14.01630800,1619833007390,False,True
1820975,33.21400000,0.24100000,8.00457400,1619833007390,False,True
1820976,33.21500000,14.79500000,491.41592500,1619833007390,False,True
1820977,33.16700000,0.45200000,14.99148400,1619833028544,True,True
1820978,33.21500000,1.00000000,33.21500000,1619833034689,True,True
1820979,33.21300000,1.50600000,50.01877800,1619833068068,False,True
1820980,33.08700000,0.42200000,13.96271400,1619833090545,True,True
1820981,33.08700000,0.42200000,13.96271400,1619833090545,True,True
1820982,33.08700000,0.42200000,13.96271400,1619833090545,True,True
1820983,33.08700000,0.42200000,13.96271400,1619833090545,True,True
1820984,33.08700000,0.42200000,13.96271400,1619833090545,True,True
1820985,33.08700000,0.42200000,13.96271400,1619833090545,True,True
1820986,33.08700000,0.42200000,13.96271400,1619833090545,True,True
1820987,33.08700000,0.42200000,13.96271400,1619833090545,True,True
1820988,33.08700000,0.24600000,8.13940200,1619833090545,True,True
1820989,33.08600000,5.77800000,191.17090800,1619833090545,True,True
1820990,33.08600000,3.19000000,105.54434000,1619833106668,True,True
1820991,33.08600000,42.91000000,1419.72026000,1619833106668,True,True
1820992,33.10600000,3.02000000,99.98012000,1619833109788,True,True
1820993,33.08700000,6.29000000,208.11723000,1619833112075,True,True
1820994,33.08600000,23.71000000,784.46906000,1619833112075,True,True
1820995,33.08600000,22.57000000,746.75102000,1619833113966,True,True
1820996,33.08500000,0.07400000,2.44829000,1619833114057,True,True
1820997,33.17000000,6.02600000,199.88242000,1619833118692,False,True
1820998,33.12900000,0.42300000,14.01356700,1619833143238,False,True
1820999,33.12900000,0.42300000,14.01356700,1619833143238,False,True
1821000,33.12900000,0.42300000,14.01356700,1619833143238,False,True
1821001,33.12900000,0.42300000,14.01356700,1619833143238,False,True
1821002,33.12900000,0.42300000,14.01356700,1619833143238,False,True
1821003,33.12900000,0.42300000,14.01356700,1619833143238,False,True
1821004,33.12900000,0.42300000,14.01356700,1619833143238,False,True
1821005,33.12900000,0.42300000,14.01356700,1619833143238,False,True
1821006,33.12900000,0.24200000,8.01721800,1619833143238,False,True
1821007,33.13000000,23.68300000,784.61779000,1619833143238,False,True
1821008,33.17400000,28.06500000,931.02831000,1619833167018,False,True
1821009,33.17400000,2.88200000,95.60746800,1619833235183,False,True
1821010,33.20400000,1.96000000,65.07984000,1619833244045,False,True
1821011,33.19600000,43.53500000,1445.18786000,1619833251215,False,True
1821012,33.17400000,100.00000000,3317.40000000,1619833267161,False,True
1821013,33.16800000,0.73400000,24.34531200,1619833291231,False,True
1821014,33.16800000,3.85800000,127.96214400,1619833322409,False,True
1821015,33.16800000,0.08100000,2.68660800,1619833323686,False,True
1821016,33.20200000,4.55600000,151.26831200,1619833327325,False,True
1821017,33.21000000,0.67400000,22.38354000,1619833331716,False,True
1821018,33.21700000,6.29000000,208.93493000,1619833331904,False,True
1821019,33.21800000,30.00000000,996.54000000,1619833331925,False,True
1821020,33.22100000,30.00000000,996.63000000,1619833333880,False,True
1821021,33.23900000,9.45800000,314.37446200,1619833338600,False,True
1821022,33.23900000,0.74600000,24.79629400,1619833344882,False,True
1821023,33.23900000,6.26700000,208.30881300,1619833359163,False,True
1821024,33.23900000,3.51500000,116.83508500,1619833359163,False,True
1821025,33.20000000,59.00000000,1958.80000000,1619833363741,True,True
1821026,33.23800000,23.45600000,779.63052800,1619833383202,False,True
1821027,33.24300000,0.50000000,16.62150000,1619833391700,False,True
1821028,33.24300000,1.31500000,43.71454500,1619833402700,False,True
1821029,33.24300000,1.37700000,45.77561100,1619833408487,False,True
1821030,33.25900000,0.95800000,31.86212200,1619833412042,False,True
1821031,33.26000000,38.56100000,1282.53886000,1619833412320,False,True
1821032,33.26200000,0.30900000,10.27795800,1619833415822,False,True
1821033,33.26500000,0.30400000,10.11256000,1619833417889,False,True
1821034,33.26500000,1.75700000,58.44660500,1619833448382,False,True
1821035,33.26900000,0.67900000,22.58965100,1619833451784,False,True
1821036,33.26500000,2.11500000,70.35547500,1619833454334,True,True
1821037,33.26500000,0.88500000,29.43952500,1619833454334,True,True
1821038,33.27400000,0.61100000,20.33041400,1619833466736,False,True
1821039,33.27700000,0.30400000,10.11620800,1619833466787,False,True
1821040,33.28300000,0.30400000,10.11803200,1619833467777,False,True
1821041,33.28500000,0.61100000,20.33713500,1619833467792,False,True
1821042,33.29200000,0.60100000,20.00849200,1619833467801,False,True
1821043,33.29500000,0.91100000,30.33174500,1619833467850,False,True
1821044,33.29800000,0.30700000,10.22248600,1619833468279,False,True
1821045,33.30000000,1.00000000,33.30000000,1619833468297,False,True
1821046,33.30200000,0.30900000,10.29031800,1619833468297,False,True
1821047,33.31040000,0.63000000,20.98555200,1619833468297,False,True
1821048,33.31200000,0.30700000,10.22678400,1619833468297,False,True
1821049,33.31300000,1.81500000,60.46309500,1619833468297,False,True
1821050,33.31500000,0.60400000,20.12226000,1619833468297,False,True
1821051,33.31800000,1.75800000,58.57304400,1619833468297,False,True
1821052,33.32300000,0.30900000,10.29680700,1619833468297,False,True
1821053,33.32300000,0.30900000,10.29680700,1619833468297,False,True
1821054,33.32500000,2.11600000,70.51570000,1619833468297,False,True
1821055,33.32800000,0.67900000,22.62971200,1619833468297,False,True
1821056,33.33300000,0.51000000,16.99983000,1619833468297,False,True
1821057,33.33300000,33.00000000,1099.98900000,1619833468297,False,True
1821058,33.33700000,0.60000000,20.00220000,1619833468297,False,True
1821059,33.34000000,5.00000000,166.70000000,1619833468297,False,True
1821060,33.34500000,0.10300000,3.43453500,1619833468297,False,True
1821061,33.34500000,0.20000000,6.66900000,1619833469322,False,True
1821062,33.34500000,0.10300000,3.43453500,1619833469322,False,True
1821063,33.34500000,0.60000000,20.00700000,1619833469602,False,True
1821064,33.34500000,0.60000000,20.00700000,1619833470498,False,True
1821065,33.34500000,0.30300000,10.10353500,1619833470553,False,True
1821066,33.34500000,0.30300000,10.10353500,1619833470985,False,True
1821067,33.34500000,0.30300000,10.10353500,1619833471050,False,True
1821068,33.34500000,0.60000000,20.00700000,1619833471072,False,True
1821069,33.34500000,0.19800000,6.60231000,1619833471148,False,True
1821070,33.34500000,0.40200000,13.40469000,1619833471161,True,True
1821071,33.34500000,0.30300000,10.10353500,1619833471301,True,True
1821072,33.34500000,0.30300000,10.10353500,1619833471712,True,True
1821073,33.34500000,0.30300000,10.10353500,1619833471712,True,True
1821074,33.35600000,0.60700000,20.24709200,1619833472542,False,True
1821075,33.36000000,1.17000000,39.03120000,1619833472542,False,True
1821076,33.36200000,0.30700000,10.24213400,1619833472542,False,True
1821077,33.36600000,5.29400000,176.63960400,1619833472542,False,True
1821078,33.29900000,2.05900000,68.56264100,1619833472612,True,True
1821079,33.34500000,0.89900000,29.97715500,1619833472660,True,True
1821080,33.36500000,0.30300000,10.10959500,1619833474704,False,True
1821081,33.36500000,1.75600000,58.58894000,1619833478843,False,True
1821082,33.36500000,26.20600000,874.36319000,1619833478843,False,True
1821083,33.30100000,6.29000000,209.46329000,1619833481075,True,True
1821084,33.30000000,0.50000000,16.65000000,1619833481327,True,True
1821085,33.29600000,1.05100000,34.99409600,1619833481470,True,True
1821086,33.36700000,0.30300000,10.11020100,1619833490294,False,True
1821087,33.36600000,0.30300000,10.10989800,1619833498232,False,True
1821088,33.36500000,0.30300000,10.10959500,1619833506439,False,True
1821089,33.26600000,0.60800000,20.22572800,1619833513498,True,True
1821090,33.36000000,14.88700000,496.63032000,1619833575771,True,True
1821091,33.34500000,16.28100000,542.88994500,1619833582478,True,True
1821092,33.33000000,150.00000000,4999.50000000,1619833591522,False,True
1821093,33.35900000,30.00000000,1000.77000000,1619833592824,False,True
1821094,33.35900000,0.60800000,20.28227200,1619833605206,False,True
1821095,33.36000000,4.39200000,146.51712000,1619833605206,False,True
1821096,33.34500000,3.70000000,123.37650000,1619833612787,False,True
1821097,33.36000000,0.50800000,16.94688000,1619833613283,False,True
1821098,33.36500000,4.00000000,133.46000000,1619833614265,False,True
1821099,33.36700000,3.69700000,123.35779900,1619833615590,False,True
1821100,33.37670000,0.69000000,23.02992300,1619833615590,False,True
1821101,33.37700000,0.98600000,32.90972200,1619833615590,False,True
1821102,33.37800000,0.80000000,26.70240000,1619833615590,False,True
1821103,33.38300000,0.30800000,10.28196400,1619833615590,False,True
1821104,33.38300000,0.60900000,20.33024700,1619833615590,False,True
1821105,33.38300000,15.00000000,500.74500000,1619833615590,False,True
1821106,33.38600000,0.67900000,22.66909400,1619833615590,False,True
1821107,33.40000000,0.96000000,32.06400000,1619833615590,False,True
1821108,33.40000000,1.00000000,33.40000000,1619833615590,False,True
1821109,33.40600000,43.42300000,1450.58873800,1619833615590,False,True
1821110,33.40900000,0.30500000,10.18974500,1619833615590,False,True
1821111,33.41600000,50.45900000,1686.13794400,1619833615590,False,True
1821112,33.41800000,0.60900000,20.35156200,1619833615590,False,True
1821113,33.42300000,59.31600000,1982.51866800,1619833615590,False,True
1821114,33.42600000,1.20600000,40.31175600,1619833615590,False,True
1821115,33.42750000,1.34000000,44.79285000,1619833615590,False,True
1821116,33.42900000,0.63000000,21.06027000,1619833615590,False,True
1821117,33.43200000,59.66100000,1994.58655200,1619833615590,False,True
1821118,33.43800000,1.21600000,40.66060800,1619833615590,False,True
1821119,33.43800000,0.30700000,10.26546600,1619833615590,False,True
1821120,33.44000000,15.74000000,526.34560000,1619833615590,False,True
1821121,33.44000000,86.08000000,2878.51520000,1619833615590,False,True
1821122,33.44200000,0.65400000,21.87106800,1619833615590,False,True
1821123,33.44300000,33.00000000,1103.61900000,1619833615590,False,True
1821124,33.44400000,0.30600000,10.23386400,1619833615590,False,True
1821125,33.44600000,0.67900000,22.70983400,1619833615590,False,True
1821126,33.44800000,60.82300000,2034.40770400,1619833615590,False,True
1821127,33.44900000,0.44800000,14.98515200,1619833615590,False,True
1821128,33.45070000,0.48000000,16.05633600,1619833615590,False,True
1821129,33.45700000,1.19500000,39.98111500,1619833615590,False,True
1821130,33.45700000,0.74800000,25.02583600,1619833615590,False,True
1821131,33.46200000,0.30500000,10.20591000,1619833615590,False,True
1821132,33.46300000,0.30700000,10.27314100,1619833615590,False,True
1821133,33.46500000,0.91200000,30.52008000,1619833615590,False,True
1821134,33.46500000,0.88500000,29.61652500,1619833615590,False,True
1821135,33.46700000,0.90300000,30.22070100,1619833615590,False,True
1821136,33.47100000,37.53000000,1256.16663000,1619833615590,False,True
1821137,33.47300000,0.54700000,18.30973100,1619833615590,False,True
1821138,33.47400000,6.02400000,201.64737600,1619833615590,False,True
1821139,33.47700000,0.91200000,30.53102400,1619833615590,False,True
1821140,33.47900000,113.00000000,3783.12700000,1619833615590,False,True
1821141,33.49000000,1.14500000,38.34605000,1619833615590,False,True
1821142,33.49000000,40.45500000,1354.83795000,1619833615590,False,True
1821143,33.47600000,1.19500000,40.00382000,1619833617564,False,True
1821144,33.47600000,0.30200000,10.10975200,1619833617585,False,True
1821145,33.47600000,0.59800000,20.01864800,1619833617625,False,True
1821146,33.47600000,0.89700000,30.02797200,1619833617659,False,True
1821147,33.47600000,0.30200000,10.10975200,1619833617687,False,True
1821148,33.47600000,1.19500000,40.00382000,1619833617703,False,True
1821149,33.47600000,0.30200000,10.10975200,1619833617810,False,True
1821150,33.47600000,0.30200000,10.10975200,1619833618040,False,True
1821151,33.47600000,0.59800000,20.01864800,1619833618447,False,True
1821152,33.43800000,2.99000000,99.97962000,1619833619688,True,True
1821153,33.48900000,0.30200000,10.11367800,1619833620829,False,True
1821154,33.48800000,5.64900000,189.17371200,1619833622414,False,True
1821155,33.37000000,20.33000000,678.41210000,1619833624072,True,True
1821156,33.36800000,0.89900000,29.99783200,1619833624080,True,True
1821157,33.36700000,0.45000000,15.01515000,1619833624102,True,True
1821158,33.43800000,0.52400000,17.52151200,1619833626056,True,True
1821159,33.43800000,0.22700000,7.59042600,1619833626058,True,True
1821160,33.34400000,1.54400000,51.48313600,1619833633368,True,True
1821161,33.34400000,9.22600000,307.63174400,1619833633369,True,True
1821162,33.41600000,112.80500000,3769.49188000,1619833633990,True,True
1821163,33.32400000,0.90600000,30.19154400,1619833633999,True,True
1821164,33.32400000,5.09400000,169.75245600,1619833635487,True,True
1821165,33.32300000,4.57000000,152.28611000,1619833636671,True,True
1821166,33.32100000,0.66900000,22.29174900,1619833636698,True,True
1821167,33.31800000,0.30900000,10.29526200,1619833637334,True,True
1821168,33.31800000,0.62400000,20.79043200,1619833637717,True,True
1821169,33.29700000,1.18800000,39.55683600,1619833637717,True,True
1821170,33.37800000,0.30300000,10.11353400,1619833638258,False,True
1821171,33.29700000,0.90600000,30.16708200,1619833638262,True,True
1821172,33.29700000,33.41500000,1112.61925500,1619833640428,True,True
1821173,33.29700000,1.05700000,35.19492900,1619833641997,True,True
1821174,33.35500000,30.00000000,1000.65000000,1619833651748,False,True
1821175,33.26100000,0.67100000,22.31813100,1619833661101,True,True
1821176,33.25200000,1.74900000,58.15774800,1619833662873,True,True
1821177,33.23400000,0.61400000,20.40567600,1619833667131,True,True
1821178,33.23400000,0.75600000,25.12490400,1619833667242,True,True
1821179,33.32000000,0.30400000,10.12928000,1619833667788,False,True
1821180,33.32000000,0.30400000,10.12928000,1619833667809,False,True
1821181,33.33800000,6.01600000,200.56140800,1619833716251,False,True
1821182,33.29900000,1.00900000,33.59869100,1619833763023,False,True
1821183,33.30000000,13.20500000,439.72650000,1619833763023,False,True
1821184,33.23300000,0.63000000,20.93679000,1619833785841,True,True
1821185,33.22900000,1.17000000,38.87793000,1619833785841,True,True
1821186,33.22900000,5.85100000,194.42287900,1619833785841,True,True
1821187,33.22900000,8.40000000,279.12360000,1619833785842,True,True
1821188,33.22900000,4.80000000,159.49920000,1619833785843,True,True
1821189,33.22900000,4.80000000,159.49920000,1619833785846,True,True
1821190,33.22900000,4.80000000,159.49920000,1619833785848,True,True
1821191,33.22900000,3.17900000,105.63499100,1619833785849,True,True
1821192,33.20700000,9.40200000,312.21221400,1619833786023,True,True
1821193,33.20300000,0.67200000,22.31241600,1619833786032,True,True
1821194,33.19300000,0.95200000,31.59973600,1619833786053,True,True
1821195,33.20700000,3.01800000,100.21872600,1619833786060,True,True
1821196,33.20700000,29.98200000,995.61227400,1619833786072,True,True
1821197,33.17800000,0.30200000,10.01975600,1619833786204,True,True
1821198,33.17400000,0.69000000,22.89006000,1619833788426,True,True
1821199,33.17400000,1.31000000,43.45794000,1619833788426,True,True
1821200,33.17400000,2.00300000,66.44752200,1619833812353,False,True
1821201,33.23400000,9.40200000,312.46606800,1619833818883,False,True
1821202,33.23500000,85.19600000,2831.48906000,1619833818895,False,True
1821203,33.24300000,2.00000000,66.48600000,1619833819048,False,True
1821204,33.19500000,5.64300000,187.31938500,1619833822417,True,True
1821205,33.29000000,5.64300000,187.85547000,1619833852285,False,True
1821206,33.29100000,24.39500000,812.13394500,1619833852285,False,True
1821207,33.24500000,4.26900000,141.92290500,1619833866374,True,True
1821208,33.21800000,1.95800000,65.04084400,1619833893709,True,True
1821209,33.21300000,3.18800000,105.88304400,1619833897760,True,True
1821210,33.21200000,0.96000000,31.88352000,1619833902412,True,True
1821211,33.30000000,347.79500000,11581.57350000,1619833972500,False,True
1821212,33.32800000,0.67200000,22.39641600,1619833980430,False,True
1821213,33.37100000,0.45000000,15.01695000,1619833984176,False,True
1821214,33.37600000,0.69000000,23.02944000,1619834018724,False,True
1821215,33.38600000,0.67100000,22.40200600,1619834024222,False,True
1821216,33.41800000,0.63000000,21.05334000,1619834032739,False,True
1821217,33.44600000,0.66900000,22.37537400,1619834043235,False,True
1821218,33.44800000,6.29000000,210.38792000,1619834043418,False,True
1821219,33.45000000,30.01000000,1003.83450000,1619834043418,False,True
1821220,33.45000000,0.02800000,0.93660000,1619834043470,False,True
1821221,33.46400000,0.60400000,20.21225600,1619834047731,False,True
1821222,33.48000000,0.30200000,10.11096000,1619834052496,False,True
1821223,33.43600000,1.50600000,50.35461600,1619834052617,True,True
1821224,33.48100000,1.74900000,58.55826900,1619834057303,False,True
1821225,33.48800000,6.86000000,229.72768000,1619834057303,False,True
1821226,33.48800000,4.57000000,153.04016000,1619834057303,False,True
1821227,33.48900000,2.00900000,67.27940100,1619834057303,False,True
1821228,33.48900000,25.77300000,863.11199700,1619834060462,False,True
1821229,33.48900000,10.29100000,344.63529900,1619834060476,False,True
1821230,33.48900000,4.61700000,154.61871300,1619834060478,False,True
1821231,33.48900000,5.00000000,167.44500000,1619834060480,False,True
1821232,33.48900000,2.00900000,67.27940100,1619834060522,False,True
1821233,33.49000000,0.95200000,31.88248000,1619834060548,False,True
1821234,33.50000000,10.00000000,335.00000000,1619834061827,False,True
1821235,33.50000000,1.00000000,33.50000000,1619834061827,False,True
1821236,33.50000000,9.26000000,310.21000000,1619834061827,False,True
1821237,33.50000000,0.30000000,10.05000000,1619834061827,False,True
1821238,33.50000000,23.71600000,794.48600000,1619834061827,False,True
1821239,33.50000000,50.00000000,1675.00000000,1619834061827,False,True
1821240,33.50000000,150.93800000,5056.42300000,1619834061827,False,True
1821241,33.50000000,18.01000000,603.33500000,1619834061827,False,True
1821242,33.50000000,1.00000000,33.50000000,1619834061827,False,True
1821243,33.50000000,2.00000000,67.00000000,1619834061827,False,True
1821244,33.50600000,0.67900000,22.75057400,1619834063139,False,True
1821245,33.51000000,3.22500000,108.06975000,1619834063432,False,True
1821246,33.48500000,1.00600000,33.68591000,1619834066161,True,True
1821247,33.51600000,0.99600000,33.38193600,1619834068588,False,True
1821248,33.52000000,2.53600000,85.00672000,1619834070283,False,True
1821249,33.52070000,1.25000000,41.90087500,1619834080783,False,True
1821250,33.52500000,0.30600000,10.25865000,1619834080855,False,True
1821251,33.52700000,0.70000000,23.46890000,1619834081228,False,True
1821252,33.52700000,0.05000000,1.67635000,1619834081860,False,True
1821253,33.53200000,0.30200000,10.12666400,1619834085917,False,True
1821254,33.53200000,0.00200000,0.06706400,1619834086219,False,True
