39975344,16.90000000,7.10000000,119.99000000,1666915206490,False,True
39975345,16.90000000,40.83000000,690.02700000,1666915206490,False,True
39975346,16.89000000,1.12000000,18.91680000,1666915208087,True,True
39975347,16.88000000,0.95000000,16.03600000,1666915218654,True,True
39975348,16.88000000,3.30000000,55.70400000,1666915218654,True,True
39975349,16.88000000,0.67000000,11.30960000,1666915218654,True,True
39975350,16.89000000,2.44000000,41.21160000,1666915221277,True,True
39975351,16.89000000,1.67000000,28.20630000,1666915222881,True,True
39975352,16.89000000,46.18000000,779.98020000,1666915229198,True,True
39975353,16.89000000,1.50000000,25.33500000,1666915229198,True,True
39975354,16.88000000,28.92000000,488.16960000,1666915240092,True,True
39975355,16.88000000,1.39000000,23.46320000,1666915240092,True,True
39975356,16.88000000,8.48000000,143.14240000,1666915240383,True,True
39975357,16.88000000,1.22000000,20.59360000,1666915240383,True,True
39975358,16.88000000,2.63000000,44.39440000,1666915240491,True,True
39975359,16.88000000,2.07000000,34.94160000,1666915240491,True,True
39975360,16.87000000,1.65000000,27.83550000,1666915252741,True,True
39975361,16.87000000,3.30000000,55.67100000,1666915252741,True,True
39975362,16.87000000,10.14000000,171.06180000,1666915252741,True,True
39975363,16.86000000,0.95000000,16.01700000,1666915259190,True,True
39975364,16.86000000,6.00000000,101.16000000,1666915259190,True,True
39975365,16.86000000,3.30000000,55.63800000,1666915259190,True,True
39975366,16.86000000,47.42000000,799.50120000,1666915259190,True,True
39975367,16.86000000,1.65000000,27.81900000,1666915259190,True,True
39975368,16.85000000,5.38000000,90.65300000,1666915259190,True,True
39975369,16.85000000,1.85000000,31.17250000,1666915259190,True,True
39975370,16.85000000,0.97000000,16.34450000,1666915259190,True,True
39975371,16.85000000,1.18000000,19.88300000,1666915259190,True,True
39975372,16.85000000,0.75000000,12.63750000,1666915259190,True,True
39975373,16.85000000,0.65000000,10.95250000,1666915259190,True,True
39975374,16.85000000,0.69000000,11.62650000,1666915259190,True,True
39975375,16.85000000,1.38000000,23.25300000,1666915259190,True,True
39975376,16.85000000,25.00000000,421.25000000,1666915259190,True,True
39975377,16.85000000,30.00000000,505.50000000,1666915259190,True,True
39975378,16.85000000,0.65000000,10.95250000,1666915259190,True,True
39975379,16.85000000,7.14000000,120.30900000,1666915259190,True,True
39975380,16.85000000,2.43000000,40.94550000,1666915259190,True,True
39975381,16.85000000,1.00000000,16.85000000,1666915259190,True,True
39975382,16.85000000,1.79000000,30.16150000,1666915259190,True,True
39975383,16.85000000,18.60000000,313.41000000,1666915259190,True,True
39975384,16.85000000,1.24000000,20.89400000,1666915259190,True,True
39975385,16.85000000,0.95000000,16.00750000,1666915259190,True,True
39975386,16.85000000,0.88000000,14.82800000,1666915259190,True,True
39975387,16.85000000,83.08000000,1399.89800000,1666915259190,True,True
39975388,16.85000000,5.79000000,97.56150000,1666915259190,True,True
39975389,16.85000000,10.32000000,173.89200000,1666915259190,True,True
39975390,16.85000000,0.60000000,10.11000000,1666915259190,True,True
39975391,16.85000000,14.89000000,250.89650000,1666915259190,True,True
39975392,16.85000000,65.00000000,1095.25000000,1666915259190,True,True
39975393,16.85000000,147.94000000,2492.78900000,1666915259190,True,True
39975394,16.85000000,1.40000000,23.59000000,1666915259190,True,True
39975395,16.85000000,32.42000000,546.27700000,1666915259190,True,True
39975396,16.86000000,4.21000000,70.98060000,1666915259236,False,True
39975397,16.86000000,9.52000000,160.50720000,1666915259513,False,True
39975398,16.86000000,8.11000000,136.73460000,1666915259905,False,True
39975399,16.86000000,20.00000000,337.20000000,1666915260832,False,True
39975400,16.86000000,7.28000000,122.74080000,1666915260844,False,True
39975401,16.85000000,29.41000000,495.55850000,1666915265205,True,True
39975402,16.85000000,44.57000000,751.00450000,1666915265205,True,True
39975403,16.85000000,1.11000000,18.70350000,1666915265205,True,True
39975404,16.85000000,1.11000000,18.70350000,1666915265205,True,True
39975405,16.85000000,2.70000000,45.49500000,1666915265237,False,True
39975406,16.85000000,27.76000000,467.75600000,1666915265332,False,True
39975407,16.85000000,116.35000000,1960.49750000,1666915265332,False,True
39975408,16.85000000,3.56000000,59.98600000,1666915265386,False,True
39975409,16.85000000,68.58000000,1155.57300000,1666915265424,False,True
39975410,16.85000000,121.31000000,2044.07350000,1666915265464,False,True
39975411,16.85000000,32.50000000,547.62500000,1666915265464,False,True
39975412,16.85000000,30.46000000,513.25100000,1666915270585,True,True
39975413,16.85000000,46.24000000,779.14400000,1666915270585,True,True
39975414,16.85000000,36.77000000,619.57450000,1666915270641,True,True
39975415,16.85000000,0.94000000,15.83900000,1666915270761,False,True
39975416,16.85000000,0.91000000,15.33350000,1666915270918,False,True
39975417,16.85000000,13.81000000,232.69850000,1666915270956,False,True
39975418,16.85000000,30.46000000,513.25100000,1666915270956,False,True
39975419,16.86000000,0.95000000,16.01700000,1666915273849,False,True
39975420,16.86000000,1.65000000,27.81900000,1666915273849,False,True
39975421,16.86000000,3.30000000,55.63800000,1666915273849,False,True
39975422,16.87000000,1.00000000,16.87000000,1666915273885,False,True
39975423,16.87000000,36.03000000,607.82610000,1666915274758,False,True
39975424,16.87000000,14.67000000,247.48290000,1666915274758,False,True
39975425,16.87000000,2.96000000,49.93520000,1666915274758,False,True
39975426,16.87000000,5.20000000,87.72400000,1666915274758,False,True
39975427,16.87000000,10.07000000,169.88090000,1666915288329,False,True
39975428,16.87000000,83.75000000,1412.86250000,1666915288653,True,True
39975429,16.87000000,10.88000000,183.54560000,1666915289160,False,True
39975430,16.87000000,22.45000000,378.73150000,1666915314484,True,True
39975431,16.87000000,2.34000000,39.47580000,1666915318237,False,True
39975432,16.87000000,12.49000000,210.70630000,1666915318248,False,True
39975433,16.87000000,2.02000000,34.07740000,1666915322346,True,True
39975434,16.87000000,34.97000000,589.94390000,1666915323366,True,True
39975435,16.87000000,10.14000000,171.06180000,1666915323936,False,True
39975436,16.87000000,24.64000000,415.67680000,1666915329315,True,True
39975437,16.87000000,44.97000000,758.64390000,1666915331630,False,True
39975438,16.87000000,10.68000000,180.17160000,1666915331630,False,True
39975439,16.87000000,30.64000000,516.89680000,1666915333184,False,True
39975440,16.87000000,74.37000000,1254.62190000,1666915333191,False,True
39975441,16.87000000,3.30000000,55.67100000,1666915333191,False,True
39975442,16.88000000,7.14000000,120.52320000,1666915337000,False,True
39975443,16.88000000,0.95000000,16.03600000,1666915337000,False,True
39975444,16.88000000,2.96000000,49.96480000,1666915337000,False,True
39975445,16.88000000,1.65000000,27.85200000,1666915337000,False,True
39975446,16.88000000,0.96000000,16.20480000,1666915337000,False,True
39975447,16.88000000,3.30000000,55.70400000,1666915337000,False,True
39975448,16.88000000,6.95000000,117.31600000,1666915337024,True,True
39975449,16.90000000,10.32000000,174.40800000,1666915339488,False,True
39975450,16.90000000,0.95000000,16.05500000,1666915339488,False,True
39975451,16.90000000,11.77000000,198.91300000,1666915339488,False,True
39975452,16.90000000,0.60000000,10.14000000,1666915339488,False,True
39975453,16.90000000,1.00000000,16.90000000,1666915339488,False,True
39975454,16.90000000,0.88000000,14.87200000,1666915339488,False,True
39975455,16.90000000,12.00000000,202.80000000,1666915339488,False,True
39975456,16.91000000,7.14000000,120.73740000,1666915352690,False,True
39975457,16.91000000,0.60000000,10.14600000,1666915352690,False,True
39975458,16.91000000,0.88000000,14.88080000,1666915352690,False,True
39975459,16.91000000,1.30000000,21.98300000,1666915352690,False,True
39975460,16.91000000,7.45000000,125.97950000,1666915352690,False,True
39975461,16.91000000,0.04000000,0.67640000,1666915352690,False,True
39975462,16.91000000,3.26000000,55.12660000,1666915352692,False,True
39975463,16.91000000,2.95000000,49.88450000,1666915352692,False,True
39975464,16.91000000,1.64000000,27.73240000,1666915352692,False,True
39975465,16.91000000,1.62000000,27.39420000,1666915352692,False,True
39975466,16.92000000,0.94000000,15.90480000,1666915352757,False,True
39975467,16.92000000,0.06000000,1.01520000,1666915352757,False,True
39975468,16.92000000,0.69000000,11.67480000,1666915360784,False,True
39975469,16.92000000,2.95000000,49.91400000,1666915360784,False,True
39975470,16.92000000,1.82000000,30.79440000,1666915360784,False,True
39975471,16.92000000,3.30000000,55.83600000,1666915360784,False,True
39975472,16.92000000,2.95000000,49.91400000,1666915360784,False,True
39975473,16.92000000,19.73000000,333.83160000,1666915360784,False,True
39975474,16.92000000,1.64000000,27.74880000,1666915360784,False,True
39975475,16.92000000,2.34000000,39.59280000,1666915363560,True,True
39975476,16.92000000,45.23000000,765.29160000,1666915363569,True,True
39975477,16.92000000,29.90000000,505.90800000,1666915363569,True,True
39975478,16.91000000,1.19000000,20.12290000,1666915364506,True,True
39975479,16.92000000,1.19000000,20.13480000,1666915365062,False,True
39975480,16.92000000,1.83000000,30.96360000,1666915365681,False,True
39975481,16.92000000,28.07000000,474.94440000,1666915366141,False,True
39975482,16.93000000,5.38000000,91.08340000,1666915380244,False,True
39975483,16.93000000,0.94000000,15.91420000,1666915380244,False,True
39975484,16.93000000,0.88000000,14.89840000,1666915380244,False,True
39975485,16.93000000,0.92000000,15.57560000,1666915380244,False,True
39975486,16.93000000,30.26000000,512.30180000,1666915380246,False,True
39975487,16.93000000,46.37000000,785.04410000,1666915380253,False,True
39975488,16.93000000,20.54000000,347.74220000,1666915380259,False,True
39975489,16.93000000,1.85000000,31.32050000,1666915380259,False,True
39975490,16.93000000,0.75000000,12.69750000,1666915380259,False,True
39975491,16.93000000,3.30000000,55.86900000,1666915380259,False,True
39975492,16.93000000,1.68000000,28.44240000,1666915380259,False,True
39975493,16.93000000,29.90000000,506.20700000,1666915385024,True,True
39975494,16.93000000,14.10000000,238.71300000,1666915385024,True,True
39975495,16.93000000,0.88000000,14.89840000,1666915385037,True,True
39975496,16.92000000,20.00000000,338.40000000,1666915385079,True,True
39975497,16.92000000,9.88000000,167.16960000,1666915389519,True,True
39975498,16.92000000,11.48000000,194.24160000,1666915389519,True,True
39975499,16.94000000,2.95000000,49.97300000,1666915399564,False,True
39975500,16.94000000,1.64000000,27.78160000,1666915399564,False,True
39975501,16.94000000,7.77000000,131.62380000,1666915399564,False,True
39975502,16.94000000,7.45000000,126.20300000,1666915399579,False,True
39975503,16.94000000,41.38000000,700.97720000,1666915399579,False,True
39975504,16.95000000,0.94000000,15.93300000,1666915401112,False,True
39975505,16.95000000,0.76000000,12.88200000,1666915401112,False,True
39975506,16.95000000,7.14000000,121.02300000,1666915401112,False,True
39975507,16.95000000,0.88000000,14.91600000,1666915401112,False,True
39975508,16.95000000,1.76000000,29.83200000,1666915401112,False,True
39975509,16.95000000,1.19000000,20.17050000,1666915401120,False,True
39975510,16.96000000,0.69000000,11.70240000,1666915402523,False,True
39975511,16.96000000,5.33000000,90.39680000,1666915402523,False,True
39975512,16.96000000,1.85000000,31.37600000,1666915402523,False,True
39975513,16.96000000,2.03000000,34.42880000,1666915402523,False,True
39975514,16.96000000,2.03000000,34.42880000,1666915403097,True,True
39975515,16.96000000,44.98000000,762.86080000,1666915405074,True,True
39975516,16.96000000,29.90000000,507.10400000,1666915405074,True,True
39975517,16.96000000,2.38000000,40.36480000,1666915405074,True,True
39975518,16.96000000,34.67000000,588.00320000,1666915405083,True,True
39975519,16.96000000,9.93000000,168.41280000,1666915405083,True,True
39975520,16.96000000,16.85000000,285.77600000,1666915405089,True,True
39975521,16.96000000,0.65000000,11.02400000,1666915405089,True,True
39975522,16.96000000,10.70000000,181.47200000,1666915405089,True,True
39975523,16.96000000,28.00000000,474.88000000,1666915405089,True,True
39975524,16.96000000,1.64000000,27.81440000,1666915406146,False,True
39975525,16.97000000,0.94000000,15.95180000,1666915406189,False,True
39975526,16.97000000,0.06000000,1.01820000,1666915406189,False,True
39975527,16.96000000,11.44000000,194.02240000,1666915411434,True,True
39975528,16.95000000,33.77000000,572.40150000,1666915411808,True,True
39975529,16.95000000,21.13000000,358.15350000,1666915411808,True,True
39975530,16.95000000,9.86000000,167.12700000,1666915411808,True,True
39975531,16.95000000,0.94000000,15.93300000,1666915411808,True,True
39975532,16.95000000,0.65000000,11.01750000,1666915411879,False,True
39975533,16.95000000,0.90000000,15.25500000,1666915411909,False,True
39975534,16.95000000,0.82000000,13.89900000,1666915426733,True,True
39975535,16.95000000,76.82000000,1302.09900000,1666915431382,True,True
39975536,16.95000000,45.27000000,767.32650000,1666915431382,True,True
39975537,16.95000000,44.00000000,745.80000000,1666915439945,False,True
39975538,16.95000000,25.96000000,440.02200000,1666915439959,False,True
39975539,16.96000000,29.90000000,507.10400000,1666915441488,False,True
39975540,16.96000000,19.71000000,334.28160000,1666915441488,False,True
39975541,16.96000000,3.66000000,62.07360000,1666915441488,False,True
39975542,16.96000000,1.64000000,27.81440000,1666915450469,False,True
39975543,16.96000000,17.18000000,291.37280000,1666915450469,False,True
39975544,16.96000000,1.18000000,20.01280000,1666915453884,True,True
39975545,16.97000000,0.54000000,9.16380000,1666915454436,False,True
39975546,16.97000000,0.65000000,11.03050000,1666915454436,False,True
39975547,16.97000000,0.23000000,3.90310000,1666915460163,False,True
39975548,16.97000000,0.67000000,11.36990000,1666915460163,False,True
39975549,16.97000000,0.97000000,16.46090000,1666915460163,False,True
39975550,16.97000000,1.18000000,20.02460000,1666915460163,False,True
39975551,16.97000000,9.15000000,155.27550000,1666915460163,False,True
39975552,16.97000000,2.95000000,50.06150000,1666915467964,False,True
39975553,16.97000000,0.94000000,15.95180000,1666915467964,False,True
39975554,16.97000000,23.59000000,400.32230000,1666915467964,False,True
39975555,16.97000000,23.64000000,401.17080000,1666915467964,False,True
39975556,16.97000000,2.94000000,49.89180000,1666915467964,False,True
39975557,16.97000000,1.64000000,27.83080000,1666915467964,False,True
39975558,16.97000000,3.30000000,56.00100000,1666915467964,False,True
39975559,16.96000000,28.72000000,487.09120000,1666915467966,True,True
39975560,16.96000000,80.04000000,1357.47840000,1666915467966,True,True
39975561,16.96000000,5.97000000,101.25120000,1666915467967,True,True
39975562,16.96000000,9.85000000,167.05600000,1666915467967,True,True
39975563,16.96000000,26.15000000,443.50400000,1666915467967,True,True
39975564,16.96000000,49.58000000,840.87680000,1666915467967,True,True
39975565,16.96000000,21.71000000,368.20160000,1666915467967,True,True
39975566,16.96000000,1.11000000,18.82560000,1666915467967,True,True
39975567,16.96000000,1.11000000,18.82560000,1666915467967,True,True
39975568,16.96000000,2.63000000,44.60480000,1666915467967,True,True
39975569,16.97000000,23.59000000,400.32230000,1666915467977,False,True
39975570,16.97000000,23.64000000,401.17080000,1666915467977,False,True
39975571,16.96000000,2.62000000,44.43520000,1666915468542,True,True
39975572,16.96000000,3.28000000,55.62880000,1666915471134,True,True
39975573,16.96000000,11.79000000,199.95840000,1666915471134,True,True
39975574,16.96000000,2.46000000,41.72160000,1666915471134,True,True
39975575,16.96000000,18.60000000,315.45600000,1666915471134,True,True
39975576,16.96000000,12.70000000,215.39200000,1666915471134,True,True
39975577,16.96000000,12.40000000,210.30400000,1666915471134,True,True
39975578,16.96000000,40.94000000,694.34240000,1666915471134,True,True
39975579,16.96000000,16.13000000,273.56480000,1666915471134,True,True
39975580,16.96000000,19.88000000,337.16480000,1666915471136,True,True
39975581,16.96000000,72.65000000,1232.14400000,1666915471136,True,True
39975582,16.96000000,25.66000000,435.19360000,1666915471136,True,True
39975583,16.96000000,0.34000000,5.76640000,1666915471212,True,True
39975584,16.96000000,63.26000000,1072.88960000,1666915471212,True,True
39975585,16.96000000,7.33000000,124.31680000,1666915471212,True,True
39975586,16.96000000,70.77000000,1200.25920000,1666915471214,True,True
39975587,16.97000000,43.32000000,735.14040000,1666915475217,True,True
39975588,16.97000000,1.09000000,18.49730000,1666915475217,True,True
39975589,16.97000000,1.09000000,18.49730000,1666915475217,True,True
39975590,16.97000000,1.09000000,18.49730000,1666915475217,True,True
39975591,16.97000000,2.35000000,39.87950000,1666915475217,True,True
39975592,16.96000000,69.13000000,1172.44480000,1666915475217,True,True
39975593,16.97000000,2.35000000,39.87950000,1666915477429,True,True
39975594,16.97000000,1.14000000,19.34580000,1666915491605,False,True
39975595,16.98000000,1.00000000,16.98000000,1666915500332,False,True
39975596,16.97000000,41.25000000,700.01250000,1666915501797,True,True
39975597,16.97000000,1.09000000,18.49730000,1666915501797,True,True
39975598,16.97000000,1.09000000,18.49730000,1666915501797,True,True
39975599,16.97000000,1.09000000,18.49730000,1666915501797,True,True
39975600,16.96000000,197.27000000,3345.69920000,1666915504680,True,True
39975601,16.96000000,11.59000000,196.56640000,1666915504680,True,True
39975602,16.96000000,11.59000000,196.56640000,1666915504680,True,True
39975603,16.96000000,11.75000000,199.28000000,1666915504680,True,True
39975604,16.96000000,9.54000000,161.79840000,1666915504735,False,True
39975605,16.95000000,29.90000000,506.80500000,1666915511217,True,True
39975606,16.95000000,9.85000000,166.95750000,1666915511217,True,True
39975607,16.95000000,0.94000000,15.93300000,1666915511217,True,True
39975608,16.95000000,3.30000000,55.93500000,1666915511217,True,True
39975609,16.95000000,44.52000000,754.61400000,1666915511223,True,True
39975610,16.94000000,3.30000000,55.90200000,1666915534969,True,True
39975611,16.94000000,47.41000000,803.12540000,1666915534969,True,True
39975612,16.94000000,8.65000000,146.53100000,1666915535308,True,True
39975613,16.95000000,5.50000000,93.22500000,1666915549478,True,True
39975614,16.94000000,7.72000000,130.77680000,1666915575123,True,True
39975615,16.95000000,1.09000000,18.47550000,1666915607214,True,True
39975616,16.95000000,1.09000000,18.47550000,1666915607214,True,True
39975617,16.95000000,1.09000000,18.47550000,1666915607214,True,True
39975618,16.94000000,26.00000000,440.44000000,1666915609428,True,True
39975619,16.94000000,12.70000000,215.13800000,1666915609428,True,True
39975620,16.94000000,18.60000000,315.08400000,1666915609428,True,True
39975621,16.94000000,9.63000000,163.13220000,1666915609643,True,True
39975622,16.93000000,10.14000000,171.67020000,1666915611389,True,True
39975623,16.93000000,10.32000000,174.71760000,1666915611389,True,True
39975624,16.93000000,0.94000000,15.91420000,1666915611389,True,True
39975625,16.93000000,6.00000000,101.58000000,1666915611389,True,True
39975626,16.93000000,0.96000000,16.25280000,1666915611389,True,True
39975627,16.93000000,3.30000000,55.86900000,1666915611389,True,True
39975628,16.93000000,1.64000000,27.76520000,1666915611389,True,True
39975629,16.93000000,28.10000000,475.73300000,1666915611389,True,True
39975630,16.93000000,95.73000000,1620.70890000,1666915611397,True,True
39975631,16.93000000,1.11000000,18.79230000,1666915611397,True,True
39975632,16.93000000,1.11000000,18.79230000,1666915611397,True,True
39975633,16.93000000,24.33000000,411.90690000,1666915611397,True,True
39975634,16.93000000,2.43000000,41.13990000,1666915611424,False,True
39975635,16.93000000,1.83000000,30.98190000,1666915611430,False,True
39975636,16.93000000,2.44000000,41.30920000,1666915611433,False,True
39975637,16.93000000,1.34000000,22.68620000,1666915611492,False,True
39975638,16.93000000,10.47000000,177.25710000,1666915611793,False,True
39975639,16.93000000,18.51000000,313.37430000,1666915617524,False,True
39975640,16.93000000,1.00000000,16.93000000,1666915617556,False,True
39975641,16.93000000,27.64000000,467.94520000,1666915617577,False,True
39975642,16.93000000,12.40000000,209.93200000,1666915617577,False,True
39975643,16.94000000,1.00000000,16.94000000,1666915620040,False,True
39975644,16.94000000,35.48000000,601.03120000,1666915630638,False,True
39975645,16.94000000,11.89000000,201.41660000,1666915630645,False,True
39975646,16.94000000,12.93000000,219.03420000,1666915630648,False,True
39975647,16.94000000,4.84000000,81.98960000,1666915630654,False,True
39975648,16.94000000,59.80000000,1013.01200000,1666915630654,False,True
39975649,16.94000000,9.86000000,167.02840000,1666915630654,False,True
39975650,16.94000000,3.30000000,55.90200000,1666915630654,False,True
39975651,16.94000000,35.95000000,608.99300000,1666915630654,False,True
39975652,16.95000000,9.66000000,163.73700000,1666915630656,False,True
39975653,16.95000000,1.00000000,16.95000000,1666915630659,False,True
39975654,16.95000000,0.94000000,15.93300000,1666915630915,False,True
39975655,16.95000000,1.64000000,27.79800000,1666915630915,False,True
39975656,16.96000000,24.97000000,423.49120000,1666915633781,False,True
39975657,16.96000000,1.00000000,16.96000000,1666915634601,False,True
39975658,16.96000000,1.95000000,33.07200000,1666915634776,False,True
39975659,16.96000000,2.39000000,40.53440000,1666915634776,False,True
39975660,16.96000000,0.91000000,15.43360000,1666915634802,False,True
39975661,16.96000000,2.95000000,50.03200000,1666915634802,False,True
39975662,16.97000000,1.00000000,16.97000000,1666915634832,False,True
39975663,16.96000000,9.63000000,163.32480000,1666915635354,True,True
39975664,16.96000000,24.77000000,420.09920000,1666915635354,True,True
39975665,16.96000000,5.13000000,87.00480000,1666915635363,True,True
39975666,16.96000000,38.13000000,646.68480000,1666915635363,True,True
39975667,16.96000000,10.86000000,184.18560000,1666915635364,True,True
39975668,16.96000000,1.09000000,18.48640000,1666915635364,True,True
39975669,16.96000000,1.09000000,18.48640000,1666915635364,True,True
39975670,16.96000000,1.09000000,18.48640000,1666915635364,True,True
39975671,16.96000000,18.72000000,317.49120000,1666915636802,False,True
39975672,16.96000000,18.72000000,317.49120000,1666915646222,True,True
39975673,16.95000000,29.90000000,506.80500000,1666915647991,True,True
39975674,16.95000000,1.98000000,33.56100000,1666915647991,True,True
39975675,16.95000000,9.87000000,167.29650000,1666915647991,True,True
39975676,16.95000000,9.02000000,152.88900000,1666915647991,True,True
39975677,16.95000000,18.72000000,317.30400000,1666915648046,True,True
39975678,16.95000000,8.76000000,148.48200000,1666915648046,True,True
39975679,16.95000000,1.83000000,31.01850000,1666915648094,False,True
39975680,16.95000000,28.61000000,484.93950000,1666915673095,False,True
39975681,16.95000000,9.87000000,167.29650000,1666915673105,False,True
39975682,16.96000000,1.00000000,16.96000000,1666915673181,False,True
39975683,16.95000000,49.45000000,838.17750000,1666915740026,True,True
39975684,16.94000000,29.09000000,492.78460000,1666915740678,True,True
39975685,16.95000000,24.29000000,411.71550000,1666915761484,False,True
39975686,16.95000000,29.79000000,504.94050000,1666915764602,True,True
39975687,16.96000000,1.25000000,21.20000000,1666915782810,False,True
39975688,16.96000000,8.94000000,151.62240000,1666915788897,False,True
39975689,16.96000000,14.06000000,238.45760000,1666915788897,False,True
39975690,16.96000000,5.64000000,95.65440000,1666915791186,False,True
39975691,16.96000000,18.71000000,317.32160000,1666915791186,False,True
39975692,16.97000000,0.94000000,15.95180000,1666915793202,False,True
39975693,16.97000000,9.86000000,167.32420000,1666915793202,False,True
39975694,16.97000000,9.84000000,166.98480000,1666915793202,False,True
39975695,16.97000000,3.30000000,56.00100000,1666915793202,False,True
39975696,16.98000000,6.14000000,104.25720000,1666915794325,False,True
39975697,16.98000000,0.88000000,14.94240000,1666915794325,False,True
39975698,16.98000000,0.69000000,11.71620000,1666915794325,False,True
39975699,16.98000000,7.45000000,126.50100000,1666915794325,False,True
39975700,16.98000000,0.71000000,12.05580000,1666915794325,False,True
39975701,16.98000000,0.63000000,10.69740000,1666915794325,False,True
39975702,16.98000000,3.38000000,57.39240000,1666915794325,False,True
39975703,16.98000000,6.94000000,117.84120000,1666915794330,False,True
39975704,16.98000000,11.77000000,199.85460000,1666915794330,False,True
39975705,16.98000000,1.64000000,27.84720000,1666915794330,False,True
39975706,16.98000000,2.94000000,49.92120000,1666915794330,False,True
39975707,16.98000000,1.00000000,16.98000000,1666915794330,False,True
39975708,16.98000000,40.71000000,691.25580000,1666915794330,False,True
39975709,16.98000000,9.69000000,164.53620000,1666915794341,False,True
39975710,16.98000000,6.94000000,117.84120000,1666915794342,False,True
39975711,16.98000000,3.63000000,61.63740000,1666915794709,True,True
39975712,16.98000000,6.00000000,101.88000000,1666915796112,True,True
39975713,16.98000000,8.56000000,145.34880000,1666915796112,True,True
39975714,16.98000000,28.61000000,485.79780000,1666915796112,True,True
39975715,16.98000000,15.50000000,263.19000000,1666915796112,True,True
39975716,16.98000000,23.90000000,405.82200000,1666915796112,True,True
39975717,16.97000000,2.34000000,39.70980000,1666915796198,True,True
39975718,16.98000000,10.14000000,172.17720000,1666915796462,False,True
39975719,16.98000000,27.27000000,463.04460000,1666915796462,False,True
39975720,16.98000000,27.63000000,469.15740000,1666915799469,False,True
39975721,16.98000000,0.42000000,7.13160000,1666915799469,False,True
39975722,16.96000000,3.30000000,55.96800000,1666915813218,True,True
39975723,16.96000000,9.87000000,167.39520000,1666915813218,True,True
39975724,16.96000000,18.86000000,319.86560000,1666915813346,False,True
39975725,16.95000000,7.14000000,121.02300000,1666915814411,True,True
39975726,16.95000000,0.94000000,15.93300000,1666915814411,True,True
39975727,16.95000000,1.64000000,27.79800000,1666915814411,True,True
39975728,16.95000000,49.11000000,832.41450000,1666915814411,True,True
39975729,16.95000000,1.12000000,18.98400000,1666915814411,True,True
39975730,16.95000000,30.46000000,516.29700000,1666915817405,True,True
39975731,16.95000000,3.30000000,55.93500000,1666915817405,True,True
39975732,16.95000000,49.44000000,838.00800000,1666915817405,True,True
39975733,16.95000000,76.82000000,1302.09900000,1666915826905,True,True
39975734,16.95000000,23.29000000,394.76550000,1666915826905,True,True
39975735,16.95000000,23.78000000,403.07100000,1666915826905,True,True
39975736,16.95000000,27.05000000,458.49750000,1666915832415,True,True
39975737,16.94000000,3.30000000,55.90200000,1666915845236,True,True
39975738,16.93000000,0.94000000,15.91420000,1666915846952,True,True
39975739,16.93000000,0.88000000,14.89840000,1666915846952,True,True
39975740,16.93000000,1.64000000,27.76520000,1666915846952,True,True
39975741,16.93000000,6.00000000,101.58000000,1666915846952,True,True
39975742,16.93000000,57.34000000,970.76620000,1666915846952,True,True
39975743,16.93000000,14.15000000,239.55950000,1666915847416,False,True
39975744,16.93000000,12.84000000,217.38120000,1666915851985,False,True
39975745,16.93000000,12.84000000,217.38120000,1666915855103,False,True
39975746,16.93000000,14.16000000,239.72880000,1666915855802,True,True
39975747,16.93000000,8.56000000,144.92080000,1666915855802,True,True
39975748,16.93000000,8.56000000,144.92080000,1666915855802,True,True
39975749,16.93000000,28.72000000,486.22960000,1666915855802,True,True
39975750,16.93000000,12.93000000,218.90490000,1666915855836,True,True
39975751,16.93000000,14.13000000,239.22090000,1666915856477,False,True
39975752,16.93000000,43.21000000,731.54530000,1666915856486,False,True
39975753,16.93000000,29.91000000,506.37630000,1666915856486,False,True
39975754,16.93000000,41.69000000,705.81170000,1666915856486,False,True
39975755,16.93000000,6.89000000,116.64770000,1666915856496,False,True
39975756,16.93000000,7.24000000,122.57320000,1666915856496,False,True
39975757,16.93000000,22.33000000,378.04690000,1666915856527,False,True
39975758,16.93000000,7.30000000,123.58900000,1666915864220,False,True
39975759,16.93000000,29.90000000,506.20700000,1666915866159,True,True
39975760,16.93000000,23.64000000,400.22520000,1666915866159,True,True
39975761,16.93000000,94.06000000,1592.43580000,1666915866159,True,True
39975762,16.93000000,23.64000000,400.22520000,1666915866167,True,True
39975763,16.93000000,23.64000000,400.22520000,1666915866167,True,True
39975764,16.93000000,23.64000000,400.22520000,1666915866167,True,True
39975765,16.93000000,23.64000000,400.22520000,1666915866167,True,True
39975766,16.92000000,0.94000000,15.90480000,1666915871842,True,True
39975767,16.92000000,0.88000000,14.88960000,1666915871842,True,True
39975768,16.92000000,0.69000000,11.67480000,1666915871842,True,True
39975769,16.92000000,3.30000000,55.83600000,1666915871842,True,True
39975770,16.92000000,19.70000000,333.32400000,1666915871842,True,True
39975771,16.92000000,29.90000000,505.90800000,1666915876790,False,True
39975772,16.92000000,6.64000000,112.34880000,1666915876790,False,True
39975773,16.92000000,13.06000000,220.97520000,1666915876797,False,True
39975774,16.92000000,21.43000000,362.59560000,1666915876797,False,True
39975775,16.92000000,29.90000000,505.90800000,1666915878786,True,True
39975776,16.92000000,8.56000000,144.83520000,1666915878786,True,True
39975777,16.92000000,19.70000000,333.32400000,1666915878786,True,True
39975778,16.92000000,8.56000000,144.83520000,1666915878786,True,True
39975779,16.91000000,7.14000000,120.73740000,1666915893186,True,True
39975780,16.91000000,0.76000000,12.85160000,1666915893186,True,True
39975781,16.91000000,0.60000000,10.14600000,1666915893186,True,True
39975782,16.91000000,0.65000000,10.99150000,1666915893186,True,True
39975783,16.91000000,0.65000000,10.99150000,1666915893186,True,True
39975784,16.91000000,3.05000000,51.57550000,1666915893186,True,True
39975785,16.91000000,0.71000000,12.00610000,1666915893186,True,True
39975786,16.91000000,7.45000000,125.97950000,1666915893186,True,True
39975787,16.91000000,6.00000000,101.46000000,1666915893186,True,True
39975788,16.91000000,1.64000000,27.73240000,1666915893186,True,True
39975789,16.91000000,3.30000000,55.80300000,1666915893186,True,True
39975790,16.91000000,36.02000000,609.09820000,1666915893676,False,True
39975791,16.91000000,29.90000000,505.60900000,1666915893676,False,True
39975792,16.91000000,29.64000000,501.21240000,1666915893676,False,True
39975793,16.91000000,76.82000000,1299.02620000,1666915893676,False,True
39975794,16.91000000,22.63000000,382.67330000,1666915893676,False,True
39975795,16.91000000,8.56000000,144.74960000,1666915893676,False,True
39975796,16.91000000,23.39000000,395.52490000,1666915893676,False,True
39975797,16.91000000,9.63000000,162.84330000,1666915893676,False,True
39975798,16.91000000,12.68000000,214.41880000,1666915893676,False,True
39975799,16.91000000,12.68000000,214.41880000,1666915921992,True,True
39975800,16.91000000,29.90000000,505.60900000,1666915921992,True,True
39975801,16.90000000,0.94000000,15.88600000,1666915938442,True,True
39975802,16.90000000,0.88000000,14.87200000,1666915938442,True,True
39975803,16.90000000,3.30000000,55.77000000,1666915938442,True,True
39975804,16.90000000,2.34000000,39.54600000,1666915939169,False,True
39975805,16.90000000,15.38000000,259.92200000,1666915939355,False,True
39975806,16.90000000,23.29000000,393.60100000,1666915939355,False,True
39975807,16.89000000,0.69000000,11.65410000,1666915955097,True,True
39975808,16.89000000,9.87000000,166.70430000,1666915955097,True,True
39975809,16.89000000,3.30000000,55.73700000,1666915955097,True,True
39975810,16.89000000,1.13000000,19.08570000,1666915955097,True,True
39975811,16.89000000,4.50000000,76.00500000,1666915955158,False,True
39975812,16.89000000,11.82000000,199.63980000,1666915955197,False,True
39975813,16.89000000,13.58000000,229.36620000,1666915955208,False,True
39975814,16.89000000,3.05000000,51.51450000,1666915967452,False,True
39975815,16.88000000,0.95000000,16.03600000,1666915978601,True,True
39975816,16.88000000,7.14000000,120.52320000,1666915978601,True,True
39975817,16.88000000,0.88000000,14.85440000,1666915978601,True,True
39975818,16.88000000,0.24000000,4.05120000,1666915978601,True,True
39975819,16.88000000,2.91000000,49.12080000,1666915978608,True,True
39975820,16.88000000,0.15000000,2.53200000,1666915978614,True,True
39975821,16.87000000,5.33000000,89.91710000,1666915988947,True,True
39975822,16.87000000,1.85000000,31.20950000,1666915988947,True,True
39975823,16.87000000,0.67000000,11.30290000,1666915988947,True,True
39975824,16.87000000,6.00000000,101.22000000,1666915988947,True,True
39975825,16.87000000,1.65000000,27.83550000,1666915988947,True,True
39975826,16.87000000,3.30000000,55.67100000,1666915988947,True,True
39975827,16.87000000,29.90000000,504.41300000,1666915988947,True,True
39975828,16.87000000,3.05000000,51.45350000,1666915988970,False,True
39975829,16.87000000,22.54000000,380.24980000,1666915990084,False,True
39975830,16.87000000,14.53000000,245.12110000,1666915990084,False,True
39975831,16.87000000,29.90000000,504.41300000,1666915990164,False,True
39975832,16.87000000,14.01000000,236.34870000,1666915990164,False,True
39975833,16.87000000,5.69000000,95.99030000,1666915990165,False,True
39975834,16.88000000,8.33000000,140.61040000,1666915996222,False,True
39975835,16.88000000,13.13000000,221.63440000,1666915996225,False,True
39975836,16.88000000,12.68000000,214.03840000,1666915996524,False,True
39975837,16.88000000,0.96000000,16.20480000,1666915996524,False,True
39975838,16.88000000,3.30000000,55.70400000,1666915996524,False,True
39975839,16.88000000,9.63000000,162.55440000,1666915998541,True,True
39975840,16.88000000,17.02000000,287.29760000,1666915998541,True,True
39975841,16.88000000,2.34000000,39.49920000,1666915999664,True,True
39975842,16.88000000,29.90000000,504.71200000,1666916000850,True,True
39975843,16.88000000,23.29000000,393.13520000,1666916000850,True,True
39975844,16.87000000,6.47000000,109.14890000,1666916010443,True,True
39975845,16.87000000,2.58000000,43.52460000,1666916014525,True,True
39975846,16.87000000,7.26000000,122.47620000,1666916014526,True,True
39975847,16.87000000,10.78000000,181.85860000,1666916017635,False,True
39975848,16.87000000,9.84000000,166.00080000,1666916017637,False,True
39975849,16.87000000,1.43000000,24.12410000,1666916017637,False,True
39975850,16.87000000,28.47000000,480.28890000,1666916017638,False,True
39975851,16.87000000,4.59000000,77.43330000,1666916017638,False,True
39975852,16.87000000,9.48000000,159.92760000,1666916017638,False,True
39975853,16.87000000,4.84000000,81.65080000,1666916017639,False,True
39975854,16.87000000,2.62000000,44.19940000,1666916017639,False,True
39975855,16.87000000,8.55000000,144.23850000,1666916017640,False,True
39975856,16.87000000,1.53000000,25.81110000,1666916017650,False,True
39975857,16.88000000,2.00000000,33.76000000,1666916023873,False,True
39975858,16.88000000,10.00000000,168.80000000,1666916026873,False,True
39975859,16.88000000,10.00000000,168.80000000,1666916029889,False,True
39975860,16.88000000,46.77000000,789.47760000,1666916037080,True,True
39975861,16.88000000,10.57000000,178.42160000,1666916037080,True,True
39975862,16.88000000,19.33000000,326.29040000,1666916037081,True,True
39975863,16.88000000,11.83000000,199.69040000,1666916040574,False,True
39975864,16.88000000,1.32000000,22.28160000,1666916040586,False,True
39975865,16.88000000,44.00000000,742.72000000,1666916043225,True,True
39975866,16.88000000,24.26000000,409.50880000,1666916067592,True,True
39975867,16.88000000,11.09000000,187.19920000,1666916069286,True,True
39975868,16.87000000,9.84000000,166.00080000,1666916081882,True,True
39975869,16.86000000,0.95000000,16.01700000,1666916083478,True,True
39975870,16.86000000,12.00000000,202.32000000,1666916083478,True,True
39975871,16.86000000,0.88000000,14.83680000,1666916083478,True,True
39975872,16.86000000,0.69000000,11.63340000,1666916083478,True,True
39975873,16.86000000,70.34000000,1185.93240000,1666916083478,True,True
39975874,16.86000000,0.63000000,10.62180000,1666916083478,True,True
39975875,16.86000000,0.60000000,10.11600000,1666916083478,True,True
39975876,16.86000000,3.30000000,55.63800000,1666916083478,True,True
39975877,16.86000000,11.77000000,198.44220000,1666916083478,True,True
39975878,16.86000000,9.86000000,166.23960000,1666916083478,True,True
39975879,16.86000000,1.11000000,18.71460000,1666916083478,True,True
39975880,16.86000000,1.11000000,18.71460000,1666916083478,True,True
39975881,16.86000000,30.46000000,513.55560000,1666916083553,True,True
39975882,16.86000000,14.82000000,249.86520000,1666916083732,False,True
39975883,16.86000000,10.70000000,180.40200000,1666916085589,True,True
39975884,16.86000000,22.71000000,382.89060000,1666916086696,True,True
39975885,16.86000000,19.73000000,332.64780000,1666916088300,False,True
39975886,16.86000000,29.90000000,504.11400000,1666916088300,False,True
39975887,16.86000000,7.71000000,129.99060000,1666916088300,False,True
39975888,16.86000000,4.99000000,84.13140000,1666916088308,False,True
39975889,16.87000000,30.46000000,513.86020000,1666916095085,False,True
39975890,16.88000000,28.68000000,484.11840000,1666916099891,False,True
39975891,16.88000000,1.22000000,20.59360000,1666916099892,False,True
39975892,16.88000000,0.95000000,16.03600000,1666916099892,False,True
39975893,16.88000000,3.30000000,55.70400000,1666916099892,False,True
39975894,16.89000000,3.30000000,55.73700000,1666916104023,False,True
39975895,16.90000000,10.86000000,183.53400000,1666916105128,False,True
39975896,16.90000000,0.91000000,15.37900000,1666916105138,False,True
39975897,16.90000000,0.95000000,16.05500000,1666916105138,False,True
39975898,16.90000000,2.96000000,50.02400000,1666916105138,False,True
39975899,16.90000000,1.40000000,23.66000000,1666916105138,False,True
39975900,16.90000000,1.00000000,16.90000000,1666916105138,False,True
39975901,16.90000000,2.96000000,50.02400000,1666916105138,False,True
39975902,16.90000000,12.00000000,202.80000000,1666916105138,False,True
39975903,16.90000000,1.65000000,27.88500000,1666916105138,False,True
39975904,16.90000000,59.80000000,1010.62000000,1666916108398,True,True
39975905,16.90000000,9.84000000,166.29600000,1666916113553,False,True
39975906,16.90000000,20.62000000,348.47800000,1666916113553,False,True
39975907,16.90000000,9.28000000,156.83200000,1666916113554,False,True
39975908,16.90000000,45.21000000,764.04900000,1666916141046,True,True
39975909,16.90000000,12.13000000,204.99700000,1666916141046,True,True
39975910,16.90000000,14.27000000,241.16300000,1666916141053,True,True
39975911,16.90000000,3.50000000,59.15000000,1666916141055,True,True
39975912,16.90000000,2.34000000,39.54600000,1666916143596,False,True
39975913,16.89000000,9.87000000,166.70430000,1666916145989,True,True
39975914,16.89000000,9.86000000,166.53540000,1666916145989,True,True
39975915,16.89000000,17.08000000,288.48120000,1666916145989,True,True
39975916,16.89000000,12.78000000,215.85420000,1666916153616,False,True
39975917,16.89000000,6.54000000,110.46060000,1666916153616,False,True
39975918,16.89000000,13.19000000,222.77910000,1666916153626,False,True
39975919,16.89000000,16.36000000,276.32040000,1666916153626,False,True
39975920,16.89000000,13.54000000,228.69060000,1666916153636,False,True
39975921,16.90000000,1.21000000,20.44900000,1666916175450,True,True
39975922,16.90000000,1.13000000,19.09700000,1666916175801,True,True
39975923,16.91000000,7.14000000,120.73740000,1666916206376,False,True
39975924,16.91000000,0.60000000,10.14600000,1666916206376,False,True
39975925,16.91000000,0.88000000,14.88080000,1666916206376,False,True
39975926,16.91000000,3.30000000,55.80300000,1666916206376,False,True
39975927,16.91000000,1.09000000,18.43190000,1666916206376,False,True
39975928,16.91000000,8.04000000,135.95640000,1666916206376,False,True
39975929,16.89000000,16.25000000,274.46250000,1666916212219,True,True
39975930,16.89000000,3.61000000,60.97290000,1666916225147,True,True
39975931,16.88000000,0.95000000,16.03600000,1666916230980,True,True
39975932,16.88000000,29.14000000,491.88320000,1666916230980,True,True
39975933,16.88000000,15.14000000,255.56320000,1666916230991,True,True
39975934,16.88000000,7.10000000,119.84800000,1666916230991,True,True
39975935,16.88000000,0.04000000,0.67520000,1666916231169,True,True
39975936,16.88000000,3.30000000,55.70400000,1666916231169,True,True
39975937,16.88000000,30.46000000,514.16480000,1666916232487,False,True
39975938,16.88000000,38.01000000,641.60880000,1666916232487,False,True
39975939,16.88000000,111.43000000,1880.93840000,1666916232487,False,True
39975940,16.87000000,1.65000000,27.83550000,1666916236562,True,True
39975941,16.87000000,6.00000000,101.22000000,1666916236562,True,True
39975942,16.87000000,9.86000000,166.33820000,1666916236562,True,True
39975943,16.87000000,9.84000000,166.00080000,1666916236562,True,True
39975944,16.87000000,11.32000000,190.96840000,1666916236562,True,True
39975945,16.87000000,3.30000000,55.67100000,1666916236562,True,True
39975946,16.86000000,0.95000000,16.01700000,1666916245678,True,True
39975947,16.86000000,12.00000000,202.32000000,1666916245678,True,True
39975948,16.86000000,0.96000000,16.18560000,1666916245678,True,True
39975949,16.86000000,0.88000000,14.83680000,1666916245678,True,True
39975950,16.86000000,3.30000000,55.63800000,1666916245678,True,True
39975951,16.86000000,21.80000000,367.54800000,1666916245863,False,True
39975952,16.85000000,0.95000000,16.00750000,1666916246282,True,True
39975953,16.85000000,7.14000000,120.30900000,1666916246282,True,True
39975954,16.85000000,0.88000000,14.82800000,1666916246282,True,True
39975955,16.85000000,4.25000000,71.61250000,1666916246282,True,True
39975956,16.86000000,16.21000000,273.30060000,1666916250220,False,True
39975957,16.86000000,18.60000000,313.59600000,1666916250220,False,True
39975958,16.86000000,29.91000000,504.28260000,1666916250220,False,True
39975959,16.86000000,21.78000000,367.21080000,1666916250220,False,True
39975960,16.86000000,54.86000000,924.93960000,1666916250220,False,True
39975961,16.86000000,30.46000000,513.55560000,1666916250236,False,True
39975962,16.86000000,12.83000000,216.31380000,1666916250237,False,True
39975963,16.86000000,27.93000000,470.89980000,1666916250237,False,True
39975964,16.86000000,0.95000000,16.01700000,1666916250237,False,True
39975965,16.86000000,1.09000000,18.37740000,1666916250237,False,True
39975966,16.86000000,6.20000000,104.53200000,1666916250237,False,True
39975967,16.86000000,44.29000000,746.72940000,1666916250237,False,True
39975968,16.87000000,29.91000000,504.58170000,1666916253713,False,True
39975969,16.87000000,19.70000000,332.33900000,1666916253713,False,True
39975970,16.87000000,0.96000000,16.19520000,1666916253713,False,True
39975971,16.87000000,2.34000000,39.47580000,1666916253959,True,True
39975972,16.87000000,27.56000000,464.93720000,1666916254472,True,True
39975973,16.86000000,0.96000000,16.18560000,1666916262934,True,True
39975974,16.86000000,29.91000000,504.28260000,1666916262934,True,True
39975975,16.86000000,70.35000000,1186.10100000,1666916262934,True,True
39975976,16.86000000,9.83000000,165.73380000,1666916262934,True,True
39975977,16.86000000,18.60000000,313.59600000,1666916265704,False,True
39975978,16.85000000,0.93000000,15.67050000,1666916268325,True,True
39975979,16.85000000,2.27000000,38.24950000,1666916273338,True,True
39975980,16.85000000,1.85000000,31.17250000,1666916273338,True,True
39975981,16.85000000,0.97000000,16.34450000,1666916273338,True,True
39975982,16.85000000,1.18000000,19.88300000,1666916273338,True,True
39975983,16.85000000,0.60000000,10.11000000,1666916273338,True,True
39975984,16.85000000,0.75000000,12.63750000,1666916273338,True,True
39975985,16.85000000,9.87000000,166.30950000,1666916273338,True,True
39975986,16.85000000,3.30000000,55.60500000,1666916273338,True,True
39975987,16.85000000,1.65000000,27.80250000,1666916273338,True,True
39975988,16.85000000,0.95000000,16.00750000,1666916273338,True,True
39975989,16.85000000,9.86000000,166.14100000,1666916273338,True,True
39975990,16.85000000,51.17000000,862.21450000,1666916273338,True,True
39975991,16.85000000,55.61000000,937.02850000,1666916273338,True,True
39975992,16.85000000,37.97000000,639.79450000,1666916273338,True,True
39975993,16.85000000,101.27000000,1706.39950000,1666916273501,False,True
39975994,16.85000000,30.46000000,513.25100000,1666916274472,True,True
39975995,16.85000000,10.14000000,170.85900000,1666916274472,True,True
39975996,16.85000000,21.15000000,356.37750000,1666916274472,True,True
39975997,16.85000000,30.46000000,513.25100000,1666916274485,True,True
39975998,16.85000000,5.73000000,96.55050000,1666916274486,True,True
39975999,16.85000000,15.42000000,259.82700000,1666916274558,False,True
39976000,16.85000000,10.14000000,170.85900000,1666916274558,False,True
39976001,16.85000000,114.99000000,1937.58150000,1666916274558,False,True
39976002,16.85000000,21.15000000,356.37750000,1666916281772,False,True
39976003,16.85000000,1.08000000,18.19800000,1666916283667,False,True
39976004,16.84000000,0.71000000,11.95640000,1666916284834,True,True
39976005,16.84000000,1.20000000,20.20800000,1666916284834,True,True
39976006,16.84000000,3.30000000,55.57200000,1666916284834,True,True
39976007,16.84000000,0.69000000,11.61960000,1666916284834,True,True
39976008,16.84000000,0.63000000,10.60920000,1666916284834,True,True
39976009,16.84000000,0.70000000,11.78800000,1666916284834,True,True
39976010,16.84000000,1.19000000,20.03960000,1666916284834,True,True
39976011,16.84000000,2.15000000,36.20600000,1666916284834,True,True
39976012,16.84000000,1.50000000,25.26000000,1666916284834,True,True
39976013,16.84000000,1.25000000,21.05000000,1666916284834,True,True
39976014,16.84000000,3.85000000,64.83400000,1666916284834,True,True
39976015,16.84000000,16.93000000,285.10120000,1666916284835,True,True
39976016,16.84000000,4.22000000,71.06480000,1666916284851,True,True
39976017,16.84000000,50.00000000,842.00000000,1666916284851,True,True
39976018,16.84000000,1.64000000,27.61760000,1666916284851,True,True
39976019,16.84000000,5.00000000,84.20000000,1666916284851,True,True
39976020,16.84000000,1.43000000,24.08120000,1666916284851,True,True
39976021,16.84000000,6.00000000,101.04000000,1666916284851,True,True
39976022,16.84000000,3.30000000,55.57200000,1666916284851,True,True
39976023,16.84000000,1.65000000,27.78600000,1666916284851,True,True
39976024,16.83000000,0.71000000,11.94930000,1666916286990,True,True
39976025,16.83000000,0.71000000,11.94930000,1666916286990,True,True
39976026,16.83000000,5.08000000,85.49640000,1666916286990,True,True
39976027,16.83000000,0.11000000,1.85130000,1666916286990,True,True
39976028,16.83000000,1.69000000,28.44270000,1666916286990,True,True
39976029,16.83000000,1.19000000,20.02770000,1666916286990,True,True
39976030,16.83000000,0.95000000,15.98850000,1666916286990,True,True
39976031,16.83000000,0.88000000,14.81040000,1666916286990,True,True
39976032,16.83000000,0.60000000,10.09800000,1666916286990,True,True
39976033,16.83000000,0.84000000,14.13720000,1666916286990,True,True
39976034,16.83000000,25.00000000,420.75000000,1666916286990,True,True
39976035,16.83000000,28.83000000,485.20890000,1666916286990,True,True
39976036,16.83000000,12.58000000,211.72140000,1666916287147,True,True
39976037,16.83000000,0.69000000,11.61270000,1666916287147,True,True
39976038,16.83000000,50.00000000,841.50000000,1666916287147,True,True
39976039,16.83000000,167.78000000,2823.73740000,1666916287147,True,True
39976040,16.83000000,10.32000000,173.68560000,1666916287147,True,True
39976041,16.83000000,9.57000000,161.06310000,1666916287184,False,True
39976042,16.83000000,28.46000000,478.98180000,1666916287278,False,True
39976043,16.83000000,33.07000000,556.56810000,1666916287278,False,True
39976044,16.82000000,1.51000000,25.39820000,1666916288247,True,True
39976045,16.82000000,0.75000000,12.61500000,1666916288247,True,True
39976046,16.82000000,2.30000000,38.68600000,1666916288247,True,True
39976047,16.82000000,1.65000000,27.75300000,1666916288247,True,True
39976048,16.82000000,3.74000000,62.90680000,1666916288247,True,True
39976049,16.82000000,50.00000000,841.00000000,1666916288247,True,True
39976050,16.82000000,25.00000000,420.50000000,1666916288247,True,True
39976051,16.82000000,2.09000000,35.15380000,1666916288247,True,True
39976052,16.82000000,2.00000000,33.64000000,1666916288247,True,True
39976053,16.82000000,0.90000000,15.13800000,1666916288247,True,True
39976054,16.82000000,5.93000000,99.74260000,1666916288247,True,True
39976055,16.82000000,1.04000000,17.49280000,1666916288247,True,True
39976056,16.82000000,11.77000000,197.97140000,1666916288247,True,True
39976057,16.82000000,10.32000000,173.58240000,1666916288247,True,True
39976058,16.82000000,29.61000000,498.04020000,1666916288247,True,True
39976059,16.82000000,1.07000000,17.99740000,1666916288247,True,True
39976060,16.82000000,19.39000000,326.13980000,1666916288247,True,True
39976061,16.82000000,3.30000000,55.50600000,1666916288247,True,True
39976062,16.81000000,5.35000000,89.93350000,1666916288247,True,True
39976063,16.81000000,0.71000000,11.93510000,1666916288247,True,True
39976064,16.81000000,0.96000000,16.13760000,1666916288247,True,True
39976065,16.81000000,0.75000000,12.60750000,1666916288247,True,True
39976066,16.81000000,0.84000000,14.12040000,1666916288247,True,True
39976067,16.81000000,0.76000000,12.77560000,1666916288247,True,True
39976068,16.81000000,0.64000000,10.75840000,1666916288247,True,True
39976069,16.81000000,0.95000000,15.96950000,1666916288247,True,True
39976070,16.81000000,0.88000000,14.79280000,1666916288247,True,True
39976071,16.81000000,0.60000000,10.08600000,1666916288247,True,True
39976072,16.81000000,25.00000000,420.25000000,1666916288247,True,True
39976073,16.81000000,1.82000000,30.59420000,1666916288247,True,True
39976074,16.81000000,1.46000000,24.54260000,1666916288247,True,True
39976075,16.81000000,36.67000000,616.42270000,1666916288247,True,True
39976076,16.81000000,22.77000000,382.76370000,1666916288247,True,True
39976077,16.81000000,58.55000000,984.22550000,1666916288247,True,True
39976078,16.81000000,639.21000000,10745.12010000,1666916288247,True,True
39976079,16.81000000,34.00000000,571.54000000,1666916288247,True,True
39976080,16.81000000,151.83000000,2552.26230000,1666916288247,True,True
39976081,16.81000000,113.03000000,1900.03430000,1666916288247,True,True
39976082,16.81000000,11.93000000,200.54330000,1666916288247,True,True
39976083,16.82000000,18.45000000,310.32900000,1666916288592,False,True
39976084,16.81000000,4.80000000,80.68800000,1666916290164,True,True
39976085,16.81000000,21.15000000,355.53150000,1666916290164,True,True
39976086,16.81000000,1.11000000,18.65910000,1666916290164,True,True
39976087,16.81000000,1.11000000,18.65910000,1666916290164,True,True
39976088,16.80000000,0.62000000,10.41600000,1666916290177,True,True
39976089,16.80000000,0.07000000,1.17600000,1666916290177,True,True
39976090,16.80000000,1.85000000,31.08000000,1666916290177,True,True
39976091,16.80000000,1.18000000,19.82400000,1666916290177,True,True
39976092,16.80000000,0.45000000,7.56000000,1666916290177,True,True
39976093,16.80000000,0.60000000,10.08000000,1666916290177,True,True
39976094,16.80000000,0.68000000,11.42400000,1666916290177,True,True
39976095,16.80000000,0.13000000,2.18400000,1666916290177,True,True
39976096,16.80000000,2.00000000,33.60000000,1666916290177,True,True
39976097,16.80000000,2.85000000,47.88000000,1666916290177,True,True
39976098,16.80000000,0.97000000,16.29600000,1666916290177,True,True
39976099,16.80000000,3.57000000,59.97600000,1666916290177,True,True
39976100,16.80000000,1.00000000,16.80000000,1666916290177,True,True
39976101,16.80000000,50.00000000,840.00000000,1666916290177,True,True
39976102,16.80000000,1.00000000,16.80000000,1666916290177,True,True
39976103,16.80000000,1.00000000,16.80000000,1666916290177,True,True
39976104,16.80000000,0.60000000,10.08000000,1666916290177,True,True
39976105,16.80000000,3.57000000,59.97600000,1666916290177,True,True
39976106,16.80000000,3.98000000,66.86400000,1666916290177,True,True
39976107,16.80000000,0.69000000,11.59200000,1666916290177,True,True
39976108,16.80000000,6.00000000,100.80000000,1666916290177,True,True
39976109,16.80000000,30.57000000,513.57600000,1666916290177,True,True
39976110,16.80000000,5.95000000,99.96000000,1666916290177,True,True
39976111,16.80000000,25.00000000,420.00000000,1666916290177,True,True
39976112,16.80000000,1.00000000,16.80000000,1666916290177,True,True
39976113,16.80000000,10.00000000,168.00000000,1666916290177,True,True
39976114,16.80000000,39.84000000,669.31200000,1666916290177,True,True
39976115,16.80000000,2.00000000,33.60000000,1666916290177,True,True
39976116,16.80000000,7.74000000,130.03200000,1666916290177,True,True
39976117,16.80000000,2.80000000,47.04000000,1666916290177,True,True
39976118,16.80000000,56.72000000,952.89600000,1666916290177,True,True
39976119,16.80000000,4.45000000,74.76000000,1666916290177,True,True
39976120,16.80000000,25.68000000,431.42400000,1666916290177,True,True
39976121,16.80000000,54.82000000,920.97600000,1666916290177,True,True
39976122,16.80000000,41.03000000,689.30400000,1666916290177,True,True
39976123,16.80000000,0.19000000,3.19200000,1666916290177,True,True
39976124,16.81000000,1.25000000,21.01250000,1666916290561,True,True
39976125,16.81000000,29.21000000,491.02010000,1666916290695,True,True
39976126,16.81000000,1.31000000,22.02110000,1666916290786,False,True
39976127,16.82000000,0.60000000,10.09200000,1666916292003,False,True
39976128,16.81000000,10.14000000,170.45340000,1666916293233,True,True
39976129,16.81000000,1.22000000,20.50820000,1666916293233,True,True
39976130,16.82000000,0.06000000,1.00920000,1666916293958,False,True
39976131,16.82000000,36.07000000,606.69740000,1666916293958,False,True
39976132,16.82000000,1.81000000,30.44420000,1666916294181,False,True
39976133,16.82000000,38.94000000,654.97080000,1666916295281,False,True
39976134,16.82000000,8.76000000,147.34320000,1666916295281,False,True
39976135,16.82000000,16.10000000,270.80200000,1666916295281,False,True
39976136,16.82000000,5.55000000,93.35100000,1666916295288,False,True
39976137,16.82000000,7.44000000,125.14080000,1666916295288,False,True
39976138,16.82000000,12.38000000,208.23160000,1666916295288,False,True
39976139,16.82000000,8.76000000,147.34320000,1666916295288,False,True
39976140,16.82000000,1.45000000,24.38900000,1666916295800,True,True
39976141,16.83000000,39.61000000,666.63630000,1666916296165,False,True
39976142,16.83000000,12.92000000,217.44360000,1666916296179,False,True
39976143,16.83000000,0.74000000,12.45420000,1666916296179,False,True
39976144,16.83000000,13.85000000,233.09550000,1666916296189,False,True
39976145,16.83000000,30.00000000,504.90000000,1666916296194,False,True
39976146,16.83000000,10.32000000,173.68560000,1666916296194,False,True
39976147,16.83000000,0.95000000,15.98850000,1666916296194,False,True
39976148,16.83000000,12.00000000,201.96000000,1666916296194,False,True
39976149,16.83000000,13.85000000,233.09550000,1666916296194,False,True
39976150,16.83000000,30.46000000,512.64180000,1666916296220,False,True
39976151,16.84000000,40.34000000,679.32560000,1666916297118,False,True
39976152,16.84000000,11.77000000,198.20680000,1666916297118,False,True
39976153,16.84000000,17.17000000,289.14280000,1666916297118,False,True
39976154,16.84000000,3.30000000,55.57200000,1666916297118,False,True
39976155,16.84000000,23.29000000,392.20360000,1666916297148,False,True
39976156,16.84000000,2.34000000,39.40560000,1666916297391,True,True
39976157,16.84000000,27.56000000,464.11040000,1666916297400,True,True
39976158,16.83000000,76.82000000,1292.88060000,1666916298414,True,True
39976159,16.83000000,29.90000000,503.21700000,1666916298414,True,True
39976160,16.83000000,23.99000000,403.75170000,1666916298414,True,True
39976161,16.83000000,37.96000000,638.86680000,1666916298414,True,True
39976162,16.83000000,11.05000000,185.97150000,1666916298414,True,True
39976163,16.83000000,76.82000000,1292.88060000,1666916302517,False,True
39976164,16.83000000,19.73000000,332.05590000,1666916302517,False,True
39976165,16.83000000,21.18000000,356.45940000,1666916302517,False,True
39976166,16.83000000,9.44000000,158.87520000,1666916302517,False,True
39976167,16.84000000,12.10000000,203.76400000,1666916303739,False,True
39976168,16.84000000,6.28000000,105.75520000,1666916303740,False,True
39976169,16.84000000,2.76000000,46.47840000,1666916303741,False,True
39976170,16.84000000,9.12000000,153.58080000,1666916303741,False,True
39976171,16.84000000,10.77000000,181.36680000,1666916303741,False,True
39976172,16.84000000,11.97000000,201.57480000,1666916303750,False,True
39976173,16.84000000,44.28000000,745.67520000,1666916305476,True,True
39976174,16.84000000,1.48000000,24.92320000,1666916314412,False,True
39976175,16.84000000,1.86000000,31.32240000,1666916321569,False,True
39976176,16.84000000,10.70000000,180.18800000,1666916322241,True,True
39976177,16.84000000,10.29000000,173.28360000,1666916322241,True,True
39976178,16.84000000,30.46000000,512.94640000,1666916325403,True,True
39976179,16.84000000,52.59000000,885.61560000,1666916325403,True,True
39976180,16.84000000,6.20000000,104.40800000,1666916325403,True,True
39976181,16.83000000,19.70000000,331.55100000,1666916325403,True,True
39976182,16.83000000,2.66000000,44.76780000,1666916325403,True,True
39976183,16.83000000,76.82000000,1292.88060000,1666916325403,True,True
39976184,16.83000000,38.02000000,639.87660000,1666916325403,True,True
39976185,16.83000000,63.26000000,1064.66580000,1666916325403,True,True
39976186,16.83000000,78.56000000,1322.16480000,1666916325403,True,True
39976187,16.83000000,8.08000000,135.98640000,1666916325403,True,True
39976188,16.83000000,18.99000000,319.60170000,1666916325403,True,True
39976189,16.83000000,35.24000000,593.08920000,1666916325403,True,True
39976190,16.83000000,9.86000000,165.94380000,1666916325403,True,True
39976191,16.83000000,23.92000000,402.57360000,1666916325403,True,True
39976192,16.83000000,197.39000000,3322.07370000,1666916325403,True,True
39976193,16.82000000,186.01000000,3128.68820000,1666916325403,True,True
39976194,16.82000000,3.30000000,55.50600000,1666916325403,True,True
39976195,16.82000000,48.69000000,818.96580000,1666916325403,True,True
39976196,16.82000000,37.94000000,638.15080000,1666916325403,True,True
39976197,16.82000000,29.32000000,493.16240000,1666916325403,True,True
39976198,16.82000000,35.86000000,603.16520000,1666916325403,True,True
39976199,16.82000000,40.22000000,676.50040000,1666916325403,True,True
39976200,16.82000000,5.88000000,98.90160000,1666916325403,True,True
39976201,16.82000000,14.57000000,245.06740000,1666916325403,True,True
39976202,16.82000000,114.94000000,1933.29080000,1666916325403,True,True
39976203,16.82000000,76.70000000,1290.09400000,1666916325403,True,True
39976204,16.82000000,4.13000000,69.46660000,1666916325403,True,True
39976205,16.82000000,9.81000000,165.00420000,1666916325403,True,True
39976206,16.81000000,2.66000000,44.71460000,1666916325403,True,True
39976207,16.81000000,37.05000000,622.81050000,1666916325403,True,True
39976208,16.81000000,33.89000000,569.69090000,1666916325403,True,True
39976209,16.81000000,26.74000000,449.49940000,1666916325403,True,True
39976210,16.81000000,10.32000000,173.47920000,1666916325403,True,True
39976211,16.81000000,54.14000000,910.09340000,1666916325403,True,True
39976212,16.81000000,0.95000000,15.96950000,1666916325403,True,True
39976213,16.81000000,1.65000000,27.73650000,1666916325403,True,True
39976214,16.81000000,22.05000000,370.66050000,1666916325403,True,True
39976215,16.81000000,123.97000000,2083.93570000,1666916325403,True,True
39976216,16.81000000,13.21000000,222.06010000,1666916325403,True,True
39976217,16.81000000,176.44000000,2965.95640000,1666916325403,True,True
39976218,16.81000000,49.99000000,840.33190000,1666916325403,True,True
39976219,16.81000000,160.51000000,2698.17310000,1666916325403,True,True
39976220,16.81000000,44.77000000,752.58370000,1666916325403,True,True
39976221,16.81000000,510.74000000,8585.53940000,1666916325403,True,True
39976222,16.81000000,32.04000000,538.59240000,1666916325410,False,True
39976223,16.84000000,1.00000000,16.84000000,1666916325488,False,True
39976224,16.84000000,0.80000000,13.47200000,1666916325508,False,True
39976225,16.84000000,1.00000000,16.84000000,1666916325518,False,True
39976226,16.84000000,9.04000000,152.23360000,1666916325532,False,True
39976227,16.84000000,22.99000000,387.15160000,1666916325559,False,True
39976228,16.84000000,41.99000000,707.11160000,1666916325985,False,True
39976229,16.84000000,10.14000000,170.75760000,1666916325985,False,True
39976230,16.84000000,57.34000000,965.60560000,1666916325985,False,True
39976231,16.85000000,18.61000000,313.57850000,1666916326720,False,True
39976232,16.85000000,8.76000000,147.60600000,1666916326720,False,True
39976233,16.85000000,0.95000000,16.00750000,1666916326720,False,True
39976234,16.85000000,3.16000000,53.24600000,1666916326720,False,True
39976235,16.84000000,0.95000000,15.99800000,1666916326809,True,True
39976236,16.85000000,15.11000000,254.60350000,1666916327840,False,True
39976237,16.85000000,2.19000000,36.90150000,1666916327911,False,True
39976238,16.85000000,10.95000000,184.50750000,1666916327911,False,True
39976239,16.85000000,15.65000000,263.70250000,1666916327911,False,True
39976240,16.85000000,2.49000000,41.95650000,1666916327911,False,True
39976241,16.85000000,3.30000000,55.60500000,1666916334221,False,True
39976242,16.85000000,2.96000000,49.87600000,1666916334221,False,True
39976243,16.85000000,1.65000000,27.80250000,1666916334221,False,True
39976244,16.86000000,0.95000000,16.01700000,1666916340885,False,True
39976245,16.86000000,0.69000000,11.63340000,1666916340885,False,True
39976246,16.86000000,0.88000000,14.83680000,1666916340885,False,True
39976247,16.86000000,3.30000000,55.63800000,1666916340885,False,True
39976248,16.86000000,38.01000000,640.84860000,1666916340885,False,True
39976249,16.86000000,1.65000000,27.81900000,1666916340885,False,True
39976250,16.87000000,0.96000000,16.19520000,1666916341733,False,True
39976251,16.87000000,10.32000000,174.09840000,1666916341733,False,True
39976252,16.87000000,1.00000000,16.87000000,1666916341733,False,True
39976253,16.87000000,19.06000000,321.54220000,1666916341733,False,True
39976254,16.86000000,29.90000000,504.11400000,1666916342145,True,True
39976255,16.86000000,0.06000000,1.01160000,1666916342145,True,True
39976256,16.86000000,3.89000000,65.58540000,1666916342157,True,True
39976257,16.86000000,1.61000000,27.14460000,1666916343521,False,True
39976258,16.86000000,24.10000000,406.32600000,1666916343529,False,True
39976259,16.86000000,3.30000000,55.63800000,1666916344441,False,True
39976260,16.86000000,11.76000000,198.27360000,1666916345557,True,True
39976261,16.86000000,9.55000000,161.01300000,1666916347091,False,True
39976262,16.86000000,0.97000000,16.35420000,1666916355845,True,True
39976263,16.86000000,20.91000000,352.54260000,1666916357113,False,True
39976264,16.86000000,5.32000000,89.69520000,1666916357113,False,True
39976265,16.86000000,3.04000000,51.25440000,1666916364419,False,True
39976266,16.85000000,0.95000000,16.00750000,1666916367377,True,True
39976267,16.85000000,13.96000000,235.22600000,1666916367600,True,True
39976268,16.85000000,12.02000000,202.53700000,1666916367731,False,True
39976269,16.85000000,11.77000000,198.32450000,1666916368235,True,True
39976270,16.85000000,17.12000000,288.47200000,1666916368264,False,True
39976271,16.84000000,3.30000000,55.57200000,1666916373452,True,True
39976272,16.84000000,19.70000000,331.74800000,1666916373452,True,True
39976273,16.84000000,27.44000000,462.08960000,1666916373550,False,True
39976274,16.83000000,10.32000000,173.68560000,1666916376661,True,True
39976275,16.83000000,0.95000000,15.98850000,1666916376661,True,True
39976276,16.83000000,3.30000000,55.53900000,1666916376661,True,True
39976277,16.82000000,11.77000000,197.97140000,1666916376661,True,True
39976278,16.82000000,10.32000000,173.58240000,1666916376661,True,True
39976279,16.82000000,1.26000000,21.19320000,1666916376661,True,True
39976280,16.82000000,8.37000000,140.78340000,1666916376661,True,True
39976281,16.84000000,3.74000000,62.98160000,1666916382272,False,True
39976282,16.84000000,6.83000000,115.01720000,1666916382286,False,True
39976283,16.84000000,8.08000000,136.06720000,1666916382286,False,True
39976284,16.84000000,29.91000000,503.68440000,1666916382362,False,True
39976285,16.84000000,19.70000000,331.74800000,1666916382362,False,True
39976286,16.84000000,5.97000000,100.53480000,1666916383973,False,True
39976287,16.83000000,3.30000000,55.53900000,1666916394878,True,True
39976288,16.83000000,17.98000000,302.60340000,1666916395807,True,True
39976289,16.83000000,11.77000000,198.08910000,1666916395807,True,True
39976290,16.83000000,30.46000000,512.64180000,1666916395807,True,True
39976291,16.83000000,0.76000000,12.79080000,1666916395807,True,True
39976292,16.82000000,6.00000000,100.92000000,1666916396197,True,True
39976293,16.82000000,5.01000000,84.26820000,1666916396197,True,True
39976294,16.82000000,37.95000000,638.31900000,1666916399187,False,True
39976295,16.82000000,11.77000000,197.97140000,1666916401053,True,True
39976296,16.82000000,29.90000000,502.91800000,1666916402934,False,True
39976297,16.82000000,38.00000000,639.16000000,1666916402934,False,True
39976298,16.82000000,71.90000000,1209.35800000,1666916403333,True,True
39976299,16.82000000,4.92000000,82.75440000,1666916403344,True,True
39976300,16.82000000,2.98000000,50.12360000,1666916403344,True,True
39976301,16.82000000,20.31000000,341.61420000,1666916403354,True,True
39976302,16.82000000,2.47000000,41.54540000,1666916403354,True,True
39976303,16.82000000,8.23000000,138.42860000,1666916403390,True,True
39976304,16.82000000,22.23000000,373.90860000,1666916403390,True,True
39976305,16.82000000,7.67000000,129.00940000,1666916403391,True,True
39976306,16.82000000,6.35000000,106.80700000,1666916412615,False,True
39976307,16.81000000,10.32000000,173.47920000,1666916415588,True,True
39976308,16.81000000,0.95000000,15.96950000,1666916415588,True,True
39976309,16.81000000,0.88000000,14.79280000,1666916415588,True,True
39976310,16.81000000,3.30000000,55.47300000,1666916415588,True,True
39976311,16.80000000,0.41000000,6.88800000,1666916415663,True,True
39976312,16.80000000,38.73000000,650.66400000,1666916415663,True,True
39976313,16.80000000,1.11000000,18.64800000,1666916415692,True,True
39976314,16.80000000,11.77000000,197.73600000,1666916415692,True,True
39976315,16.80000000,10.32000000,173.37600000,1666916415692,True,True
39976316,16.80000000,0.69000000,11.59200000,1666916415692,True,True
39976317,16.80000000,4.80000000,80.64000000,1666916415692,True,True
39976318,16.80000000,6.00000000,100.80000000,1666916415692,True,True
39976319,16.80000000,1.66000000,27.88800000,1666916415692,True,True
39976320,16.80000000,26.00000000,436.80000000,1666916415692,True,True
39976321,16.79000000,0.71000000,11.92090000,1666916415806,True,True
39976322,16.79000000,1.25000000,20.98750000,1666916415806,True,True
39976323,16.79000000,0.70000000,11.75300000,1666916415806,True,True
39976324,16.79000000,8.08000000,135.66320000,1666916415806,True,True
39976325,16.79000000,9.99000000,167.73210000,1666916416096,True,True
39976326,16.79000000,0.78000000,13.09620000,1666916416096,True,True
39976327,16.79000000,0.95000000,15.95050000,1666916416096,True,True
39976328,16.79000000,0.88000000,14.77520000,1666916416096,True,True
39976329,16.79000000,0.60000000,10.07400000,1666916416096,True,True
39976330,16.79000000,3.58000000,60.10820000,1666916416096,True,True
39976331,16.79000000,1.18000000,19.81220000,1666916416096,True,True
39976332,16.79000000,25.00000000,419.75000000,1666916416096,True,True
39976333,16.79000000,0.75000000,12.59250000,1666916416096,True,True
39976334,16.79000000,4.77000000,80.08830000,1666916416096,True,True
39976335,16.79000000,0.70000000,11.75300000,1666916416096,True,True
39976336,16.79000000,0.71000000,11.92090000,1666916416096,True,True
39976337,16.79000000,12.00000000,201.48000000,1666916416096,True,True
39976338,16.79000000,12.13000000,203.66270000,1666916416096,True,True
39976339,16.79000000,19.70000000,330.76300000,1666916416096,True,True
39976340,16.79000000,24.96000000,419.07840000,1666916416096,True,True
39976341,16.79000000,30.46000000,511.42340000,1666916417243,True,True
39976342,16.79000000,29.90000000,502.02100000,1666916417281,False,True
39976343,16.79000000,11.33000000,190.23070000,1666916417319,False,True
39976344,16.79000000,16.37000000,274.85230000,1666916417365,False,True
39976345,16.79000000,3.33000000,55.91070000,1666916417406,False,True
39976346,16.79000000,4.81000000,80.75990000,1666916417559,False,True
39976347,16.79000000,29.60000000,496.98400000,1666916417612,False,True
39976348,16.79000000,12.84000000,215.58360000,1666916417826,False,True
39976349,16.80000000,43.74000000,734.83200000,1666916417878,False,True
39976350,16.79000000,29.90000000,502.02100000,1666916418068,True,True
39976351,16.78000000,7.45000000,125.01100000,1666916419141,True,True
39976352,16.78000000,1.85000000,31.04300000,1666916419141,True,True
39976353,16.78000000,1.68000000,28.19040000,1666916419141,True,True
39976354,16.78000000,4.67000000,78.36260000,1666916419141,True,True
39976355,16.78000000,0.95000000,15.94100000,1666916419141,True,True
39976356,16.78000000,50.00000000,839.00000000,1666916419141,True,True
39976357,16.78000000,0.88000000,14.76640000,1666916419141,True,True
39976358,16.78000000,1.20000000,20.13600000,1666916419141,True,True
39976359,16.78000000,0.67000000,11.24260000,1666916419141,True,True
39976360,16.78000000,25.00000000,419.50000000,1666916419141,True,True
39976361,16.78000000,8.13000000,136.42140000,1666916419141,True,True
39976362,16.78000000,0.63000000,10.57140000,1666916419141,True,True
39976363,16.78000000,11.77000000,197.50060000,1666916419141,True,True
39976364,16.78000000,3.30000000,55.37400000,1666916419141,True,True
39976365,16.77000000,1.20000000,20.12400000,1666916419141,True,True
39976366,16.77000000,3.50000000,58.69500000,1666916419141,True,True
39976367,16.77000000,1.45000000,24.31650000,1666916419141,True,True
39976368,16.77000000,3.76000000,63.05520000,1666916419141,True,True
39976369,16.77000000,1.65000000,27.67050000,1666916419141,True,True
39976370,16.77000000,1.72000000,28.84440000,1666916419141,True,True
39976371,16.77000000,2.28000000,38.23560000,1666916419141,True,True
39976372,16.77000000,5.36000000,89.88720000,1666916419141,True,True
39976373,16.77000000,2.72000000,45.61440000,1666916419141,True,True
39976374,16.77000000,25.00000000,419.25000000,1666916419141,True,True
39976375,16.77000000,0.69000000,11.57130000,1666916419141,True,True
39976376,16.77000000,0.66000000,11.06820000,1666916419141,True,True
39976377,16.77000000,6.78000000,113.70060000,1666916419141,True,True
39976378,16.77000000,3.08000000,51.65160000,1666916419141,True,True
39976379,16.77000000,9.86000000,165.35220000,1666916419141,True,True
39976380,16.77000000,3.33000000,55.84410000,1666916419141,True,True
39976381,16.77000000,14.96000000,250.87920000,1666916419141,True,True
39976382,16.77000000,43.24000000,725.13480000,1666916419141,True,True
39976383,16.77000000,6.51000000,109.17270000,1666916419141,True,True
39976384,16.77000000,56.17000000,941.97090000,1666916419141,True,True
39976385,16.77000000,30.52000000,511.82040000,1666916419141,True,True
39976386,16.78000000,19.35000000,324.69300000,1666916419276,False,True
39976387,16.78000000,12.48000000,209.41440000,1666916419276,False,True
39976388,16.78000000,3.70000000,62.08600000,1666916419347,False,True
39976389,16.77000000,6.00000000,100.62000000,1666916421171,True,True
39976390,16.77000000,6.96000000,116.71920000,1666916421227,False,True
39976391,16.77000000,15.70000000,263.28900000,1666916421270,False,True
39976392,16.77000000,11.84000000,198.55680000,1666916421274,False,True
39976393,16.77000000,3.52000000,59.03040000,1666916421282,False,True
39976394,16.77000000,21.33000000,357.70410000,1666916421282,False,True
39976395,16.77000000,56.87000000,953.70990000,1666916421284,False,True
39976396,16.78000000,43.24000000,725.56720000,1666916422885,False,True
39976397,16.78000000,19.70000000,330.56600000,1666916422885,False,True
39976398,16.78000000,18.49000000,310.26220000,1666916422885,False,True
39976399,16.78000000,31.32000000,525.54960000,1666916422901,False,True
39976400,16.78000000,38.02000000,637.97560000,1666916422901,False,True
39976401,16.78000000,6.20000000,104.03600000,1666916422901,False,True
39976402,16.78000000,1.09000000,18.29020000,1666916422901,False,True
39976403,16.78000000,37.16000000,623.54480000,1666916422901,False,True
39976404,16.79000000,1.58000000,26.52820000,1666916424719,False,True
39976405,16.79000000,25.09000000,421.26110000,1666916424721,False,True
39976406,16.79000000,11.28000000,189.39120000,1666916424728,False,True
39976407,16.79000000,29.90000000,502.02100000,1666916424728,False,True
39976408,16.79000000,0.95000000,15.95050000,1666916424728,False,True
39976409,16.80000000,9.83000000,165.14400000,1666916426935,False,True
39976410,16.80000000,3.30000000,55.44000000,1666916426935,False,True
39976411,16.80000000,3.99000000,67.03200000,1666916426935,False,True
39976412,16.80000000,22.89000000,384.55200000,1666916427804,False,True
39976413,16.80000000,3.18000000,53.42400000,1666916428208,False,True
39976414,16.80000000,13.94000000,234.19200000,1666916428208,False,True
39976415,16.79000000,8.86000000,148.75940000,1666916433052,False,True
39976416,16.79000000,5.51000000,92.51290000,1666916433094,False,True
39976417,16.80000000,4.68000000,78.62400000,1666916433750,False,True
39976418,16.80000000,4.87000000,81.81600000,1666916433821,False,True
39976419,16.80000000,0.65000000,10.92000000,1666916435441,False,True
39976420,16.80000000,2.80000000,47.04000000,1666916436635,False,True
39976421,16.80000000,10.00000000,168.00000000,1666916436819,False,True
39976422,16.80000000,0.84000000,14.11200000,1666916439577,False,True
39976423,16.80000000,6.78000000,113.90400000,1666916464518,True,True
39976424,16.81000000,0.95000000,15.96950000,1666916469350,False,True
39976425,16.81000000,2.97000000,49.92570000,1666916469350,False,True
39976426,16.81000000,1.65000000,27.73650000,1666916469350,False,True
39976427,16.81000000,4.93000000,82.87330000,1666916469350,False,True
39976428,16.81000000,1.85000000,31.09850000,1666916470393,False,True
39976429,16.81000000,16.42000000,276.02020000,1666916470395,False,True
39976430,16.81000000,3.30000000,55.47300000,1666916470395,False,True
39976431,16.81000000,18.93000000,318.21330000,1666916475617,True,True
39976432,16.81000000,30.46000000,512.03260000,1666916475617,True,True
39976433,16.81000000,20.47000000,344.10070000,1666916475617,True,True
39976434,16.81000000,45.28000000,761.15680000,1666916475617,True,True
39976435,16.80000000,1.83000000,30.74400000,1666916475617,True,True
39976436,16.81000000,11.16000000,187.59960000,1666916481168,False,True
39976437,16.81000000,38.13000000,640.96530000,1666916482840,True,True
39976438,16.80000000,9.80000000,164.64000000,1666916486317,True,True
39976439,16.80000000,30.46000000,511.72800000,1666916486317,True,True
39976440,16.80000000,8.91000000,149.68800000,1666916486927,False,True
39976441,16.79000000,0.95000000,15.95050000,1666916491172,True,True
39976442,16.79000000,3.30000000,55.40700000,1666916491172,True,True
39976443,16.78000000,0.95000000,15.94100000,1666916492205,True,True
39976444,16.78000000,3.00000000,50.34000000,1666916492205,True,True
39976445,16.78000000,64.56000000,1083.31680000,1666916492205,True,True
39976446,16.78000000,1.66000000,27.85480000,1666916492205,True,True
39976447,16.78000000,9.93000000,166.62540000,1666916492205,True,True
39976448,16.78000000,9.80000000,164.44400000,1666916492205,True,True
39976449,16.78000000,9.86000000,165.45080000,1666916492205,True,True
39976450,16.78000000,1.19000000,19.96820000,1666916492302,False,True
39976451,16.78000000,13.96000000,234.24880000,1666916492327,False,True
39976452,16.78000000,9.73000000,163.26940000,1666916492327,False,True
39976453,16.77000000,2.02000000,33.87540000,1666916494782,True,True
39976454,16.77000000,0.63000000,10.56510000,1666916495948,True,True
39976455,16.77000000,12.00000000,201.24000000,1666916495948,True,True
39976456,16.77000000,4.80000000,80.49600000,1666916495948,True,True
39976457,16.77000000,6.00000000,100.62000000,1666916495948,True,True
39976458,16.77000000,3.30000000,55.34100000,1666916495948,True,True
39976459,16.77000000,0.11000000,1.84470000,1666916495948,True,True
39976460,16.76000000,0.71000000,11.89960000,1666916501111,True,True
39976461,16.76000000,1.81000000,30.33560000,1666916501111,True,True
39976462,16.76000000,0.72000000,12.06720000,1666916501111,True,True
39976463,16.76000000,1.19000000,19.94440000,1666916501111,True,True
39976464,16.76000000,0.75000000,12.57000000,1666916501111,True,True
39976465,16.76000000,0.83000000,13.91080000,1666916501111,True,True
39976466,16.76000000,0.95000000,15.92200000,1666916501111,True,True
39976467,16.76000000,50.00000000,838.00000000,1666916501111,True,True
39976468,16.76000000,1.20000000,20.11200000,1666916501111,True,True
39976469,16.76000000,0.88000000,14.74880000,1666916501111,True,True
39976470,16.76000000,0.96000000,16.08960000,1666916501111,True,True
39976471,16.76000000,0.23000000,3.85480000,1666916501111,True,True
39976472,16.76000000,11.72000000,196.42720000,1666916501111,True,True
39976473,16.76000000,13.28000000,222.57280000,1666916501114,True,True
39976474,16.76000000,2.03000000,34.02280000,1666916501114,True,True
39976475,16.76000000,42.44000000,711.29440000,1666916501114,True,True
39976476,16.76000000,70.35000000,1179.06600000,1666916501121,True,True
39976477,16.76000000,10.39000000,174.13640000,1666916501124,True,True
39976478,16.76000000,33.60000000,563.13600000,1666916501134,True,True
39976479,16.76000000,9.91000000,166.09160000,1666916501134,True,True
39976480,16.76000000,42.69000000,715.48440000,1666916501134,True,True
39976481,16.76000000,20.57000000,344.75320000,1666916501138,True,True
39976482,16.76000000,3.30000000,55.30800000,1666916501138,True,True
39976483,16.75000000,0.71000000,11.89250000,1666916501180,True,True
39976484,16.75000000,0.71000000,11.89250000,1666916501180,True,True
39976485,16.75000000,5.37000000,89.94750000,1666916501180,True,True
39976486,16.75000000,1.20000000,20.10000000,1666916501180,True,True
39976487,16.75000000,0.64000000,10.72000000,1666916501180,True,True
39976488,16.75000000,3.32000000,55.61000000,1666916501180,True,True
39976489,16.75000000,2.11000000,35.34250000,1666916501180,True,True
39976490,16.75000000,2.57000000,43.04750000,1666916501180,True,True
39976491,16.75000000,1.50000000,25.12500000,1666916501180,True,True
39976492,16.75000000,0.60000000,10.05000000,1666916501180,True,True
39976493,16.75000000,1.00000000,16.75000000,1666916501180,True,True
39976494,16.75000000,3.21000000,53.76750000,1666916501180,True,True
39976495,16.75000000,20.00000000,335.00000000,1666916501180,True,True
39976496,16.76000000,8.25000000,138.27000000,1666916501210,False,True
39976497,16.76000000,11.96000000,200.44960000,1666916501950,False,True
39976498,16.76000000,26.45000000,443.30200000,1666916501950,False,True
39976499,16.77000000,1.50000000,25.15500000,1666916503209,False,True
39976500,16.76000000,16.47000000,276.03720000,1666916506084,True,True
39976501,16.76000000,6.82000000,114.30320000,1666916506084,True,True
39976502,16.76000000,0.76000000,12.73760000,1666916512188,False,True
39976503,16.75000000,38.41000000,643.36750000,1666916517427,True,True
39976504,16.75000000,23.65000000,396.13750000,1666916517443,True,True
39976505,16.75000000,1.04000000,17.42000000,1666916517443,True,True
39976506,16.75000000,0.66000000,11.05500000,1666916517443,True,True
39976507,16.75000000,3.77000000,63.14750000,1666916517443,True,True
39976508,16.75000000,25.00000000,418.75000000,1666916517443,True,True
39976509,16.75000000,14.71000000,246.39250000,1666916517443,True,True
39976510,16.75000000,10.71000000,179.39250000,1666916517465,True,True
39976511,16.75000000,90.33000000,1513.02750000,1666916517532,True,True
39976512,16.75000000,60.00000000,1005.00000000,1666916517533,True,True
39976513,16.75000000,24.25000000,406.18750000,1666916517537,True,True
39976514,16.75000000,106.18000000,1778.51500000,1666916517537,True,True
39976515,16.75000000,39.82000000,666.98500000,1666916517544,True,True
39976516,16.75000000,4.39000000,73.53250000,1666916517544,True,True
39976517,16.75000000,3.63000000,60.80250000,1666916517544,True,True
39976518,16.75000000,1.31000000,21.94250000,1666916517544,True,True
39976519,16.75000000,0.96000000,16.08000000,1666916517544,True,True
39976520,16.75000000,4.11000000,68.84250000,1666916517544,True,True
39976521,16.75000000,0.60000000,10.05000000,1666916517544,True,True
39976522,16.75000000,3.30000000,55.27500000,1666916517544,True,True
39976523,16.74000000,0.69000000,11.55060000,1666916517695,True,True
39976524,16.74000000,2.37000000,39.67380000,1666916517695,True,True
39976525,16.74000000,0.95000000,15.90300000,1666916517695,True,True
39976526,16.74000000,32.49000000,543.88260000,1666916517695,True,True
39976527,16.75000000,5.29000000,88.60750000,1666916518360,False,True
39976528,16.75000000,31.57000000,528.79750000,1666916518360,False,True
39976529,16.74000000,17.51000000,293.11740000,1666916521260,True,True
39976530,16.74000000,0.88000000,14.73120000,1666916521260,True,True
39976531,16.74000000,25.00000000,418.50000000,1666916521260,True,True
39976532,16.74000000,1.26000000,21.09240000,1666916521260,True,True
39976533,16.74000000,1.45000000,24.27300000,1666916521260,True,True
39976534,16.74000000,4.80000000,80.35200000,1666916521260,True,True
39976535,16.74000000,6.00000000,100.44000000,1666916521260,True,True
39976536,16.74000000,3.30000000,55.24200000,1666916521260,True,True
39976537,16.74000000,1.66000000,27.78840000,1666916521260,True,True
39976538,16.74000000,1.05000000,17.57700000,1666916522189,False,True
39976539,16.73000000,1.86000000,31.11780000,1666916522475,True,True
39976540,16.73000000,0.97000000,16.22810000,1666916522475,True,True
39976541,16.73000000,2.91000000,48.68430000,1666916522475,True,True
39976542,16.73000000,0.70000000,11.71100000,1666916522475,True,True
39976543,16.73000000,0.95000000,15.89350000,1666916522475,True,True
39976544,16.73000000,3.76000000,62.90480000,1666916522475,True,True
39976545,16.73000000,0.60000000,10.03800000,1666916522475,True,True
39976546,16.73000000,25.00000000,418.25000000,1666916522475,True,True
39976547,16.73000000,2.52000000,42.15960000,1666916522475,True,True
39976548,16.73000000,0.63000000,10.53990000,1666916522475,True,True
39976549,16.73000000,3.01000000,50.35730000,1666916522475,True,True
39976550,16.73000000,2.51000000,41.99230000,1666916522475,True,True
39976551,16.73000000,34.00000000,568.82000000,1666916522475,True,True
39976552,16.73000000,41.38000000,692.28740000,1666916522475,True,True
39976553,16.73000000,17.30000000,289.42900000,1666916523432,False,True
39976554,16.73000000,32.31000000,540.54630000,1666916523432,False,True
39976555,16.73000000,70.43000000,1178.29390000,1666916523584,False,True
39976556,16.73000000,95.35000000,1595.20550000,1666916523585,False,True
39976557,16.73000000,23.29000000,389.64170000,1666916523585,False,True
39976558,16.73000000,19.83000000,331.75590000,1666916523585,False,True
39976559,16.73000000,6.20000000,103.72600000,1666916523585,False,True
39976560,16.73000000,30.46000000,509.59580000,1666916523610,False,True
39976561,16.74000000,13.28000000,222.30720000,1666916523610,False,True
39976562,16.73000000,23.29000000,389.64170000,1666916523955,True,True
39976563,16.73000000,3.30000000,55.20900000,1666916523955,True,True
39976564,16.74000000,23.62000000,395.39880000,1666916525615,False,True
39976565,16.74000000,8.68000000,145.30320000,1666916525615,False,True
39976566,16.74000000,5.22000000,87.38280000,1666916525615,False,True
39976567,16.74000000,15.93000000,266.66820000,1666916525735,False,True
39976568,16.74000000,2.05000000,34.31700000,1666916525764,False,True
39976569,16.74000000,12.40000000,207.57600000,1666916525764,False,True
39976570,16.74000000,4.25000000,71.14500000,1666916525764,False,True
39976571,16.74000000,1.56000000,26.11440000,1666916525772,False,True
39976572,16.74000000,44.00000000,736.56000000,1666916525773,False,True
39976573,16.74000000,5.81000000,97.25940000,1666916525777,False,True
39976574,16.74000000,9.87000000,165.22380000,1666916525777,False,True
39976575,16.74000000,12.30000000,205.90200000,1666916525777,False,True
39976576,16.74000000,9.11000000,152.50140000,1666916525777,False,True
39976577,16.74000000,2.39000000,40.00860000,1666916526008,False,True
39976578,16.74000000,11.70000000,195.85800000,1666916526008,False,True
39976579,16.75000000,0.84000000,14.07000000,1666916526527,False,True
39976580,16.75000000,2.08000000,34.84000000,1666916526545,False,True
39976581,16.74000000,30.46000000,509.90040000,1666916526675,True,True
39976582,16.74000000,29.91000000,500.69340000,1666916526675,True,True
39976583,16.74000000,19.64000000,328.77360000,1666916526675,True,True
39976584,16.73000000,29.91000000,500.39430000,1666916526682,True,True
39976585,16.73000000,76.83000000,1285.36590000,1666916526682,True,True
39976586,16.73000000,9.96000000,166.63080000,1666916526682,True,True
39976587,16.73000000,37.97000000,635.23810000,1666916526682,True,True
39976588,16.73000000,198.09000000,3314.04570000,1666916526682,True,True
39976589,16.73000000,7.76000000,129.82480000,1666916526682,True,True
39976590,16.73000000,47.86000000,800.69780000,1666916526682,True,True
39976591,16.73000000,41.14000000,688.27220000,1666916526682,True,True
39976592,16.73000000,1.09000000,18.23570000,1666916526682,True,True
39976593,16.73000000,22.14000000,370.40220000,1666916526682,True,True
39976594,16.73000000,23.55000000,393.99150000,1666916526682,True,True
39976595,16.73000000,46.47000000,777.44310000,1666916526682,True,True
39976596,16.74000000,76.83000000,1286.13420000,1666916526702,True,True
39976597,16.73000000,1.09000000,18.23570000,1666916526717,True,True
39976598,16.73000000,1.09000000,18.23570000,1666916526717,True,True
39976599,16.73000000,12.70000000,212.47100000,1666916526717,True,True
39976600,16.73000000,14.70000000,245.93100000,1666916526717,True,True
39976601,16.73000000,1.11000000,18.57030000,1666916526717,True,True
39976602,16.73000000,47.78000000,799.35940000,1666916526718,True,True
39976603,16.74000000,153.65000000,2572.10100000,1666916526723,False,True
39976604,16.74000000,30.42000000,509.23080000,1666916526754,False,True
39976605,16.74000000,43.66000000,730.86840000,1666916526756,False,True
39976606,16.74000000,20.00000000,334.80000000,1666916526818,True,True
39976607,16.75000000,3.54000000,59.29500000,1666916527047,False,True
39976608,16.75000000,9.14000000,153.09500000,1666916527047,False,True
39976609,16.75000000,20.00000000,335.00000000,1666916527296,False,True
39976610,16.75000000,2.34000000,39.19500000,1666916527305,False,True
39976611,16.75000000,12.74000000,213.39500000,1666916527305,False,True
39976612,16.75000000,18.20000000,304.85000000,1666916527305,False,True
39976613,16.75000000,10.32000000,172.86000000,1666916527305,False,True
39976614,16.75000000,40.00000000,670.00000000,1666916527305,False,True
39976615,16.75000000,9.78000000,163.81500000,1666916527305,False,True
39976616,16.75000000,29.90000000,500.82500000,1666916527305,False,True
39976617,16.75000000,3.56000000,59.63000000,1666916527305,False,True
39976618,16.75000000,1.17000000,19.59750000,1666916527315,False,True
39976619,16.75000000,25.18000000,421.76500000,1666916527318,False,True
39976620,16.75000000,9.95000000,166.66250000,1666916527318,False,True
39976621,16.75000000,3.30000000,55.27500000,1666916527318,False,True
39976622,16.76000000,37.18000000,623.13680000,1666916527435,False,True
39976623,16.76000000,37.95000000,636.04200000,1666916527435,False,True
39976624,16.76000000,10.32000000,172.96320000,1666916527435,False,True
39976625,16.76000000,0.95000000,15.92200000,1666916527435,False,True
39976626,16.76000000,48.87000000,819.06120000,1666916527435,False,True
39976627,16.76000000,57.34000000,961.01840000,1666916527435,False,True
39976628,16.76000000,19.34000000,324.13840000,1666916527435,False,True
39976629,16.76000000,12.21000000,204.63960000,1666916527435,False,True
39976630,16.76000000,14.96000000,250.72960000,1666916527435,False,True
39976631,16.76000000,9.87000000,165.42120000,1666916527435,False,True
39976632,16.76000000,63.26000000,1060.23760000,1666916527435,False,True
39976633,16.76000000,9.04000000,151.51040000,1666916527435,False,True
39976634,16.76000000,63.26000000,1060.23760000,1666916527455,False,True
39976635,16.77000000,39.94000000,669.79380000,1666916527455,False,True
39976636,16.77000000,10.32000000,173.06640000,1666916527455,False,True
39976637,16.77000000,153.38000000,2572.18260000,1666916527455,False,True
39976638,16.77000000,29.72000000,498.40440000,1666916527455,False,True
39976639,16.77000000,9.98000000,167.36460000,1666916527455,False,True
39976640,16.77000000,139.38000000,2337.40260000,1666916527455,False,True
39976641,16.77000000,1.62000000,27.16740000,1666916527455,False,True
39976642,16.77000000,2.44000000,40.91880000,1666916527470,False,True
39976643,16.77000000,1.11000000,18.61470000,1666916527470,False,True
39976644,16.77000000,1.11000000,18.61470000,1666916527470,False,True
39976645,16.77000000,16.85000000,282.57450000,1666916527470,False,True
39976646,16.77000000,63.26000000,1060.87020000,1666916527470,False,True
39976647,16.76000000,30.46000000,510.50960000,1666916527512,False,True
39976648,16.77000000,15.66000000,262.61820000,1666916527514,False,True
39976649,16.77000000,244.44000000,4099.25880000,1666916527518,False,True
39976650,16.77000000,15.66000000,262.61820000,1666916527518,False,True
39976651,16.77000000,47.60000000,798.25200000,1666916527520,False,True
39976652,16.77000000,15.66000000,262.61820000,1666916527520,False,True
39976653,16.77000000,4.12000000,69.09240000,1666916527534,False,True
39976654,16.77000000,15.26000000,255.91020000,1666916527534,False,True
39976655,16.77000000,19.38000000,325.00260000,1666916527557,False,True
39976656,16.77000000,43.88000000,735.86760000,1666916527570,False,True
39976657,16.77000000,15.26000000,255.91020000,1666916527591,False,True
39976658,16.77000000,48.00000000,804.96000000,1666916527591,False,True
39976659,16.76000000,2.98000000,49.94480000,1666916528192,True,True
39976660,16.76000000,15.26000000,255.75760000,1666916528411,False,True
39976661,16.76000000,11.01000000,184.52760000,1666916528895,False,True
39976662,16.76000000,0.95000000,15.92200000,1666916529586,True,True
39976663,16.77000000,14.77000000,247.69290000,1666916530681,False,True
39976664,16.77000000,20.75000000,347.97750000,1666916530691,False,True
39976665,16.77000000,4.22000000,70.76940000,1666916530692,False,True
39976666,16.77000000,10.32000000,173.06640000,1666916530692,False,True
39976667,16.77000000,0.33000000,5.53410000,1666916530692,False,True
39976668,16.77000000,14.37000000,240.98490000,1666916530755,False,True
39976669,16.77000000,9.02000000,151.26540000,1666916530755,False,True
39976670,16.77000000,3.68000000,61.71360000,1666916530756,False,True
39976671,16.77000000,3.30000000,55.34100000,1666916530756,False,True
39976672,16.77000000,15.41000000,258.42570000,1666916530756,False,True
39976673,16.77000000,7.79000000,130.63830000,1666916530758,False,True
39976674,16.78000000,0.93000000,15.60540000,1666916533304,False,True
39976675,16.78000000,0.02000000,0.33560000,1666916533376,False,True
39976676,16.78000000,10.32000000,173.16960000,1666916533376,False,True
39976677,16.78000000,1.00000000,16.78000000,1666916533376,False,True
39976678,16.78000000,2.98000000,50.00440000,1666916533376,False,True
39976679,16.78000000,23.20000000,389.29600000,1666916533376,False,True
39976680,16.78000000,11.70000000,196.32600000,1666916533376,False,True
39976681,16.78000000,3.30000000,55.37400000,1666916533376,False,True
39976682,16.79000000,0.95000000,15.95050000,1666916537349,False,True
39976683,16.79000000,0.88000000,14.77520000,1666916537349,False,True
39976684,16.79000000,6.20000000,104.09800000,1666916537349,False,True
39976685,16.79000000,3.30000000,55.40700000,1666916537349,False,True
39976686,16.79000000,1.45000000,24.34550000,1666916537435,True,True
39976687,16.80000000,11.45000000,192.36000000,1666916539217,False,True
39976688,16.80000000,0.55000000,9.24000000,1666916539236,False,True
39976689,16.80000000,0.35000000,5.88000000,1666916539236,False,True
39976690,16.80000000,0.25000000,4.20000000,1666916539248,False,True
39976691,16.80000000,0.69000000,11.59200000,1666916539248,False,True
39976692,16.80000000,1.66000000,27.88800000,1666916539248,False,True
39976693,16.80000000,2.97000000,49.89600000,1666916539248,False,True
39976694,16.80000000,5.40000000,90.72000000,1666916539261,True,True
39976695,16.80000000,44.00000000,739.20000000,1666916539660,True,True
39976696,16.80000000,5.19000000,87.19200000,1666916539693,True,True
39976697,16.80000000,41.86000000,703.24800000,1666916539693,True,True
39976698,16.80000000,1.36000000,22.84800000,1666916540321,False,True
39976699,16.80000000,1.94000000,32.59200000,1666916540327,False,True
39976700,16.81000000,0.95000000,15.96950000,1666916541699,False,True
39976701,16.81000000,0.88000000,14.79280000,1666916541699,False,True
39976702,16.81000000,5.28000000,88.75680000,1666916541699,False,True
39976703,16.81000000,17.92000000,301.23520000,1666916541705,False,True
39976704,16.81000000,10.97000000,184.40570000,1666916541724,False,True
39976705,16.81000000,14.98000000,251.81380000,1666916542697,True,True
39976706,16.81000000,144.67000000,2431.90270000,1666916542697,True,True
39976707,16.82000000,1.86000000,31.28520000,1666916545383,False,True
39976708,16.82000000,3.30000000,55.50600000,1666916545383,False,True
39976709,16.83000000,0.95000000,15.98850000,1666916545383,False,True
39976710,16.83000000,0.69000000,11.61270000,1666916545383,False,True
39976711,16.83000000,0.36000000,6.05880000,1666916545383,False,True
39976712,16.83000000,0.52000000,8.75160000,1666916545383,False,True
39976713,16.83000000,0.71000000,11.94930000,1666916545383,False,True
39976714,16.83000000,0.64000000,10.77120000,1666916545383,False,True
39976715,16.82000000,1.65000000,27.75300000,1666916545489,True,True
39976716,16.82000000,10.96000000,184.34720000,1666916545852,True,True
39976717,16.82000000,50.20000000,844.36400000,1666916545863,True,True
39976718,16.82000000,85.96000000,1445.84720000,1666916545875,True,True
39976719,16.82000000,49.32000000,829.56240000,1666916545892,True,True
39976720,16.82000000,10.14000000,170.55480000,1666916545892,True,True
39976721,16.82000000,11.96000000,201.16720000,1666916545892,True,True
39976722,16.82000000,18.13000000,304.94660000,1666916545963,False,True
39976723,16.82000000,38.86000000,653.62520000,1666916547261,True,True
39976724,16.82000000,23.90000000,401.99800000,1666916554271,False,True
39976725,16.83000000,0.07000000,1.17810000,1666916556865,False,True
39976726,16.83000000,2.97000000,49.98510000,1666916556865,False,True
39976727,16.83000000,0.97000000,16.32510000,1666916556865,False,True
39976728,16.83000000,11.96000000,201.28680000,1666916556865,False,True
39976729,16.83000000,11.94000000,200.95020000,1666916556865,False,True
39976730,16.83000000,2.97000000,49.98510000,1666916556865,False,True
39976731,16.83000000,3.30000000,55.53900000,1666916556865,False,True
39976732,16.83000000,1.65000000,27.76950000,1666916556865,False,True
39976733,16.83000000,2.45000000,41.23350000,1666916556865,False,True
39976734,16.83000000,20.75000000,349.22250000,1666916556909,False,True
39976735,16.83000000,9.71000000,163.41930000,1666916556909,False,True
39976736,16.83000000,11.87000000,199.77210000,1666916557044,True,True
39976737,16.83000000,14.56000000,245.04480000,1666916558251,True,True
39976738,16.83000000,11.57000000,194.72310000,1666916558260,True,True
39976739,16.83000000,0.34000000,5.72220000,1666916558260,True,True
39976740,16.83000000,47.46000000,798.75180000,1666916558260,True,True
39976741,16.83000000,6.00000000,100.98000000,1666916559596,True,True
39976742,16.83000000,40.18000000,676.22940000,1666916559605,True,True
39976743,16.84000000,0.88000000,14.81920000,1666916560333,False,True
39976744,16.84000000,0.59000000,9.93560000,1666916560333,False,True
39976745,16.83000000,0.01000000,0.16830000,1666916560677,True,True
39976746,16.83000000,19.55000000,329.02650000,1666916560677,True,True
39976747,16.83000000,0.16000000,2.69280000,1666916568392,True,True
39976748,16.83000000,50.66000000,852.60780000,1666916568392,True,True
39976749,16.83000000,0.97000000,16.32510000,1666916568392,True,True
39976750,16.83000000,37.98000000,639.20340000,1666916571061,True,True
39976751,16.83000000,9.87000000,166.11210000,1666916571061,True,True
39976752,16.83000000,114.48000000,1926.69840000,1666916571061,True,True
39976753,16.82000000,37.94000000,638.15080000,1666916578941,True,True
39976754,16.83000000,46.76000000,786.97080000,1666916582736,True,True
39976755,16.82000000,0.03000000,0.50460000,1666916590090,True,True
39976756,16.82000000,38.41000000,646.05620000,1666916590090,True,True
39976757,16.82000000,3.67000000,61.72940000,1666916590090,True,True
39976758,16.82000000,38.02000000,639.49640000,1666916590090,True,True
39976759,16.82000000,44.04000000,740.75280000,1666916590090,True,True
39976760,16.83000000,9.88000000,166.28040000,1666916591128,False,True
39976761,16.83000000,23.90000000,402.23700000,1666916591128,False,True
39976762,16.84000000,0.71000000,11.95640000,1666916592498,False,True
39976763,16.84000000,5.37000000,90.43080000,1666916592498,False,True
39976764,16.84000000,5.20000000,87.56800000,1666916592498,False,True
39976765,16.84000000,3.30000000,55.57200000,1666916592498,False,True
39976766,16.84000000,39.65000000,667.70600000,1666916592498,False,True
39976767,16.84000000,11.84000000,199.38560000,1666916592681,True,True
39976768,16.84000000,3.55000000,59.78200000,1666916592786,True,True
39976769,16.84000000,2.34000000,39.40560000,1666916593382,True,True
39976770,16.85000000,0.95000000,16.00750000,1666916595956,False,True
39976771,16.85000000,0.60000000,10.11000000,1666916595956,False,True
39976772,16.85000000,1.85000000,31.17250000,1666916595956,False,True
39976773,16.85000000,7.45000000,125.53250000,1666916595956,False,True
39976774,16.85000000,5.00000000,84.25000000,1666916595956,False,True
39976775,16.85000000,0.75000000,12.63750000,1666916595956,False,True
39976776,16.85000000,0.97000000,16.34450000,1666916595956,False,True
39976777,16.85000000,3.76000000,63.35600000,1666916595956,False,True
39976778,16.85000000,10.32000000,173.89200000,1666916595956,False,True
39976779,16.85000000,2.96000000,49.87600000,1666916595956,False,True
39976780,16.85000000,0.97000000,16.34450000,1666916595956,False,True
39976781,16.85000000,1.43000000,24.09550000,1666916595956,False,True
39976782,16.85000000,19.71000000,332.11350000,1666916595956,False,True
39976783,16.85000000,6.20000000,104.47000000,1666916595956,False,True
