39428918,16.78000000,0.65000000,10.90700000,1665273617343,True,True
39428919,16.78000000,2.45000000,41.11100000,1665273617343,True,True
39428920,16.78000000,0.95000000,15.94100000,1665273617343,True,True
39428921,16.78000000,38.26000000,642.00280000,1665273617534,True,True
39428922,16.78000000,8.11000000,136.08580000,1665273620576,True,True
39428923,16.78000000,0.90000000,15.10200000,1665273622003,True,True
39428924,16.78000000,0.87000000,14.59860000,1665273622056,True,True
39428925,16.78000000,0.90000000,15.10200000,1665273623190,True,True
39428926,16.78000000,1.35000000,22.65300000,1665273645904,True,True
39428927,16.78000000,2.26000000,37.92280000,1665273646177,True,True
39428928,16.78000000,2.26000000,37.92280000,1665273646509,True,True
39428929,16.78000000,47.08000000,790.00240000,1665273652071,True,True
39428930,16.78000000,43.51000000,730.09780000,1665273652071,True,True
39428931,16.78000000,18.63000000,312.61140000,1665273652071,True,True
39428932,16.78000000,1.77000000,29.70060000,1665273670081,True,True
39428933,16.78000000,2.26000000,37.92280000,1665273670293,True,True
39428934,16.78000000,4.60000000,77.18800000,1665273670583,True,True
39428935,16.78000000,4.44000000,74.50320000,1665273670828,True,True
39428936,16.78000000,3.18000000,53.36040000,1665273670893,True,True
39428937,16.78000000,1.26000000,21.14280000,1665273670959,True,True
39428938,16.78000000,1.93000000,32.38540000,1665273671020,True,True
39428939,16.78000000,19.19000000,322.00820000,1665273671102,True,True
39428940,16.78000000,63.72000000,1069.22160000,1665273671102,True,True
39428941,16.78000000,92.80000000,1557.18400000,1665273671102,True,True
39428942,16.77000000,21.91000000,367.43070000,1665273671102,True,True
39428943,16.77000000,47.70000000,799.92900000,1665273671102,True,True
39428944,16.77000000,93.03000000,1560.11310000,1665273671102,True,True
39428945,16.77000000,254.72000000,4271.65440000,1665273671102,True,True
39428946,16.77000000,19.78000000,331.71060000,1665273671102,True,True
39428947,16.77000000,92.00000000,1542.84000000,1665273671102,True,True
39428948,16.77000000,12.07000000,202.41390000,1665273671102,True,True
39428949,16.77000000,7.62000000,127.78740000,1665273671102,True,True
39428950,16.77000000,1.46000000,24.48420000,1665273671102,True,True
39428951,16.77000000,1.26000000,21.13020000,1665273671102,True,True
39428952,16.76000000,122.64000000,2055.44640000,1665273671102,True,True
39428953,16.76000000,238.63000000,3999.43880000,1665273671102,True,True
39428954,16.76000000,10.43000000,174.80680000,1665273671102,True,True
39428955,16.76000000,0.95000000,15.92200000,1665273671102,True,True
39428956,16.76000000,11.95000000,200.28200000,1665273671102,True,True
39428957,16.76000000,3.30000000,55.30800000,1665273671102,True,True
39428958,16.76000000,198.57000000,3328.03320000,1665273671102,True,True
39428959,16.76000000,164.59000000,2758.52840000,1665273671102,True,True
39428960,16.76000000,119.30000000,1999.46800000,1665273671102,True,True
39428961,16.76000000,254.72000000,4269.10720000,1665273671102,True,True
39428962,16.76000000,69.64000000,1167.16640000,1665273671102,True,True
39428963,16.76000000,35.42000000,593.63920000,1665273671102,True,True
39428964,16.76000000,4.06000000,68.04560000,1665273671102,True,True
39428965,16.76000000,42.11000000,705.76360000,1665273671102,True,True
39428966,16.77000000,0.63000000,10.56510000,1665273671118,True,True
39428967,16.77000000,92.00000000,1542.84000000,1665273681962,True,True
39428968,16.77000000,20.15000000,337.91550000,1665273681962,True,True
39428969,16.77000000,47.70000000,799.92900000,1665273681962,True,True
39428970,16.77000000,41.64000000,698.30280000,1665273682067,True,True
39428971,16.77000000,33.13000000,555.59010000,1665273682076,True,True
39428972,16.77000000,43.91000000,736.37070000,1665273682078,True,True
39428973,16.77000000,3.45000000,57.85650000,1665273682700,False,True
39428974,16.77000000,17.12000000,287.10240000,1665273685165,False,True
39428975,16.77000000,33.78000000,566.49060000,1665273721847,True,True
39428976,16.78000000,0.95000000,15.94100000,1665273751699,False,True
39428977,16.78000000,5.75000000,96.48500000,1665273751699,False,True
39428978,16.78000000,4.44000000,74.50320000,1665273751771,False,True
39428979,16.78000000,4.44000000,74.50320000,1665273751846,False,True
39428980,16.78000000,4.37000000,73.32860000,1665273751915,False,True
39428981,16.78000000,4.29000000,71.98620000,1665273752248,False,True
39428982,16.78000000,3.87000000,64.93860000,1665273752313,False,True
39428983,16.78000000,5.94000000,99.67320000,1665273763340,False,True
39428984,16.78000000,24.79000000,415.97620000,1665273765986,False,True
39428985,16.78000000,93.34000000,1566.24520000,1665273766004,False,True
39428986,16.79000000,3.94000000,66.15260000,1665273780470,False,True
39428987,16.79000000,30.96000000,519.81840000,1665273829169,False,True
39428988,16.79000000,25.08000000,421.09320000,1665273829632,False,True
39428989,16.79000000,24.27000000,407.49330000,1665273829632,False,True
39428990,16.79000000,13.81000000,231.86990000,1665273844434,False,True
39428991,16.79000000,0.95000000,15.95050000,1665273844442,False,True
39428992,16.79000000,3.30000000,55.40700000,1665273844442,False,True
39428993,16.79000000,1.46000000,24.51340000,1665273844442,False,True
39428994,16.80000000,0.63000000,10.58400000,1665273845138,False,True
39428995,16.80000000,1.31000000,22.00800000,1665273872284,False,True
39428996,16.80000000,1.05000000,17.64000000,1665273872284,False,True
39428997,16.80000000,0.71000000,11.92800000,1665273872284,False,True
39428998,16.80000000,0.69000000,11.59200000,1665273872284,False,True
39428999,16.80000000,1.60000000,26.88000000,1665273872284,False,True
39429000,16.80000000,5.60000000,94.08000000,1665273872284,False,True
39429001,16.80000000,79.97000000,1343.49600000,1665273872284,False,True
39429002,16.80000000,2.97000000,49.89600000,1665273872284,False,True
39429003,16.80000000,50.94000000,855.79200000,1665273872284,False,True
39429004,16.80000000,22.88000000,384.38400000,1665273872284,False,True
39429005,16.80000000,22.54000000,378.67200000,1665273872284,False,True
39429006,16.80000000,5.80000000,97.44000000,1665273872284,False,True
39429007,16.80000000,1.11000000,18.64800000,1665273872284,False,True
39429008,16.80000000,63.75000000,1071.00000000,1665273872284,False,True
39429009,16.80000000,3.30000000,55.44000000,1665273872284,False,True
39429010,16.80000000,1.46000000,24.52800000,1665273872284,False,True
39429011,16.80000000,6.34000000,106.51200000,1665273872292,True,True
39429012,16.80000000,65.64000000,1102.75200000,1665273872340,True,True
39429013,16.80000000,1.58000000,26.54400000,1665273872369,True,True
39429014,16.80000000,1.77000000,29.73600000,1665273872373,True,True
39429015,16.80000000,2.26000000,37.96800000,1665273872438,True,True
39429016,16.80000000,2.18000000,36.62400000,1665273872506,True,True
39429017,16.80000000,20.23000000,339.86400000,1665273872568,True,True
39429018,16.80000000,56.28000000,945.50400000,1665273872907,True,True
39429019,16.80000000,58.90000000,989.52000000,1665273873475,True,True
39429020,16.80000000,281.53000000,4729.70400000,1665273874013,True,True
39429021,16.79000000,1.01000000,16.95790000,1665273879647,True,True
39429022,16.80000000,3.05000000,51.24000000,1665273900342,False,True
39429023,16.80000000,2.70000000,45.36000000,1665273924403,False,True
39429024,16.81000000,15.14000000,254.50340000,1665273924403,False,True
39429025,16.80000000,3.13000000,52.58400000,1665273924454,True,True
39429026,16.80000000,15.90000000,267.12000000,1665273925470,True,True
39429027,16.80000000,0.89000000,14.95200000,1665273949190,True,True
39429028,16.80000000,5.55000000,93.24000000,1665273953750,True,True
39429029,16.80000000,5.46000000,91.72800000,1665273953804,True,True
39429030,16.80000000,1.36000000,22.84800000,1665273955591,True,True
39429031,16.80000000,2.26000000,37.96800000,1665273955641,True,True
39429032,16.80000000,5.33000000,89.54400000,1665273955911,True,True
39429033,16.80000000,5.24000000,88.03200000,1665273956407,True,True
39429034,16.80000000,5.15000000,86.52000000,1665273956593,True,True
39429035,16.80000000,0.34000000,5.71200000,1665273956649,True,True
39429036,16.80000000,0.87000000,14.61600000,1665273956649,True,True
39429037,16.80000000,3.94000000,66.19200000,1665273956704,True,True
39429038,16.80000000,5.04000000,84.67200000,1665273956770,True,True
39429039,16.80000000,0.90000000,15.12000000,1665273957205,True,True
39429040,16.80000000,2.26000000,37.96800000,1665273960855,True,True
39429041,16.80000000,1.47000000,24.69600000,1665273962359,True,True
39429042,16.80000000,2.26000000,37.96800000,1665273975165,True,True
39429043,16.80000000,1.36000000,22.84800000,1665273990044,True,True
39429044,16.80000000,0.90000000,15.12000000,1665273990175,True,True
39429045,16.80000000,7.11000000,119.44800000,1665273990500,True,True
39429046,16.80000000,14.36000000,241.24800000,1665273990853,True,True
39429047,16.80000000,1.36000000,22.84800000,1665273992353,True,True
39429048,16.80000000,0.90000000,15.12000000,1665273992684,True,True
39429049,16.80000000,8.87000000,149.01600000,1665273995880,True,True
39429050,16.80000000,2.26000000,37.96800000,1665273999807,True,True
39429051,16.80000000,2.79000000,46.87200000,1665274040221,True,True
39429052,16.80000000,1.41000000,23.68800000,1665274042851,True,True
39429053,16.80000000,84.87000000,1425.81600000,1665274045283,True,True
39429054,16.80000000,8.25000000,138.60000000,1665274088423,True,True
39429055,16.80000000,9.09000000,152.71200000,1665274091369,True,True
39429056,16.80000000,60.78000000,1021.10400000,1665274127446,True,True
39429057,16.80000000,2.97000000,49.89600000,1665274139836,True,True
39429058,16.80000000,0.60000000,10.08000000,1665274139836,True,True
39429059,16.80000000,0.76000000,12.76800000,1665274141330,False,True
39429060,16.80000000,1.19000000,19.99200000,1665274191695,False,True
39429061,16.80000000,18.99000000,319.03200000,1665274206206,False,True
39429062,16.80000000,7.96000000,133.72800000,1665274290168,True,True
39429063,16.80000000,0.90000000,15.12000000,1665274364666,True,True
39429064,16.80000000,2.26000000,37.96800000,1665274400434,True,True
39429065,16.80000000,2.26000000,37.96800000,1665274400999,True,True
39429066,16.80000000,4.43000000,74.42400000,1665274401124,True,True
39429067,16.80000000,7.67000000,128.85600000,1665274401205,True,True
39429068,16.80000000,7.59000000,127.51200000,1665274401265,True,True
39429069,16.80000000,2.83000000,47.54400000,1665274401332,True,True
39429070,16.80000000,98.49000000,1654.63200000,1665274515417,False,True
39429071,16.80000000,27.96000000,469.72800000,1665274515417,False,True
39429072,16.80000000,2.26000000,37.96800000,1665274519814,False,True
39429073,16.80000000,14.88000000,249.98400000,1665274597626,False,True
39429074,16.80000000,59.90000000,1006.32000000,1665274609726,False,True
39429075,16.80000000,5.54000000,93.07200000,1665274629707,False,True
39429076,16.80000000,6.78000000,113.90400000,1665274639840,False,True
39429077,16.80000000,4.60000000,77.28000000,1665274639964,False,True
39429078,16.80000000,4.60000000,77.28000000,1665274640025,False,True
39429079,16.80000000,4.52000000,75.93600000,1665274640087,False,True
39429080,16.80000000,4.44000000,74.59200000,1665274640151,False,True
39429081,16.80000000,4.14000000,69.55200000,1665274640211,False,True
39429082,16.80000000,3.66000000,61.48800000,1665274642644,False,True
39429083,16.80000000,3.21000000,53.92800000,1665274642844,False,True
39429084,16.80000000,2.81000000,47.20800000,1665274642936,False,True
39429085,16.80000000,2.47000000,41.49600000,1665274642995,False,True
39429086,16.80000000,1.07000000,17.97600000,1665274643054,False,True
39429087,16.80000000,11.90000000,199.92000000,1665274643085,False,True
39429088,16.80000000,1.09000000,18.31200000,1665274643129,False,True
39429089,16.80000000,1.78000000,29.90400000,1665274644271,False,True
39429090,16.80000000,1.66000000,27.88800000,1665274644333,False,True
39429091,16.80000000,1.00000000,16.80000000,1665274644671,False,True
39429092,16.80000000,50.00000000,840.00000000,1665274664771,False,True
39429093,16.80000000,26.86000000,451.24800000,1665274692652,False,True
39429094,16.80000000,8.99000000,151.03200000,1665274692652,False,True
39429095,16.80000000,4.10000000,68.88000000,1665274694662,False,True
39429096,16.80000000,1.53000000,25.70400000,1665274730275,False,True
39429097,16.79000000,73.86000000,1240.10940000,1665274859554,True,True
39429098,16.79000000,2.72000000,45.66880000,1665274859554,True,True
39429099,16.79000000,0.66000000,11.08140000,1665274859554,True,True
39429100,16.79000000,1.09000000,18.30110000,1665274859554,True,True
39429101,16.79000000,24.34000000,408.66860000,1665274859554,True,True
39429102,16.79000000,20.93000000,351.41470000,1665274865783,True,True
39429103,16.79000000,3.30000000,55.40700000,1665274865823,True,True
39429104,16.79000000,16.90000000,283.75100000,1665274865823,True,True
39429105,16.79000000,1.46000000,24.51340000,1665274865823,True,True
39429106,16.79000000,10.40000000,174.61600000,1665274865823,True,True
39429107,16.79000000,2.70000000,45.33300000,1665274993153,True,True
39429108,16.79000000,41.20000000,691.74800000,1665274993153,True,True
39429109,16.80000000,1.06000000,17.80800000,1665275050656,False,True
39429110,16.79000000,1.00000000,16.79000000,1665275073161,False,True
39429111,16.79000000,2.26000000,37.94540000,1665275112098,False,True
39429112,16.79000000,2.26000000,37.94540000,1665275126177,False,True
39429113,16.79000000,59.50000000,999.00500000,1665275127309,False,True
39429114,16.78000000,7.55000000,126.68900000,1665275149230,True,True
39429115,16.78000000,2.51000000,42.11780000,1665275149230,True,True
39429116,16.78000000,0.91000000,15.26980000,1665275155918,True,True
39429117,16.79000000,2.62000000,43.98980000,1665275207336,False,True
39429118,16.78000000,1.06000000,17.78680000,1665275226270,True,True
39429119,16.78000000,30.93000000,519.00540000,1665275358818,True,True
39429120,16.79000000,2.70000000,45.33300000,1665275404536,False,True
39429121,16.79000000,14.17000000,237.91430000,1665275404536,False,True
39429122,16.80000000,31.39000000,527.35200000,1665275404536,False,True
39429123,16.79000000,2.26000000,37.94540000,1665275408637,True,True
39429124,16.80000000,12.43000000,208.82400000,1665275443763,False,True
39429125,16.79000000,1.01000000,16.95790000,1665275452911,True,True
39429126,16.80000000,13.41000000,225.28800000,1665275652280,False,True
39429127,16.80000000,4.91000000,82.48800000,1665275667464,True,True
39429128,16.80000000,2.65000000,44.52000000,1665275667589,True,True
39429129,16.80000000,2.37000000,39.81600000,1665275668345,True,True
39429130,16.80000000,2.08000000,34.94400000,1665275668410,True,True
39429131,16.80000000,1.82000000,30.57600000,1665275668482,True,True
39429132,16.80000000,1.60000000,26.88000000,1665275668550,True,True
39429133,16.80000000,2.26000000,37.96800000,1665275672520,True,True
39429134,16.80000000,1.09000000,18.31200000,1665275683872,True,True
39429135,16.80000000,1.17000000,19.65600000,1665275683872,True,True
39429136,16.80000000,20.00000000,336.00000000,1665275691149,True,True
39429137,16.81000000,0.95000000,15.96950000,1665275692394,False,True
39429138,16.81000000,1.14000000,19.16340000,1665275692394,False,True
39429139,16.81000000,1.05000000,17.65050000,1665275692394,False,True
39429140,16.81000000,1.31000000,22.02110000,1665275692394,False,True
39429141,16.81000000,0.69000000,11.59890000,1665275692394,False,True
39429142,16.81000000,0.64000000,10.75840000,1665275692394,False,True
39429143,16.81000000,1.80000000,30.25800000,1665275692394,False,True
39429144,16.81000000,2.00000000,33.62000000,1665275692394,False,True
39429145,16.81000000,1.26000000,21.18060000,1665275692394,False,True
39429146,16.81000000,15.80000000,265.59800000,1665275692394,False,True
39429147,16.81000000,0.63000000,10.59030000,1665275692407,False,True
39429148,16.80000000,93.69000000,1573.99200000,1665275708800,True,True
39429149,16.80000000,13.37000000,224.61600000,1665275708854,True,True
39429150,16.80000000,20.00000000,336.00000000,1665275708864,True,True
39429151,16.80000000,2.26000000,37.96800000,1665275709584,True,True
39429152,16.80000000,20.28000000,340.70400000,1665275709603,True,True
39429153,16.80000000,2.26000000,37.96800000,1665275710288,True,True
39429154,16.80000000,4.72000000,79.29600000,1665275713991,True,True
39429155,16.80000000,9.37000000,157.41600000,1665275714042,True,True
39429156,16.80000000,2.26000000,37.96800000,1665275729495,True,True
39429157,16.79000000,13.09000000,219.78110000,1665275891928,True,True
39429158,16.79000000,13.09000000,219.78110000,1665275891928,True,True
39429159,16.79000000,0.95000000,15.95050000,1665275891928,True,True
39429160,16.79000000,1.09000000,18.30110000,1665275891928,True,True
39429161,16.79000000,11.50000000,193.08500000,1665275891928,True,True
39429162,16.79000000,5.50000000,92.34500000,1665275891928,True,True
39429163,16.79000000,5.80000000,97.38200000,1665275891928,True,True
39429164,16.79000000,21.39000000,359.13810000,1665275891928,True,True
39429165,16.79000000,3.00000000,50.37000000,1665275986144,False,True
39429166,16.78000000,0.95000000,15.94100000,1665275988072,True,True
39429167,16.78000000,5.40000000,90.61200000,1665275988072,True,True
39429168,16.78000000,3.30000000,55.37400000,1665275988072,True,True
39429169,16.78000000,21.02000000,352.71560000,1665275988072,True,True
39429170,16.78000000,1.46000000,24.49880000,1665275988072,True,True
39429171,16.78000000,2.70000000,45.30600000,1665275988106,True,True
39429172,16.78000000,7.43000000,124.67540000,1665275989383,True,True
39429173,16.78000000,2.26000000,37.92280000,1665275989630,False,True
39429174,16.78000000,1.86000000,31.21080000,1665275996471,False,True
39429175,16.78000000,2.26000000,37.92280000,1665276017903,False,True
39429176,16.78000000,2.26000000,37.92280000,1665276023299,False,True
39429177,16.78000000,1.00000000,16.78000000,1665276031517,False,True
39429178,16.78000000,1.68000000,28.19040000,1665276032276,False,True
39429179,16.78000000,0.62000000,10.40360000,1665276035108,False,True
39429180,16.78000000,41.79000000,701.23620000,1665276035599,False,True
39429181,16.78000000,51.02000000,856.11560000,1665276035632,False,True
39429182,16.78000000,15.17000000,254.55260000,1665276035641,False,True
39429183,16.78000000,14.46000000,242.63880000,1665276035703,False,True
39429184,16.78000000,12.87000000,215.95860000,1665276035717,False,True
39429185,16.78000000,11.23000000,188.43940000,1665276035773,False,True
39429186,16.78000000,105.45000000,1769.45100000,1665276117167,True,True
39429187,16.78000000,39.54000000,663.48120000,1665276145121,True,True
39429188,16.78000000,183.68000000,3082.15040000,1665276145121,True,True
39429189,16.78000000,4.46000000,74.83880000,1665276145121,True,True
39429190,16.78000000,46.23000000,775.73940000,1665276145121,True,True
39429191,16.78000000,11.24000000,188.60720000,1665276145121,True,True
39429192,16.78000000,5.50000000,92.29000000,1665276145121,True,True
39429193,16.78000000,11.50000000,192.97000000,1665276145121,True,True
39429194,16.78000000,5.80000000,97.32400000,1665276145121,True,True
39429195,16.78000000,2.72000000,45.64160000,1665276145162,False,True
39429196,16.78000000,44.14000000,740.66920000,1665276145190,False,True
39429197,16.78000000,2.24000000,37.58720000,1665276145213,False,True
39429198,16.78000000,1.95000000,32.72100000,1665276145260,False,True
39429199,16.78000000,11.93000000,200.18540000,1665276145293,False,True
39429200,16.78000000,1.71000000,28.69380000,1665276145439,False,True
39429201,16.78000000,1.50000000,25.17000000,1665276145495,False,True
39429202,16.78000000,2.26000000,37.92280000,1665276145525,False,True
39429203,16.78000000,7.78000000,130.54840000,1665276159701,False,True
39429204,16.78000000,2.26000000,37.92280000,1665276160207,False,True
39429205,16.78000000,10.70000000,179.54600000,1665276160721,False,True
39429206,16.78000000,11.93000000,200.18540000,1665276160756,False,True
39429207,16.78000000,2.26000000,37.92280000,1665276164446,False,True
39429208,16.78000000,1.39000000,23.32420000,1665276180916,False,True
39429209,16.78000000,4.13000000,69.30140000,1665276194107,False,True
39429210,16.78000000,2.64000000,44.29920000,1665276196675,False,True
39429211,16.78000000,2.63000000,44.13140000,1665276196703,False,True
39429212,16.78000000,2.63000000,44.13140000,1665276196822,False,True
39429213,16.78000000,2.63000000,44.13140000,1665276196887,False,True
39429214,16.78000000,2.63000000,44.13140000,1665276197008,False,True
39429215,16.78000000,2.09000000,35.07020000,1665276197070,False,True
39429216,16.78000000,2.63000000,44.13140000,1665276197248,False,True
39429217,16.78000000,2.63000000,44.13140000,1665276197461,False,True
39429218,16.78000000,2.24000000,37.58720000,1665276197624,False,True
39429219,16.78000000,4.84000000,81.21520000,1665276198326,False,True
39429220,16.77000000,1.24000000,20.79480000,1665276273134,True,True
39429221,16.78000000,14.42000000,241.96760000,1665276288556,False,True
39429222,16.78000000,34.56000000,579.91680000,1665276317731,False,True
39429223,16.78000000,96.50000000,1619.27000000,1665276318007,False,True
39429224,16.78000000,2.26000000,37.92280000,1665276319876,False,True
39429225,16.78000000,0.87000000,14.59860000,1665276319928,False,True
39429226,16.78000000,2.26000000,37.92280000,1665276319979,False,True
39429227,16.78000000,2.26000000,37.92280000,1665276320670,False,True
39429228,16.78000000,8.78000000,147.32840000,1665276320926,False,True
39429229,16.78000000,8.94000000,150.01320000,1665276341216,False,True
39429230,16.78000000,2.97000000,49.83660000,1665276341480,False,True
39429231,16.78000000,4.17000000,69.97260000,1665276354795,False,True
39429232,16.77000000,357.73000000,5999.13210000,1665276389792,True,True
39429233,16.77000000,69.18000000,1160.14860000,1665276424593,True,True
39429234,16.78000000,23.93000000,401.54540000,1665276493955,False,True
39429235,16.78000000,23.93000000,401.54540000,1665276513272,False,True
39429236,16.78000000,2.00000000,33.56000000,1665276520021,False,True
39429237,16.78000000,7.56000000,126.85680000,1665276524128,False,True
39429238,16.78000000,2.26000000,37.92280000,1665276536841,False,True
39429239,16.78000000,5.68000000,95.31040000,1665276557273,False,True
39429240,16.77000000,1.01000000,16.93770000,1665276604069,True,True
39429241,16.77000000,84.00000000,1408.68000000,1665276628742,True,True
39429242,16.77000000,83.78000000,1404.99060000,1665276628754,True,True
39429243,16.77000000,1.05000000,17.60850000,1665276628754,True,True
39429244,16.77000000,11.09000000,185.97930000,1665276628754,True,True
39429245,16.77000000,5.50000000,92.23500000,1665276628754,True,True
39429246,16.77000000,5.80000000,97.26600000,1665276628754,True,True
39429247,16.77000000,10.63000000,178.26510000,1665276628754,True,True
39429248,16.77000000,13.10000000,219.68700000,1665276628754,True,True
39429249,16.77000000,13.10000000,219.68700000,1665276628754,True,True
39429250,16.77000000,1.46000000,24.48420000,1665276628754,True,True
39429251,16.77000000,2.60000000,43.60200000,1665276628754,True,True
39429252,16.77000000,1.00000000,16.77000000,1665276634758,False,True
39429253,16.77000000,2.26000000,37.90020000,1665276649851,False,True
39429254,16.76000000,7.00000000,117.32000000,1665276651219,True,True
39429255,16.76000000,3.05000000,51.11800000,1665276695742,True,True
39429256,16.77000000,2.26000000,37.90020000,1665276746139,False,True
39429257,16.77000000,2.26000000,37.90020000,1665276778728,False,True
39429258,16.77000000,3.00000000,50.31000000,1665276799712,False,True
39429259,16.77000000,2.01000000,33.70770000,1665276832167,False,True
39429260,16.77000000,2.26000000,37.90020000,1665276836676,False,True
39429261,16.77000000,2.26000000,37.90020000,1665276854793,False,True
39429262,16.77000000,4.12000000,69.09240000,1665276859330,False,True
39429263,16.77000000,37.76000000,633.23520000,1665276895549,False,True
39429264,16.77000000,40.60000000,680.86200000,1665276983621,False,True
39429265,16.77000000,28.23000000,473.41710000,1665276983813,False,True
39429266,16.77000000,15.97000000,267.81690000,1665276983813,False,True
39429267,16.77000000,14.20000000,238.13400000,1665276984493,False,True
39429268,16.77000000,2.43000000,40.75110000,1665276993160,False,True
39429269,16.77000000,4.17000000,69.93090000,1665277192521,False,True
39429270,16.77000000,22.67000000,380.17590000,1665277210599,False,True
39429271,16.77000000,0.91000000,15.26070000,1665277281197,False,True
39429272,16.77000000,9.54000000,159.98580000,1665277283771,False,True
39429273,16.77000000,20.27000000,339.92790000,1665277283771,False,True
39429274,16.77000000,2.28000000,38.23560000,1665277315422,False,True
39429275,16.77000000,27.54000000,461.84580000,1665277315422,False,True
39429276,16.77000000,4.27000000,71.60790000,1665277321872,False,True
39429277,16.77000000,6.16000000,103.30320000,1665277322018,False,True
39429278,16.77000000,1.00000000,16.77000000,1665277322019,False,True
39429279,16.77000000,7.88000000,132.14760000,1665277322019,False,True
39429280,16.77000000,3.64000000,61.04280000,1665277322029,False,True
39429281,16.77000000,12.40000000,207.94800000,1665277322101,False,True
39429282,16.77000000,14.34000000,240.48180000,1665277322193,False,True
39429283,16.77000000,3.58000000,60.03660000,1665277322380,False,True
39429284,16.77000000,3.52000000,59.03040000,1665277322455,False,True
39429285,16.77000000,0.85000000,14.25450000,1665277322515,False,True
39429286,16.77000000,2.14000000,35.88780000,1665277322987,False,True
39429287,16.77000000,3.35000000,56.17950000,1665277323186,False,True
39429288,16.77000000,1.81000000,30.35370000,1665277323263,False,True
39429289,16.77000000,1.43000000,23.98110000,1665277323263,False,True
39429290,16.77000000,3.18000000,53.32860000,1665277323447,False,True
39429291,16.77000000,1.18000000,19.78860000,1665277352896,False,True
39429292,16.77000000,5.20000000,87.20400000,1665277359301,False,True
39429293,16.76000000,0.38000000,6.36880000,1665277359661,True,True
39429294,16.76000000,0.95000000,15.92200000,1665277359661,True,True
39429295,16.76000000,1.05000000,17.59800000,1665277359661,True,True
39429296,16.76000000,1.31000000,21.95560000,1665277359661,True,True
39429297,16.76000000,2.28000000,38.21280000,1665277359661,True,True
39429298,16.77000000,2.60000000,43.60200000,1665277360310,False,True
39429299,16.77000000,22.98000000,385.37460000,1665277362757,False,True
39429300,16.77000000,2.26000000,37.90020000,1665277372506,False,True
39429301,16.77000000,42.20000000,707.69400000,1665277373003,False,True
39429302,16.77000000,6.76000000,113.36520000,1665277392765,False,True
39429303,16.77000000,4.66000000,78.14820000,1665277393265,False,True
39429304,16.77000000,4.58000000,76.80660000,1665277393327,False,True
39429305,16.77000000,4.58000000,76.80660000,1665277393388,False,True
39429306,16.77000000,4.51000000,75.63270000,1665277393445,False,True
39429307,16.77000000,4.43000000,74.29110000,1665277393736,False,True
39429308,16.77000000,4.36000000,73.11720000,1665277393804,False,True
39429309,16.77000000,4.28000000,71.77560000,1665277394006,False,True
39429310,16.77000000,4.21000000,70.60170000,1665277394078,False,True
39429311,16.77000000,2.26000000,37.90020000,1665277394471,False,True
39429312,16.77000000,2.10000000,35.21700000,1665277395866,False,True
39429313,16.77000000,4.36000000,73.11720000,1665277400310,False,True
39429314,16.77000000,44.66000000,748.94820000,1665277427703,True,True
39429315,16.77000000,5.50000000,92.23500000,1665277427703,True,True
39429316,16.77000000,5.80000000,97.26600000,1665277427703,True,True
39429317,16.77000000,1.57000000,26.32890000,1665277427703,True,True
39429318,16.77000000,2.04000000,34.21080000,1665277427703,True,True
39429319,16.77000000,0.84000000,14.08680000,1665277439932,True,True
39429320,16.77000000,124.63000000,2090.04510000,1665277578611,True,True
39429321,16.77000000,5.50000000,92.23500000,1665277578611,True,True
39429322,16.77000000,5.80000000,97.26600000,1665277578611,True,True
39429323,16.77000000,38.45000000,644.80650000,1665277578611,True,True
39429324,16.77000000,2.26000000,37.90020000,1665277578662,False,True
39429325,16.77000000,10.70000000,179.43900000,1665277579951,False,True
39429326,16.77000000,2.26000000,37.90020000,1665277585389,False,True
39429327,16.77000000,1.88000000,31.52760000,1665277590681,False,True
39429328,16.77000000,5.66000000,94.91820000,1665277656016,False,True
39429329,16.77000000,49.80000000,835.14600000,1665277695259,False,True
39429330,16.77000000,34.88000000,584.93760000,1665277695890,False,True
39429331,16.77000000,10.00000000,167.70000000,1665277746614,False,True
39429332,16.76000000,0.65000000,10.89400000,1665277758481,True,True
39429333,16.76000000,4.30000000,72.06800000,1665277758481,True,True
39429334,16.76000000,3.16000000,52.96160000,1665277798466,True,True
39429335,16.76000000,4.57000000,76.59320000,1665277818475,True,True
39429336,16.76000000,1.72000000,28.82720000,1665277858466,True,True
39429337,16.76000000,3.54000000,59.33040000,1665277878475,True,True
39429338,16.76000000,37.90000000,635.20400000,1665277899218,True,True
39429339,16.76000000,5.80000000,97.20800000,1665277899218,True,True
39429340,16.76000000,22.54000000,377.77040000,1665277899218,True,True
39429341,16.76000000,11.43000000,191.56680000,1665277899218,True,True
39429342,16.76000000,64.12000000,1074.65120000,1665277899218,True,True
39429343,16.76000000,1.78000000,29.83280000,1665277913466,True,True
39429344,16.77000000,1.50000000,25.15500000,1665277932768,False,True
39429345,16.76000000,19.91000000,333.69160000,1665277934066,True,True
39429346,16.76000000,20.02000000,335.53520000,1665277934066,True,True
39429347,16.76000000,83.12000000,1393.09120000,1665277934066,True,True
39429348,16.76000000,47.73000000,799.95480000,1665277934066,True,True
39429349,16.76000000,1.46000000,24.46960000,1665277934066,True,True
39429350,16.76000000,43.33000000,726.21080000,1665277934066,True,True
39429351,16.76000000,68.57000000,1149.23320000,1665277934066,True,True
39429352,16.76000000,2.49000000,41.73240000,1665277938474,True,True
39429353,16.76000000,1.35000000,22.62600000,1665277938474,True,True
39429354,16.76000000,4.53000000,75.92280000,1665277998477,True,True
39429355,16.76000000,3.46000000,57.98960000,1665278033466,True,True
39429356,16.76000000,2.92000000,48.93920000,1665278058477,True,True
39429357,16.77000000,2.26000000,37.90020000,1665278085388,False,True
39429358,16.77000000,2.26000000,37.90020000,1665278086932,False,True
39429359,16.76000000,2.02000000,33.85520000,1665278088466,True,True
39429360,16.76000000,5.08000000,85.14080000,1665278103466,True,True
39429361,16.76000000,3.61000000,60.50360000,1665278118475,True,True
39429362,16.76000000,3.39000000,56.81640000,1665278148466,True,True
39429363,16.76000000,3.32000000,55.64320000,1665278178477,True,True
39429364,16.76000000,4.00000000,67.04000000,1665278218467,True,True
39429365,16.76000000,2.85000000,47.76600000,1665278238478,True,True
39429366,16.76000000,6.05000000,101.39800000,1665278256264,True,True
39429367,16.76000000,47.73000000,799.95480000,1665278256264,True,True
39429368,16.76000000,5.80000000,97.20800000,1665278256264,True,True
39429369,16.76000000,1.11000000,18.60360000,1665278256264,True,True
39429370,16.76000000,16.90000000,283.24400000,1665278256264,True,True
39429371,16.76000000,13.71000000,229.77960000,1665278256264,True,True
39429372,16.76000000,13.71000000,229.77960000,1665278256264,True,True
39429373,16.76000000,21.62000000,362.35120000,1665278256264,True,True
39429374,16.76000000,83.17000000,1393.92920000,1665278256264,True,True
39429375,16.76000000,14.80000000,248.04800000,1665278256264,True,True
39429376,16.76000000,5.80000000,97.20800000,1665278256264,True,True
39429377,16.76000000,10.40000000,174.30400000,1665278256264,True,True
39429378,16.76000000,8.33000000,139.61080000,1665278256264,True,True
39429379,16.76000000,2.48000000,41.56480000,1665278256281,False,True
39429380,16.76000000,2.26000000,37.87760000,1665278256288,False,True
39429381,16.76000000,37.90000000,635.20400000,1665278256296,False,True
39429382,16.75000000,0.77000000,12.89750000,1665278278466,True,True
39429383,16.75000000,1.00000000,16.75000000,1665278278466,True,True
39429384,16.75000000,0.58000000,9.71500000,1665278278466,True,True
39429385,16.75000000,1.97000000,32.99750000,1665278278466,True,True
39429386,16.75000000,7.88000000,131.99000000,1665278290717,True,True
39429387,16.75000000,1.06000000,17.75500000,1665278290717,True,True
39429388,16.75000000,15.00000000,251.25000000,1665278290717,True,True
39429389,16.75000000,2.48000000,41.54000000,1665278290717,True,True
39429390,16.75000000,1.19000000,19.93250000,1665278290717,True,True
39429391,16.75000000,1.26000000,21.10500000,1665278290717,True,True
39429392,16.75000000,0.69000000,11.55750000,1665278290717,True,True
39429393,16.75000000,4.81000000,80.56750000,1665278290717,True,True
39429394,16.75000000,0.63000000,10.55250000,1665278290731,True,True
39429395,16.75000000,4.90000000,82.07500000,1665278298477,True,True
39429396,16.76000000,0.22000000,3.68720000,1665278321757,False,True
39429397,16.76000000,2.43000000,40.72680000,1665278321757,False,True
39429398,16.76000000,0.27000000,4.52520000,1665278321777,False,True
39429399,16.76000000,192.52000000,3226.63520000,1665278321777,False,True
39429400,16.76000000,1.74000000,29.16240000,1665278343466,True,True
39429401,16.76000000,4.96000000,83.12960000,1665278358477,True,True
39429402,16.76000000,3.15000000,52.79400000,1665278398466,True,True
39429403,16.76000000,4.10000000,68.71600000,1665278418474,True,True
39429404,16.77000000,59.65000000,1000.33050000,1665278449272,False,True
39429405,16.76000000,2.34000000,39.21840000,1665278453466,True,True
39429406,16.76000000,1.05000000,17.59800000,1665278478478,True,True
39429407,16.76000000,3.01000000,50.44760000,1665278478478,True,True
39429408,16.76000000,2.79000000,46.76040000,1665278510886,True,True
39429409,16.76000000,1.37000000,22.96120000,1665278510886,True,True
39429410,16.76000000,2.70000000,45.25200000,1665278510886,True,True
39429411,16.76000000,3.14000000,52.62640000,1665278510886,True,True
39429412,16.76000000,5.18000000,86.81680000,1665278513466,True,True
39429413,16.76000000,2.52000000,42.23520000,1665278538466,True,True
39429414,16.76000000,1.00000000,16.76000000,1665278540875,True,True
39429415,16.76000000,2.89000000,48.43640000,1665278563466,True,True
39429416,16.76000000,3.29000000,55.14040000,1665278598466,True,True
39429417,16.76000000,34.08000000,571.18080000,1665278619672,True,True
39429418,16.76000000,179.71000000,3011.93960000,1665278619672,True,True
39429419,16.76000000,3.14000000,52.62640000,1665278638466,True,True
39429420,16.76000000,4.08000000,68.38080000,1665278658466,True,True
39429421,16.76000000,1.83000000,30.67080000,1665278693466,True,True
39429422,16.76000000,2.69000000,45.08440000,1665278718466,True,True
39429423,16.77000000,27.77000000,465.70290000,1665278719790,False,True
39429424,16.77000000,44.80000000,751.29600000,1665278719790,False,True
39429425,16.77000000,11.23000000,188.32710000,1665278719790,False,True
39429426,16.77000000,13.58000000,227.73660000,1665278719790,False,True
39429427,16.77000000,11.24000000,188.49480000,1665278724571,True,True
39429428,16.76000000,1.07000000,17.93320000,1665278743466,True,True
39429429,16.76000000,0.50000000,8.38000000,1665278743466,True,True
39429430,16.76000000,1.66000000,27.82160000,1665278758466,True,True
39429431,16.76000000,5.19000000,86.98440000,1665278760727,True,True
39429432,16.77000000,2.26000000,37.90020000,1665278766455,False,True
39429433,16.77000000,2.04000000,34.21080000,1665278770714,False,True
39429434,16.76000000,5.15000000,86.31400000,1665278778466,True,True
39429435,16.76000000,56.20000000,941.91200000,1665278799011,True,True
39429436,16.76000000,2.08000000,34.86080000,1665278823466,True,True
39429437,16.77000000,1.97000000,33.03690000,1665278831893,False,True
39429438,16.77000000,141.95000000,2380.50150000,1665278837560,False,True
39429439,16.77000000,22.55000000,378.16350000,1665278837560,False,True
39429440,16.77000000,191.45000000,3210.61650000,1665278837560,False,True
39429441,16.77000000,10.40000000,174.40800000,1665278837560,False,True
39429442,16.77000000,5.28000000,88.54560000,1665278837560,False,True
39429443,16.76000000,5.27000000,88.32520000,1665278838466,True,True
39429444,16.77000000,0.52000000,8.72040000,1665278855299,False,True
39429445,16.77000000,14.80000000,248.19600000,1665278855299,False,True
39429446,16.77000000,4.02000000,67.41540000,1665278878466,True,True
39429447,16.77000000,3.29000000,55.17330000,1665278898466,True,True
39429448,16.77000000,4.61000000,77.30970000,1665278918466,True,True
39429449,16.77000000,2.05000000,34.37850000,1665278958466,True,True
39429450,16.77000000,3.96000000,66.40920000,1665278973466,True,True
39429451,16.77000000,3.34000000,56.01180000,1665278998466,True,True
39429452,16.77000000,2.84000000,47.62680000,1665279018466,True,True
39429453,16.77000000,2.45000000,41.08650000,1665279043466,True,True
39429454,16.77000000,3.38000000,56.68260000,1665279068466,True,True
39429455,16.78000000,2.74000000,45.97720000,1665279075386,False,True
39429456,16.77000000,4.87000000,81.66990000,1665279078466,True,True
39429457,16.78000000,5.00000000,83.90000000,1665279088230,False,True
39429458,16.77000000,4.21000000,70.60170000,1665279123466,True,True
39429459,16.77000000,2.69000000,45.11130000,1665279138466,True,True
39429460,16.77000000,3.32000000,55.67640000,1665279163466,True,True
39429461,16.77000000,3.07000000,51.48390000,1665279198466,True,True
39429462,16.77000000,3.22000000,53.99940000,1665279233466,True,True
39429463,16.78000000,3.01000000,50.50780000,1665279240628,False,True
39429464,16.77000000,1.55000000,25.99350000,1665279258466,True,True
39429465,16.77000000,0.71000000,11.90670000,1665279278466,True,True
39429466,16.77000000,3.13000000,52.49010000,1665279278466,True,True
39429467,16.77000000,3.27000000,54.83790000,1665279280400,True,True
39429468,16.77000000,5.50000000,92.23500000,1665279280400,True,True
39429469,16.77000000,5.80000000,97.26600000,1665279280400,True,True
39429470,16.77000000,11.77000000,197.38290000,1665279280400,True,True
39429471,16.76000000,2.10000000,35.19600000,1665279280717,True,True
39429472,16.77000000,0.59000000,9.89430000,1665279296651,False,True
39429473,16.76000000,2.80000000,46.92800000,1665279318466,True,True
39429474,16.76000000,3.16000000,52.96160000,1665279353466,True,True
39429475,16.77000000,2.20000000,36.89400000,1665279363115,False,True
39429476,16.76000000,2.18000000,36.53680000,1665279378466,True,True
39429477,16.76000000,3.65000000,61.17400000,1665279403468,True,True
39429478,16.76000000,2.63000000,44.07880000,1665279438465,True,True
39429479,16.76000000,15.32000000,256.76320000,1665279466439,True,True
39429480,16.76000000,100.00000000,1676.00000000,1665279466513,True,True
39429481,16.76000000,2.10000000,35.19600000,1665279466513,True,True
39429482,16.76000000,19.81000000,332.01560000,1665279466513,True,True
39429483,16.76000000,13.11000000,219.72360000,1665279466513,True,True
39429484,16.76000000,0.71000000,11.89960000,1665279466513,True,True
39429485,16.75000000,3.68000000,61.64000000,1665279468467,True,True
39429486,16.75000000,0.92000000,15.41000000,1665279474494,True,True
39429487,16.75000000,0.80000000,13.40000000,1665279486424,True,True
39429488,16.75000000,0.42000000,7.03500000,1665279486424,True,True
39429489,16.75000000,0.63000000,10.55250000,1665279496509,True,True
39429490,16.75000000,4.16000000,69.68000000,1665279498467,True,True
39429491,16.75000000,4.04000000,67.67000000,1665279538467,True,True
39429492,16.75000000,4.13000000,69.17750000,1665279558466,True,True
39429493,16.75000000,11.03000000,184.75250000,1665279558803,True,True
39429494,16.76000000,0.86000000,14.41360000,1665279567731,False,True
39429495,16.75000000,3.11000000,52.09250000,1665279598466,True,True
39429496,16.75000000,3.37000000,56.44750000,1665279618466,True,True
39429497,16.75000000,3.67000000,61.47250000,1665279640684,True,True
39429498,16.75000000,0.71000000,11.89250000,1665279640758,True,True
39429499,16.75000000,0.60000000,10.05000000,1665279640758,True,True
39429500,16.75000000,1.09000000,18.25750000,1665279640758,True,True
39429501,16.75000000,2.50000000,41.87500000,1665279640758,True,True
39429502,16.75000000,4.90000000,82.07500000,1665279641049,True,True
39429503,16.75000000,4.82000000,80.73500000,1665279641101,True,True
39429504,16.75000000,4.66000000,78.05500000,1665279641180,True,True
39429505,16.75000000,4.50000000,75.37500000,1665279641251,True,True
39429506,16.75000000,4.43000000,74.20250000,1665279641321,True,True
39429507,16.75000000,4.43000000,74.20250000,1665279641389,True,True
39429508,16.75000000,4.35000000,72.86250000,1665279642116,True,True
39429509,16.75000000,4.39000000,73.53250000,1665279642191,True,True
39429510,16.75000000,4.31000000,72.19250000,1665279642262,True,True
39429511,16.75000000,4.24000000,71.02000000,1665279642505,True,True
39429512,16.75000000,4.17000000,69.84750000,1665279642565,True,True
39429513,16.75000000,4.03000000,67.50250000,1665279642639,True,True
39429514,16.75000000,6.22000000,104.18500000,1665279646866,True,True
39429515,16.75000000,4.18000000,70.01500000,1665279646922,True,True
39429516,16.75000000,4.11000000,68.84250000,1665279646986,True,True
39429517,16.75000000,4.11000000,68.84250000,1665279647175,True,True
39429518,16.75000000,4.04000000,67.67000000,1665279647238,True,True
39429519,16.75000000,3.98000000,66.66500000,1665279647433,True,True
39429520,16.75000000,3.91000000,65.49250000,1665279653256,True,True
39429521,16.75000000,26.97000000,451.74750000,1665279655313,True,True
39429522,16.75000000,22.54000000,377.54500000,1665279655313,True,True
39429523,16.75000000,3.89000000,65.15750000,1665279655313,True,True
39429524,16.75000000,88.90000000,1489.07500000,1665279655336,True,True
39429525,16.75000000,11.19000000,187.43250000,1665279655343,True,True
39429526,16.75000000,2.96000000,49.58000000,1665279655344,True,True
39429527,16.75000000,0.89000000,14.90750000,1665279655344,True,True
39429528,16.75000000,0.89000000,14.90750000,1665279655345,True,True
39429529,16.75000000,2.96000000,49.58000000,1665279655350,True,True
39429530,16.75000000,2.96000000,49.58000000,1665279655350,True,True
39429531,16.75000000,2.96000000,49.58000000,1665279655362,True,True
39429532,16.75000000,0.89000000,14.90750000,1665279655370,True,True
39429533,16.75000000,0.89000000,14.90750000,1665279655373,True,True
39429534,16.75000000,72.07000000,1207.17250000,1665279655373,True,True
39429535,16.75000000,1.09000000,18.25750000,1665279655373,True,True
39429536,16.74000000,3.07000000,51.39180000,1665279658467,True,True
39429537,16.74000000,2.91000000,48.71340000,1665279678466,True,True
39429538,16.74000000,0.95000000,15.90300000,1665279678466,True,True
39429539,16.74000000,0.69000000,11.55060000,1665279678466,True,True
39429540,16.74000000,1.02000000,17.07480000,1665279678466,True,True
39429541,16.74000000,2.35000000,39.33900000,1665279718466,True,True
39429542,16.74000000,26.49000000,443.44260000,1665279735367,True,True
39429543,16.74000000,1.26000000,21.09240000,1665279735367,True,True
39429544,16.74000000,4.86000000,81.35640000,1665279735367,True,True
39429545,16.74000000,5.50000000,92.07000000,1665279735367,True,True
39429546,16.74000000,5.80000000,97.09200000,1665279735367,True,True
39429547,16.74000000,1.46000000,24.44040000,1665279735367,True,True
39429548,16.73000000,0.95000000,15.89350000,1665279735376,True,True
39429549,16.73000000,1.06000000,17.73380000,1665279735376,True,True
39429550,16.73000000,1.31000000,21.91630000,1665279735376,True,True
39429551,16.73000000,1.79000000,29.94670000,1665279735376,True,True
39429552,16.73000000,12.43000000,207.95390000,1665279735376,True,True
39429553,16.73000000,0.78000000,13.04940000,1665279735376,True,True
39429554,16.73000000,9.64000000,161.27720000,1665279735376,True,True
39429555,16.73000000,0.63000000,10.53990000,1665279735378,True,True
39429556,16.74000000,3.64000000,60.93360000,1665279735395,False,True
39429557,16.74000000,1.00000000,16.74000000,1665279735426,False,True
39429558,16.73000000,3.52000000,58.88960000,1665279738466,True,True
39429559,16.74000000,2.88000000,48.21120000,1665279739442,False,True
39429560,16.73000000,2.78000000,46.50940000,1665279773466,True,True
39429561,16.73000000,16.67000000,278.88910000,1665279787054,True,True
39429562,16.73000000,1.26000000,21.07980000,1665279787054,True,True
39429563,16.73000000,5.50000000,92.01500000,1665279787054,True,True
39429564,16.73000000,36.57000000,611.81610000,1665279787054,True,True
39429565,16.73000000,0.63000000,10.53990000,1665279787060,True,True
39429566,16.73000000,4.08000000,68.25840000,1665279798466,True,True
39429567,16.74000000,9.84000000,164.72160000,1665279809857,False,True
39429568,16.73000000,4.40000000,73.61200000,1665279833466,True,True
39429569,16.73000000,0.34000000,5.68820000,1665279858466,True,True
39429570,16.73000000,3.87000000,64.74510000,1665279858466,True,True
39429571,16.73000000,4.08000000,68.25840000,1665279888466,True,True
39429572,16.73000000,2.27000000,37.97710000,1665279918466,True,True
39429573,16.73000000,3.98000000,66.58540000,1665279938466,True,True
39429574,16.74000000,45.35000000,759.15900000,1665279973118,False,True
39429575,16.73000000,3.88000000,64.91240000,1665279978466,True,True
39429576,16.73000000,4.91000000,82.14430000,1665280013466,True,True
39429577,16.74000000,40.65000000,680.48100000,1665280022727,False,True
39429578,16.74000000,9.97000000,166.89780000,1665280022878,False,True
39429579,16.74000000,3.27000000,54.73980000,1665280022878,False,True
39429580,16.74000000,1.03000000,17.24220000,1665280023379,False,True
39429581,16.74000000,0.67000000,11.21580000,1665280023380,False,True
39429582,16.73000000,0.92000000,15.39160000,1665280038466,True,True
39429583,16.73000000,3.30000000,55.20900000,1665280038466,True,True
39429584,16.73000000,0.44000000,7.36120000,1665280038466,True,True
39429585,16.74000000,0.95000000,15.90300000,1665280046921,False,True
39429586,16.74000000,23.91000000,400.25340000,1665280071772,True,True
39429587,16.74000000,4.18000000,69.97320000,1665280078466,True,True
39429588,16.74000000,19.73000000,330.28020000,1665280078479,True,True
39429589,16.74000000,4.18000000,69.97320000,1665280078479,True,True
39429590,16.74000000,19.73000000,330.28020000,1665280080956,True,True
39429591,16.74000000,23.90000000,400.08600000,1665280095312,True,True
39429592,16.73000000,3.32000000,55.54360000,1665280098466,True,True
39429593,16.74000000,0.66000000,11.04840000,1665280102347,False,True
39429594,16.74000000,2.26000000,37.83240000,1665280103419,False,True
39429595,16.73000000,4.02000000,67.25460000,1665280128467,True,True
39429596,16.73000000,1.88000000,31.45240000,1665280158477,True,True
39429597,16.73000000,53.50000000,895.05500000,1665280161691,True,True
39429598,16.73000000,40.64000000,679.90720000,1665280161691,True,True
39429599,16.73000000,11.90000000,199.08700000,1665280161691,True,True
39429600,16.73000000,0.95000000,15.89350000,1665280161691,True,True
39429601,16.73000000,49.42000000,826.79660000,1665280161691,True,True
39429602,16.73000000,5.80000000,97.03400000,1665280161691,True,True
39429603,16.73000000,5.50000000,92.01500000,1665280161691,True,True
39429604,16.73000000,6.38000000,106.73740000,1665280161691,True,True
39429605,16.73000000,3.90000000,65.24700000,1665280178466,True,True
39429606,16.73000000,3.21000000,53.70330000,1665280218478,True,True
39429607,16.73000000,13.00000000,217.49000000,1665280245162,True,True
39429608,16.73000000,3.29000000,55.04170000,1665280248466,True,True
39429609,16.73000000,2.52000000,42.15960000,1665280278466,True,True
39429610,16.74000000,0.95000000,15.90300000,1665280287391,False,True
39429611,16.74000000,2.70000000,45.19800000,1665280287391,False,True
39429612,16.74000000,0.31000000,5.18940000,1665280287391,False,True
39429613,16.73000000,3.70000000,61.90100000,1665280303466,True,True
39429614,16.73000000,3.21000000,53.70330000,1665280338478,True,True
39429615,16.73000000,2.25000000,37.64250000,1665280398481,True,True
39429616,16.73000000,2.20000000,36.80600000,1665280423466,True,True
39429617,16.73000000,2.55000000,42.66150000,1665280458480,True,True
39429618,16.73000000,2.24000000,37.47520000,1665280483466,True,True
39429619,16.74000000,2.26000000,37.83240000,1665280485181,False,True
39429620,16.74000000,2.26000000,37.83240000,1665280486479,False,True
39429621,16.73000000,1.38000000,23.08740000,1665280518466,True,True
39429622,16.74000000,6.60000000,110.48400000,1665280525821,False,True
39429623,16.73000000,3.55000000,59.39150000,1665280533466,True,True
39429624,16.74000000,1.46000000,24.44040000,1665280551314,False,True
39429625,16.75000000,42.64000000,714.22000000,1665280551314,False,True
39429626,16.74000000,2.69000000,45.03060000,1665280578466,True,True
39429627,16.75000000,6.00000000,100.50000000,1665280581087,False,True
39429628,16.74000000,3.30000000,55.24200000,1665280608466,True,True
39429629,16.74000000,45.00000000,753.30000000,1665280622286,True,True
39429630,16.74000000,1.09000000,18.24660000,1665280622286,True,True
39429631,16.74000000,5.50000000,92.07000000,1665280622286,True,True
39429632,16.74000000,5.80000000,97.09200000,1665280622286,True,True
39429633,16.74000000,83.47000000,1397.28780000,1665280622286,True,True
39429634,16.74000000,26.38000000,441.60120000,1665280622286,True,True
39429635,16.74000000,4.94000000,82.69560000,1665280622382,False,True
39429636,16.73000000,1.11000000,18.57030000,1665280638466,True,True
39429637,16.73000000,4.57000000,76.45610000,1665280638466,True,True
39429638,16.74000000,11.65000000,195.02100000,1665280644702,False,True
39429639,16.74000000,11.65000000,195.02100000,1665280644894,False,True
39429640,16.73000000,37.27000000,623.52710000,1665280645024,True,True
39429641,16.73000000,1.09000000,18.23570000,1665280645024,True,True
39429642,16.73000000,0.95000000,15.89350000,1665280645024,True,True
39429643,16.73000000,92.00000000,1539.16000000,1665280645024,True,True
39429644,16.73000000,65.53000000,1096.31690000,1665280645024,True,True
39429645,16.73000000,20.00000000,334.60000000,1665280645024,True,True
39429646,16.73000000,178.90000000,2992.99700000,1665280645024,True,True
39429647,16.73000000,8.58000000,143.54340000,1665280645024,True,True
39429648,16.74000000,4.77000000,79.84980000,1665280647121,False,True
39429649,16.73000000,2.67000000,44.66910000,1665280678466,True,True
39429650,16.74000000,16.27000000,272.35980000,1665280695133,False,True
39429651,16.73000000,3.26000000,54.53980000,1665280698466,True,True
39429652,16.73000000,2.58000000,43.16340000,1665280718466,True,True
39429653,16.74000000,10.34000000,173.09160000,1665280718551,False,True
39429654,16.74000000,10.08000000,168.73920000,1665280718609,False,True
39429655,16.74000000,9.71000000,162.54540000,1665280718836,False,True
39429656,16.74000000,6.47000000,108.30780000,1665280718927,False,True
39429657,16.74000000,33.44000000,559.78560000,1665280721392,False,True
39429658,16.74000000,33.85000000,566.64900000,1665280721458,False,True
39429659,16.74000000,0.95000000,15.90300000,1665280721458,False,True
39429660,16.74000000,3.66000000,61.26840000,1665280743466,True,True
39429661,16.74000000,4.72000000,79.01280000,1665280758466,True,True
39429662,16.74000000,41.86000000,700.73640000,1665280776492,True,True
39429663,16.74000000,5.50000000,92.07000000,1665280776492,True,True
39429664,16.74000000,18.84000000,315.38160000,1665280776492,True,True
39429665,16.74000000,5.22000000,87.38280000,1665280788466,True,True
39429666,16.75000000,5.00000000,83.75000000,1665280801178,False,True
39429667,16.75000000,5.00000000,83.75000000,1665280801486,False,True
39429668,16.75000000,0.89000000,14.90750000,1665280803348,False,True
39429669,16.74000000,5.07000000,84.87180000,1665280818480,True,True
39429670,16.75000000,2.00000000,33.50000000,1665280841250,False,True
39429671,16.75000000,3.60000000,60.30000000,1665280842121,False,True
39429672,16.75000000,0.84000000,14.07000000,1665280842339,False,True
39429673,16.75000000,4.06000000,68.00500000,1665280842339,False,True
39429674,16.75000000,3.20000000,53.60000000,1665280844696,False,True
39429675,16.75000000,6.50000000,108.87500000,1665280846402,False,True
39429676,16.75000000,2.60000000,43.55000000,1665280848181,False,True
39429677,16.75000000,8.30000000,139.02500000,1665280852052,False,True
39429678,16.75000000,2.00000000,33.50000000,1665280856258,False,True
39429679,16.74000000,4.60000000,77.00400000,1665280858467,True,True
39429680,16.75000000,6.90000000,115.57500000,1665280861546,False,True
39429681,16.74000000,2.96000000,49.55040000,1665280878481,True,True
39429682,16.75000000,5.70000000,95.47500000,1665280891268,False,True
39429683,16.75000000,4.40000000,73.70000000,1665280892720,False,True
39429684,16.75000000,6.70000000,112.22500000,1665280902132,False,True
39429685,16.74000000,5.85000000,97.92900000,1665280903466,True,True
39429686,16.75000000,1.90000000,31.82500000,1665280906441,False,True
39429687,16.75000000,31.30000000,524.27500000,1665280926977,False,True
39429688,16.74000000,3.47000000,58.08780000,1665280938481,True,True
39429689,16.74000000,0.65000000,10.88100000,1665280961646,True,True
39429690,16.74000000,1.81000000,30.29940000,1665280978466,True,True
39429691,16.75000000,12.00000000,201.00000000,1665280981191,False,True
39429692,16.75000000,1.60000000,26.80000000,1665280998453,False,True
39429693,16.74000000,3.72000000,62.27280000,1665280998477,True,True
39429694,16.75000000,6.00000000,100.50000000,1665281025929,False,True
39429695,16.74000000,1.66000000,27.78840000,1665281038466,True,True
39429696,16.75000000,11.90000000,199.32500000,1665281050169,False,True
39429697,16.75000000,5.35000000,89.61250000,1665281056118,False,True
39429698,16.75000000,3.08000000,51.59000000,1665281056203,False,True
39429699,16.75000000,2.27000000,38.02250000,1665281056670,False,True
39429700,16.74000000,2.99000000,50.05260000,1665281058478,True,True
39429701,16.75000000,1.30000000,21.77500000,1665281060113,False,True
39429702,16.75000000,4.90000000,82.07500000,1665281062234,False,True
39429703,16.75000000,2.71000000,45.39250000,1665281062703,False,True
39429704,16.75000000,5.50000000,92.12500000,1665281063063,False,True
39429705,16.75000000,1.30000000,21.77500000,1665281071045,False,True
39429706,16.75000000,1.30000000,21.77500000,1665281071045,False,True
39429707,16.75000000,4.28000000,71.69000000,1665281078784,False,True
39429708,16.75000000,1.60000000,26.80000000,1665281087447,False,True
39429709,16.75000000,7.10000000,118.92500000,1665281088952,False,True
39429710,16.75000000,3.22000000,53.93500000,1665281089020,False,True
39429711,16.75000000,46.67000000,781.72250000,1665281094466,False,True
39429712,16.75000000,64.51000000,1080.54250000,1665281094466,False,True
39429713,16.75000000,53.86000000,902.15500000,1665281094466,False,True
39429714,16.75000000,25.88000000,433.49000000,1665281094466,False,True
39429715,16.75000000,23.52000000,393.96000000,1665281094466,False,True
39429716,16.76000000,2.39000000,40.05640000,1665281094466,False,True
39429717,16.75000000,1.78000000,29.81500000,1665281098466,True,True
39429718,16.75000000,3.49000000,58.45750000,1665281118478,True,True
39429719,16.75000000,12.83000000,214.90250000,1665281143289,True,True
39429720,16.75000000,3.62000000,60.63500000,1665281148466,True,True
39429721,16.75000000,3.01000000,50.41750000,1665281178466,True,True
39429722,16.76000000,1.33000000,22.29080000,1665281202041,False,True
39429723,16.76000000,0.83000000,13.91080000,1665281202047,False,True
39429724,16.76000000,36.91000000,618.61160000,1665281202060,False,True
39429725,16.76000000,24.46000000,409.94960000,1665281202060,False,True
39429726,16.76000000,28.00000000,469.28000000,1665281202060,False,True
39429727,16.76000000,0.95000000,15.92200000,1665281202060,False,True
39429728,16.76000000,1.26000000,21.11760000,1665281202060,False,True
39429729,16.76000000,20.19000000,338.38440000,1665281202060,False,True
39429730,16.76000000,0.89000000,14.91640000,1665281202060,False,True
39429731,16.76000000,88.16000000,1477.56160000,1665281202060,False,True
39429732,16.76000000,1.46000000,24.46960000,1665281202060,False,True
39429733,16.76000000,12.11000000,202.96360000,1665281202060,False,True
39429734,16.76000000,85.89000000,1439.51640000,1665281202060,False,True
39429735,16.77000000,0.63000000,10.56510000,1665281202071,False,True
39429736,16.76000000,2.70000000,45.25200000,1665281203466,True,True
39429737,16.76000000,2.26000000,37.87760000,1665281208623,True,True
39429738,16.76000000,5.50000000,92.18000000,1665281209040,True,True
39429739,16.76000000,5.80000000,97.20800000,1665281209040,True,True
39429740,16.76000000,8.32000000,139.44320000,1665281209187,False,True
39429741,16.75000000,4.62000000,77.38500000,1665281238466,True,True
39429742,16.76000000,26.16000000,438.44160000,1665281264071,False,True
39429743,16.75000000,3.54000000,59.29500000,1665281273466,True,True
39429744,16.76000000,30.10000000,504.47600000,1665281290407,False,True
39429745,16.76000000,8.35000000,139.94600000,1665281294680,True,True
39429746,16.76000000,2.98000000,49.94480000,1665281298466,True,True
39429747,16.76000000,4.04000000,67.71040000,1665281318466,True,True
39429748,16.76000000,2.30000000,38.54800000,1665281358466,True,True
39429749,16.76000000,4.17000000,69.88920000,1665281378466,True,True
39429750,16.76000000,2.26000000,37.87760000,1665281379948,True,True
39429751,16.76000000,40.65000000,681.29400000,1665281380197,True,True
39429752,16.76000000,2.26000000,37.87760000,1665281380317,True,True
39429753,16.76000000,10.70000000,179.33200000,1665281380420,True,True
39429754,16.76000000,6.50000000,108.94000000,1665281380473,True,True
39429755,16.76000000,11.40000000,191.06400000,1665281411053,True,True
39429756,16.76000000,5.11000000,85.64360000,1665281411453,True,True
39429757,16.76000000,5.03000000,84.30280000,1665281411493,True,True
39429758,16.76000000,4.94000000,82.79440000,1665281411556,True,True
39429759,16.76000000,4.86000000,81.45360000,1665281411611,True,True
39429760,16.76000000,4.77000000,79.94520000,1665281411674,True,True
39429761,16.76000000,1.38000000,23.12880000,1665281411737,True,True
39429762,16.76000000,3.84000000,64.35840000,1665281418466,True,True
39429763,16.76000000,5.99000000,100.39240000,1665281424356,True,True
39429764,16.76000000,3.71000000,62.17960000,1665281429872,True,True
39429765,16.76000000,156.85000000,2628.80600000,1665281436456,True,True
39429766,16.76000000,1.09000000,18.26840000,1665281436456,True,True
39429767,16.75000000,4.37000000,73.19750000,1665281448466,True,True
39429768,16.75000000,3.67000000,61.47250000,1665281478466,True,True
39429769,16.75000000,2.09000000,35.00750000,1665281508466,True,True
39429770,16.75000000,4.16000000,69.68000000,1665281538466,True,True
39429771,16.75000000,3.07000000,51.42250000,1665281578466,True,True
39429772,16.75000000,3.23000000,54.10250000,1665281598466,True,True
39429773,16.75000000,4.59000000,76.88250000,1665281611661,True,True
39429774,16.75000000,4.10000000,68.67500000,1665281628466,True,True
39429775,16.75000000,2.39000000,40.03250000,1665281658466,True,True
39429776,16.75000000,2.94000000,49.24500000,1665281688466,True,True
39429777,16.75000000,3.56000000,59.63000000,1665281718466,True,True
39429778,16.75000000,1.90000000,31.82500000,1665281758466,True,True
39429779,16.76000000,1.73000000,28.99480000,1665281769415,False,True
39429780,16.75000000,3.12000000,52.26000000,1665281778466,True,True
39429781,16.76000000,10.00000000,167.60000000,1665281783143,False,True
39429782,16.75000000,3.02000000,50.58500000,1665281818466,True,True
39429783,16.75000000,2.36000000,39.53000000,1665281838466,True,True
39429784,16.75000000,1.80000000,30.15000000,1665281868466,True,True
39429785,16.75000000,15.37000000,257.44750000,1665281874184,True,True
39429786,16.75000000,0.81000000,13.56750000,1665281874184,True,True
39429787,16.75000000,15.69000000,262.80750000,1665281874184,True,True
39429788,16.74000000,3.16000000,52.89840000,1665281898466,True,True
39429789,16.74000000,5.78000000,96.75720000,1665281915471,True,True
39429790,16.74000000,1.68000000,28.12320000,1665281933466,True,True
39429791,16.74000000,1.54000000,25.77960000,1665281958472,True,True
39429792,16.74000000,3.23000000,54.07020000,1665281978467,True,True
39429793,16.74000000,3.18000000,53.23320000,1665282018466,True,True
39429794,16.74000000,1.37000000,22.93380000,1665282058466,True,True
39429795,16.74000000,1.44000000,24.10560000,1665282078466,True,True
39429796,16.74000000,1.25000000,20.92500000,1665282098466,True,True
39429797,16.75000000,3.74000000,62.64500000,1665282110017,False,True
39429798,16.75000000,2.26000000,37.85500000,1665282111637,False,True
39429799,16.74000000,2.33000000,39.00420000,1665282113465,True,True
39429800,16.75000000,2.49000000,41.70750000,1665282117590,False,True
39429801,16.74000000,1.38000000,23.10120000,1665282138466,True,True
39429802,16.74000000,3.26000000,54.57240000,1665282158465,True,True
39429803,16.74000000,1.81000000,30.29940000,1665282198466,True,True
39429804,16.75000000,30.00000000,502.50000000,1665282221718,False,True
39429805,16.75000000,23.34000000,390.94500000,1665282221718,False,True
39429806,16.75000000,12.22000000,204.68500000,1665282221718,False,True
39429807,16.74000000,2.76000000,46.20240000,1665282228466,True,True
39429808,16.75000000,2.26000000,37.85500000,1665282231559,False,True
39429809,16.74000000,2.98000000,49.88520000,1665282258466,True,True
39429810,16.74000000,54.23000000,907.81020000,1665282271727,True,True
39429811,16.74000000,11.26000000,188.49240000,1665282271727,True,True
39429812,16.74000000,2.04000000,34.14960000,1665282293466,True,True
39429813,16.74000000,2.36000000,39.50640000,1665282318465,True,True
39429814,16.74000000,2.79000000,46.70460000,1665282348465,True,True
39429815,16.74000000,2.53000000,42.35220000,1665282378465,True,True
39429816,16.74000000,1.87000000,31.30380000,1665282408466,True,True
39429817,16.74000000,1.44000000,24.10560000,1665282428466,True,True
39429818,16.74000000,2.53000000,42.35220000,1665282438466,True,True
39429819,16.74000000,3.16000000,52.89840000,1665282468465,True,True
39429820,16.75000000,2.26000000,37.85500000,1665282490879,False,True
39429821,16.75000000,37.92000000,635.16000000,1665282490990,False,True
39429822,16.74000000,3.20000000,53.56800000,1665282498465,True,True
39429823,16.74000000,2.66000000,44.52840000,1665282521255,True,True
39429824,16.74000000,18.13000000,303.49620000,1665282521255,True,True
39429825,16.74000000,0.95000000,15.90300000,1665282521255,True,True
39429826,16.74000000,5.80000000,97.09200000,1665282521255,True,True
39429827,16.74000000,3.40000000,56.91600000,1665282521255,True,True
39429828,16.74000000,5.50000000,92.07000000,1665282521255,True,True
39429829,16.74000000,92.00000000,1540.08000000,1665282521255,True,True
39429830,16.74000000,10.41000000,174.26340000,1665282521255,True,True
39429831,16.74000000,15.76000000,263.82240000,1665282521256,True,True
39429832,16.74000000,36.15000000,605.15100000,1665282521256,True,True
39429833,16.74000000,1.77000000,29.62980000,1665282521256,True,True
39429834,16.74000000,1.46000000,24.44040000,1665282521262,True,True
39429835,16.74000000,13.13000000,219.79620000,1665282521262,True,True
39429836,16.74000000,13.91000000,232.85340000,1665282521262,True,True
39429837,16.74000000,13.13000000,219.79620000,1665282521262,True,True
39429838,16.74000000,16.90000000,282.90600000,1665282521262,True,True
39429839,16.74000000,10.40000000,174.09600000,1665282521262,True,True
39429840,16.74000000,5.80000000,97.09200000,1665282521262,True,True
39429841,16.74000000,9.04000000,151.32960000,1665282521262,True,True
39429842,16.74000000,5.76000000,96.42240000,1665282521262,True,True
39429843,16.73000000,0.95000000,15.89350000,1665282522240,True,True
39429844,16.73000000,3.30000000,55.20900000,1665282522240,True,True
39429845,16.73000000,50.68000000,847.87640000,1665282522333,False,True
39429846,16.72000000,20.86000000,348.77920000,1665282527452,True,True
39429847,16.72000000,1.06000000,17.72320000,1665282527452,True,True
39429848,16.72000000,41.86000000,699.89920000,1665282527452,True,True
39429849,16.72000000,1.26000000,21.06720000,1665282527452,True,True
39429850,16.72000000,10.00000000,167.20000000,1665282527452,True,True
39429851,16.72000000,4.20000000,70.22400000,1665282527452,True,True
39429852,16.72000000,12.51000000,209.16720000,1665282527452,True,True
39429853,16.72000000,5.50000000,91.96000000,1665282527452,True,True
39429854,16.72000000,39.21000000,655.59120000,1665282527452,True,True
39429855,16.72000000,44.43000000,742.86960000,1665282527452,True,True
39429856,16.72000000,0.63000000,10.53360000,1665282527462,True,True
39429857,16.72000000,2.01000000,33.60720000,1665282538466,True,True
39429858,16.72000000,12.45000000,208.16400000,1665282547887,True,True
39429859,16.72000000,4.26000000,71.22720000,1665282558465,True,True
39429860,16.72000000,5.76000000,96.30720000,1665282583522,True,True
39429861,16.72000000,5.57000000,93.13040000,1665282583660,True,True
39429862,16.72000000,5.47000000,91.45840000,1665282583697,True,True
39429863,16.72000000,5.29000000,88.44880000,1665282583811,True,True
39429864,16.73000000,14.10000000,235.89300000,1665282586727,False,True
39429865,16.73000000,47.00000000,786.31000000,1665282586748,False,True
39429866,16.72000000,4.95000000,82.76400000,1665282593465,True,True
39429867,16.72000000,2.92000000,48.82240000,1665282618465,True,True
39429868,16.72000000,4.98000000,83.26560000,1665282638465,True,True
39429869,16.72000000,2.73000000,45.64560000,1665282678466,True,True
39429870,16.72000000,4.42000000,73.90240000,1665282703465,True,True
39429871,16.72000000,4.79000000,80.08880000,1665282738465,True,True
39429872,16.72000000,1.16000000,19.39520000,1665282742097,True,True
39429873,16.72000000,0.60000000,10.03200000,1665282773466,True,True
39429874,16.72000000,1.11000000,18.55920000,1665282773466,True,True
39429875,16.72000000,0.31000000,5.18320000,1665282773466,True,True
39429876,16.72000000,1.09000000,18.22480000,1665282798465,True,True
39429877,16.72000000,2.32000000,38.79040000,1665282798465,True,True
39429878,16.72000000,3.07000000,51.33040000,1665282802393,True,True
39429879,16.72000000,1.73000000,28.92560000,1665282824853,True,True
39429880,16.72000000,2.26000000,37.78720000,1665282843465,True,True
39429881,16.72000000,3.01000000,50.32720000,1665282858465,True,True
39429882,16.72000000,2.59000000,43.30480000,1665282903465,True,True
39429883,16.72000000,2.90000000,48.48800000,1665282918465,True,True
39429884,16.72000000,2.56000000,42.80320000,1665282963465,True,True
39429885,16.72000000,1.04000000,17.38880000,1665282978466,True,True
39429886,16.72000000,1.63000000,27.25360000,1665282993466,True,True
39429887,16.72000000,0.66000000,11.03520000,1665282995030,True,True
39429888,16.72000000,2.08000000,34.77760000,1665283018467,True,True
39429889,16.72000000,2.29000000,38.28880000,1665283038474,True,True
39429890,16.72000000,2.04000000,34.10880000,1665283078467,True,True
39429891,16.72000000,20.63000000,344.93360000,1665283087253,True,True
39429892,16.72000000,38.33000000,640.87760000,1665283087253,True,True
39429893,16.73000000,2.92000000,48.85160000,1665283093617,False,True
39429894,16.73000000,1.60000000,26.76800000,1665283096955,False,True
39429895,16.72000000,1.80000000,30.09600000,1665283098475,True,True
39429896,16.72000000,1.50000000,25.08000000,1665283098475,True,True
39429897,16.73000000,2.26000000,37.80980000,1665283120814,False,True
39429898,16.72000000,3.30000000,55.17600000,1665283143466,True,True
39429899,16.72000000,1.00000000,16.72000000,1665283158476,True,True
39429900,16.72000000,0.42000000,7.02240000,1665283158476,True,True
39429901,16.73000000,0.78000000,13.04940000,1665283171825,False,True
39429902,16.73000000,35.81000000,599.10130000,1665283171825,False,True
39429903,16.73000000,3.01000000,50.35730000,1665283171825,False,True
39429904,16.73000000,1.77000000,29.61210000,1665283178004,False,True
39429905,16.73000000,1.39000000,23.25470000,1665283179161,False,True
39429906,16.73000000,1.39000000,23.25470000,1665283181021,False,True
39429907,16.72000000,2.16000000,36.11520000,1665283183466,True,True
39429908,16.73000000,0.78000000,13.04940000,1665283193393,False,True
39429909,16.72000000,1.64000000,27.42080000,1665283208467,True,True
39429910,16.72000000,2.06000000,34.44320000,1665283218466,True,True
39429911,16.73000000,1.91000000,31.95430000,1665283219333,False,True
39429912,16.73000000,2.26000000,37.80980000,1665283219392,True,True
39429913,16.73000000,39.64000000,663.17720000,1665283221476,True,True
39429914,16.73000000,2.26000000,37.80980000,1665283225357,True,True
39429915,16.73000000,2.26000000,37.80980000,1665283227851,True,True
39429916,16.73000000,20.16000000,337.27680000,1665283232674,True,True
39429917,16.73000000,1.28000000,21.41440000,1665283246146,True,True
39429918,16.73000000,8.08000000,135.17840000,1665283246146,True,True
39429919,16.73000000,2.31000000,38.64630000,1665283253465,True,True
39429920,16.73000000,1.59000000,26.60070000,1665283262290,True,True
39429921,16.73000000,2.26000000,37.80980000,1665283265178,True,True
39429922,16.73000000,2.99000000,50.02270000,1665283278466,True,True
39429923,16.73000000,2.94000000,49.18620000,1665283313466,True,True
39429924,16.73000000,1.16000000,19.40680000,1665283338474,True,True
39429925,16.73000000,23.80000000,398.17400000,1665283343221,True,True
39429926,16.73000000,13.25000000,221.67250000,1665283343227,True,True
39429927,16.73000000,1.09000000,18.23570000,1665283343227,True,True
39429928,16.73000000,5.50000000,92.01500000,1665283343227,True,True
39429929,16.73000000,5.80000000,97.03400000,1665283343227,True,True
39429930,16.73000000,25.04000000,418.91920000,1665283343227,True,True
39429931,16.73000000,19.12000000,319.87760000,1665283343244,True,True
39429932,16.74000000,2.99000000,50.05260000,1665283352652,False,True
39429933,16.73000000,1.16000000,19.40680000,1665283353466,True,True
39429934,16.73000000,1.09000000,18.23570000,1665283373394,True,True
39429935,16.73000000,2.70000000,45.17100000,1665283373394,True,True
39429936,16.73000000,8.94000000,149.56620000,1665283373394,True,True
39429937,16.73000000,1.59000000,26.60070000,1665283373466,True,True
39429938,16.73000000,1.77000000,29.61210000,1665283398474,True,True
39429939,16.73000000,1.09000000,18.23570000,1665283411663,True,True
39429940,16.73000000,0.60000000,10.03800000,1665283412945,False,True
39429941,16.72000000,1.88000000,31.43360000,1665283428466,True,True
39429942,16.72000000,1.14000000,19.06080000,1665283458466,True,True
39429943,16.72000000,2.72000000,45.47840000,1665283473467,True,True
39429944,16.72000000,23.86000000,398.93920000,1665283498157,True,True
39429945,16.72000000,2.99000000,49.99280000,1665283498157,True,True
39429946,16.72000000,1.09000000,18.22480000,1665283498157,True,True
39429947,16.72000000,20.91000000,349.61520000,1665283498157,True,True
39429948,16.72000000,23.19000000,387.73680000,1665283498157,True,True
39429949,16.72000000,1.11000000,18.55920000,1665283498157,True,True
39429950,16.72000000,48.90000000,817.60800000,1665283498157,True,True
39429951,16.72000000,10.64000000,177.90080000,1665283498157,True,True
39429952,16.72000000,89.69000000,1499.61680000,1665283498157,True,True
39429953,16.72000000,5.50000000,91.96000000,1665283498157,True,True
39429954,16.72000000,19.71000000,329.55120000,1665283498157,True,True
39429955,16.72000000,16.90000000,282.56800000,1665283498157,True,True
39429956,16.72000000,9.18000000,153.48960000,1665283498157,True,True
39429957,16.72000000,1.46000000,24.41120000,1665283498157,True,True
39429958,16.72000000,44.14000000,738.02080000,1665283502742,False,True
39429959,16.72000000,30.11000000,503.43920000,1665283503382,False,True
39429960,16.72000000,1.60000000,26.75200000,1665283508466,True,True
39429961,16.73000000,58.62000000,980.71260000,1665283517581,False,True
39429962,16.72000000,4.46000000,74.57120000,1665283518466,True,True
39429963,16.72000000,12.93000000,216.18960000,1665283520588,True,True
39429964,16.72000000,3.94000000,65.87680000,1665283553466,True,True
39429965,16.72000000,2.59000000,43.30480000,1665283578466,True,True
39429966,16.72000000,1.79000000,29.92880000,1665283608466,True,True
39429967,16.73000000,14.94000000,249.94620000,1665283625520,False,True
39429968,16.72000000,4.04000000,67.54880000,1665283628466,True,True
39429969,16.72000000,1.72000000,28.75840000,1665283638466,True,True
39429970,16.72000000,2.18000000,36.44960000,1665283658466,True,True
39429971,16.73000000,2.23000000,37.30790000,1665283672280,False,True
39429972,16.72000000,2.04000000,34.10880000,1665283673466,True,True
39429973,16.73000000,1.77000000,29.61210000,1665283680572,False,True
39429974,16.73000000,4.23000000,70.76790000,1665283682898,False,True
39429975,16.73000000,8.61000000,144.04530000,1665283682969,False,True
39429976,16.73000000,8.77000000,146.72210000,1665283692949,False,True
39429977,16.73000000,10.54000000,176.33420000,1665283692994,False,True
39429978,16.72000000,2.27000000,37.95440000,1665283698466,True,True
39429979,16.72000000,4.17000000,69.72240000,1665283723466,True,True
39429980,16.72000000,1.85000000,30.93200000,1665283758466,True,True
39429981,16.73000000,0.90000000,15.05700000,1665283775814,False,True
39429982,16.73000000,1.77000000,29.61210000,1665283776922,False,True
39429983,16.73000000,2.26000000,37.80980000,1665283780866,False,True
39429984,16.72000000,2.34000000,39.12480000,1665283783466,True,True
39429985,16.73000000,1.39000000,23.25470000,1665283783996,False,True
39429986,16.73000000,1.39000000,23.25470000,1665283792975,False,True
39429987,16.73000000,6.10000000,102.05300000,1665283795328,False,True
39429988,16.73000000,11.18000000,187.04140000,1665283795328,False,True
39429989,16.73000000,1.28000000,21.41440000,1665283797273,False,True
39429990,16.73000000,1.88000000,31.45240000,1665283798087,False,True
39429991,16.73000000,0.90000000,15.05700000,1665283800000,False,True
39429992,16.73000000,0.87000000,14.55510000,1665283802461,False,True
39429993,16.73000000,2.26000000,37.80980000,1665283802562,False,True
39429994,16.73000000,1.38000000,23.08740000,1665283803590,False,True
39429995,16.73000000,1.07000000,17.90110000,1665283803743,False,True
39429996,16.73000000,0.90000000,15.05700000,1665283805796,False,True
39429997,16.73000000,0.95000000,15.89350000,1665283806891,False,True
39429998,16.73000000,0.90000000,15.05700000,1665283808444,False,True
39429999,16.72000000,3.26000000,54.50720000,1665283808466,True,True
39430000,16.73000000,0.90000000,15.05700000,1665283809032,False,True
39430001,16.73000000,1.36000000,22.75280000,1665283810946,False,True
39430002,16.73000000,2.26000000,37.80980000,1665283816506,False,True
39430003,16.72000000,2.69000000,44.97680000,1665283818466,True,True
39430004,16.72000000,2.87000000,47.98640000,1665283858466,True,True
39430005,16.73000000,1.11000000,18.57030000,1665283864230,False,True
39430006,16.73000000,1.15000000,19.23950000,1665283864230,False,True
39430007,16.72000000,1.22000000,20.39840000,1665283878466,True,True
39430008,16.72000000,1.28000000,21.40160000,1665283893466,True,True
39430009,16.72000000,2.50000000,41.80000000,1665283918466,True,True
39430010,16.73000000,1.55000000,25.93150000,1665283920375,False,True
39430011,16.73000000,1.44000000,24.09120000,1665283920375,False,True
39430012,16.73000000,2.99000000,50.02270000,1665283921616,False,True
39430013,16.73000000,2.99000000,50.02270000,1665283924971,False,True
39430014,16.72000000,3.03000000,50.66160000,1665283938466,True,True
39430015,16.73000000,12.20000000,204.10600000,1665283942426,False,True
39430016,16.73000000,6.60000000,110.41800000,1665283942426,False,True
39430017,16.73000000,1.33000000,22.25090000,1665283978466,True,True
39430018,16.73000000,1.17000000,19.57410000,1665283998466,True,True
39430019,16.73000000,1.08000000,18.06840000,1665284018466,True,True
39430020,16.73000000,1.77000000,29.61210000,1665284031381,True,True
39430021,16.73000000,2.26000000,37.80980000,1665284034656,True,True
39430022,16.73000000,4.33000000,72.44090000,1665284034719,True,True
39430023,16.73000000,1.02000000,17.06460000,1665284034719,True,True
39430024,16.73000000,0.07000000,1.17110000,1665284034912,True,True
39430025,16.73000000,4.21000000,70.43330000,1665284034912,True,True
39430026,16.73000000,4.28000000,71.60440000,1665284034970,True,True
39430027,16.73000000,1.60000000,26.76800000,1665284039326,True,True
39430028,16.73000000,2.20000000,36.80600000,1665284058466,True,True
39430029,16.74000000,3.09000000,51.72660000,1665284061147,False,True
39430030,16.73000000,2.47000000,41.32310000,1665284093466,True,True
39430031,16.74000000,35.53000000,594.77220000,1665284101541,False,True
39430032,16.74000000,13.28000000,222.30720000,1665284101559,False,True
39430033,16.74000000,84.00000000,1406.16000000,1665284101564,False,True
39430034,16.74000000,0.69000000,11.55060000,1665284101950,False,True
39430035,16.73000000,3.43000000,57.38390000,1665284118466,True,True
39430036,16.73000000,1.61000000,26.93530000,1665284153466,True,True
39430037,16.73000000,1.07000000,17.90110000,1665284167645,True,True
39430038,16.73000000,1.51000000,25.26230000,1665284178465,True,True
39430039,16.73000000,2.51000000,41.99230000,1665284198465,True,True
39430040,16.73000000,1.43000000,23.92390000,1665284228466,True,True
39430041,16.73000000,1.87000000,31.28510000,1665284238466,True,True
39430042,16.73000000,1.88000000,31.45240000,1665284258465,True,True
39430043,16.73000000,1.61000000,26.93530000,1665284298466,True,True
39430044,16.73000000,1.63000000,27.26990000,1665284323466,True,True
39430045,16.73000000,47.73000000,798.52290000,1665284334093,True,True
39430046,16.73000000,1.09000000,18.23570000,1665284334108,True,True
39430047,16.73000000,1.00000000,16.73000000,1665284334108,True,True
39430048,16.73000000,5.50000000,92.01500000,1665284334108,True,True
39430049,16.73000000,5.80000000,97.03400000,1665284334108,True,True
39430050,16.73000000,5.35000000,89.50550000,1665284335419,False,True
39430051,16.73000000,2.26000000,37.80980000,1665284340208,True,True
39430052,16.73000000,43.61000000,729.59530000,1665284344009,True,True
39430053,16.73000000,66.95000000,1120.07350000,1665284344009,True,True
39430054,16.73000000,1.09000000,18.23570000,1665284344009,True,True
39430055,16.73000000,13.35000000,223.34550000,1665284344009,True,True
39430056,16.74000000,0.26000000,4.35240000,1665284347290,False,True
39430057,16.74000000,50.14000000,839.34360000,1665284347290,False,True
39430058,16.73000000,0.86000000,14.38780000,1665284351272,True,True
39430059,16.73000000,8.33000000,139.36090000,1665284351272,True,True
39430060,16.73000000,2.70000000,45.17100000,1665284351272,True,True
39430061,16.73000000,51.68000000,864.60640000,1665284351272,True,True
39430062,16.73000000,1.09000000,18.23570000,1665284351272,True,True
39430063,16.73000000,135.89000000,2273.43970000,1665284351272,True,True
39430064,16.73000000,68.74000000,1150.02020000,1665284351272,True,True
39430065,16.73000000,119.16000000,1993.54680000,1665284351272,True,True
39430066,16.73000000,5.80000000,97.03400000,1665284351272,True,True
39430067,16.73000000,87.53000000,1464.37690000,1665284351272,True,True
39430068,16.73000000,5.50000000,92.01500000,1665284351272,True,True
39430069,16.73000000,12.72000000,212.80560000,1665284351272,True,True
39430070,16.73000000,1.46000000,24.42580000,1665284356195,True,True
39430071,16.73000000,0.95000000,15.89350000,1665284356195,True,True
39430072,16.73000000,129.79000000,2171.38670000,1665284356195,True,True
39430073,16.73000000,40.55000000,678.40150000,1665284356195,True,True
39430074,16.73000000,0.25000000,4.18250000,1665284356195,True,True
39430075,16.73000000,0.84000000,14.05320000,1665284358466,True,True
39430076,16.73000000,5.25000000,87.83250000,1665284358466,True,True
39430077,16.73000000,45.00000000,752.85000000,1665284364855,True,True
39430078,16.73000000,1.77000000,29.61210000,1665284388466,True,True
39430079,16.72000000,0.83000000,13.87760000,1665284388466,True,True
39430080,16.72000000,2.86000000,47.81920000,1665284388466,True,True
39430081,16.73000000,48.00000000,803.04000000,1665284394239,True,True
39430082,16.73000000,1.21000000,20.24330000,1665284415203,False,True
39430083,16.72000000,4.19000000,70.05680000,1665284418466,True,True
39430084,16.73000000,4.81000000,80.47130000,1665284441340,False,True
39430085,16.72000000,6.63000000,110.85360000,1665284448466,True,True
39430086,16.73000000,7.00000000,117.11000000,1665284462219,False,True
39430087,16.73000000,4.34000000,72.60820000,1665284462356,False,True
39430088,16.73000000,2.26000000,37.80980000,1665284469077,False,True
39430089,16.73000000,3.50000000,58.55500000,1665284469140,False,True
39430090,16.73000000,1.39000000,23.25470000,1665284469347,False,True
39430091,16.73000000,3.25000000,54.37250000,1665284469409,False,True
39430092,16.73000000,1.59000000,26.60070000,1665284469590,False,True
39430093,16.73000000,2.95000000,49.35350000,1665284469689,False,True
39430094,16.73000000,1.78000000,29.77940000,1665284469738,False,True
39430095,16.73000000,4.68000000,78.29640000,1665284469798,False,True
39430096,16.73000000,4.65000000,77.79450000,1665284469855,False,True
39430097,16.73000000,2.63000000,43.99990000,1665284469916,False,True
39430098,16.73000000,1.94000000,32.45620000,1665284469961,False,True
39430099,16.73000000,4.45000000,74.44850000,1665284470120,False,True
39430100,16.73000000,2.28000000,38.14440000,1665284470185,False,True
39430101,16.73000000,2.14000000,35.80220000,1665284470246,False,True
39430102,16.73000000,4.31000000,72.10630000,1665284470306,False,True
39430103,16.73000000,2.96000000,49.52080000,1665284470374,False,True
39430104,16.73000000,1.31000000,21.91630000,1665284470714,False,True
39430105,16.72000000,63.56000000,1062.72320000,1665284470735,True,True
39430106,16.72000000,1.09000000,18.22480000,1665284470735,True,True
39430107,16.72000000,58.62000000,980.12640000,1665284470735,True,True
39430108,16.72000000,20.42000000,341.42240000,1665284470735,True,True
39430109,16.72000000,2.99000000,49.99280000,1665284470735,True,True
39430110,16.72000000,8.33000000,139.27760000,1665284470735,True,True
39430111,16.72000000,62.47000000,1044.49840000,1665284470735,True,True
39430112,16.72000000,26.56000000,444.08320000,1665284470735,True,True
39430113,16.72000000,66.17000000,1106.36240000,1665284470735,True,True
39430114,16.72000000,11.28000000,188.60160000,1665284470735,True,True
39430115,16.72000000,10.45000000,174.72400000,1665284470735,True,True
39430116,16.72000000,1.11000000,18.55920000,1665284470735,True,True
39430117,16.72000000,17.94000000,299.95680000,1665284470735,True,True
39430118,16.72000000,1.09000000,18.22480000,1665284470735,True,True
39430119,16.72000000,35.87000000,599.74640000,1665284470735,True,True
39430120,16.72000000,89.71000000,1499.95120000,1665284470735,True,True
39430121,16.72000000,45.24000000,756.41280000,1665284470735,True,True
39430122,16.72000000,179.00000000,2992.88000000,1665284470735,True,True
39430123,16.72000000,20.19000000,337.57680000,1665284470735,True,True
39430124,16.72000000,121.18000000,2026.12960000,1665284470735,True,True
39430125,16.72000000,130.50000000,2181.96000000,1665284470735,True,True
39430126,16.72000000,1.46000000,24.41120000,1665284470735,True,True
39430127,16.72000000,143.60000000,2400.99200000,1665284470735,True,True
39430128,16.72000000,12.00000000,200.64000000,1665284470735,True,True
39430129,16.72000000,112.21000000,1876.15120000,1665284470735,True,True
39430130,16.72000000,16.81000000,281.06320000,1665284478466,True,True
39430131,16.72000000,9.52000000,159.17440000,1665284479510,True,True
39430132,16.72000000,50.98000000,852.38560000,1665284479510,True,True
39430133,16.72000000,43.08000000,720.29760000,1665284479510,True,True
39430134,16.72000000,2.97000000,49.65840000,1665284482836,True,True
39430135,16.72000000,35.87000000,599.74640000,1665284482836,True,True
39430136,16.72000000,64.74000000,1082.45280000,1665284482836,True,True
39430137,16.72000000,1.11000000,18.55920000,1665284485498,True,True
39430138,16.72000000,1.09000000,18.22480000,1665284485498,True,True
39430139,16.72000000,1.09000000,18.22480000,1665284485498,True,True
39430140,16.72000000,16.72000000,279.55840000,1665284485498,True,True
39430141,16.72000000,30.04000000,502.26880000,1665284485498,True,True
39430142,16.72000000,18.34000000,306.64480000,1665284486716,True,True
39430143,16.72000000,35.87000000,599.74640000,1665284486716,True,True
39430144,16.72000000,23.48000000,392.58560000,1665284486731,False,True
39430145,16.72000000,1.09000000,18.22480000,1665284503383,True,True
39430146,16.72000000,0.95000000,15.88400000,1665284503383,True,True
39430147,16.72000000,0.16000000,2.67520000,1665284508466,True,True
39430148,16.72000000,1.09000000,18.22480000,1665284508466,True,True
39430149,16.72000000,13.88000000,232.07360000,1665284508466,True,True
39430150,16.72000000,7.89000000,131.92080000,1665284511026,True,True
39430151,16.72000000,24.48000000,409.30560000,1665284511026,True,True
39430152,16.72000000,10.46000000,174.89120000,1665284538466,True,True
39430153,16.73000000,2.26000000,37.80980000,1665284573110,False,True
39430154,16.72000000,0.94000000,15.71680000,1665284573466,True,True
39430155,16.72000000,1.09000000,18.22480000,1665284573466,True,True
39430156,16.72000000,1.11000000,18.55920000,1665284573466,True,True
39430157,16.72000000,1.09000000,18.22480000,1665284573466,True,True
39430158,16.72000000,2.18000000,36.44960000,1665284573466,True,True
39430159,16.73000000,2.26000000,37.80980000,1665284577225,False,True
39430160,16.72000000,0.15000000,2.50800000,1665284589651,True,True
39430161,16.72000000,5.80000000,96.97600000,1665284589651,True,True
39430162,16.72000000,18.33000000,306.47760000,1665284589651,True,True
39430163,16.72000000,6.41000000,107.17520000,1665284598466,True,True
39430164,16.72000000,11.14000000,186.26080000,1665284598493,True,True
39430165,16.72000000,1.09000000,18.22480000,1665284598493,True,True
39430166,16.72000000,1.11000000,18.55920000,1665284598493,True,True
39430167,16.72000000,1.09000000,18.22480000,1665284598493,True,True
39430168,16.72000000,1.87000000,31.26640000,1665284598503,False,True
39430169,16.72000000,1.91000000,31.93520000,1665284598510,False,True
39430170,16.72000000,10.66000000,178.23520000,1665284605122,True,True
39430171,16.72000000,29.90000000,499.92800000,1665284605122,True,True
39430172,16.72000000,1.11000000,18.55920000,1665284605122,True,True
39430173,16.72000000,1.09000000,18.22480000,1665284605122,True,True
39430174,16.72000000,1.09000000,18.22480000,1665284605122,True,True
39430175,16.72000000,3.26000000,54.50720000,1665284605134,False,True
39430176,16.72000000,7.53000000,125.90160000,1665284605138,False,True
39430177,16.72000000,4.27000000,71.39440000,1665284623466,True,True
39430178,16.72000000,8.98000000,150.14560000,1665284623466,True,True
39430179,16.72000000,5.10000000,85.27200000,1665284658466,True,True
39430180,16.73000000,10.70000000,179.01100000,1665284669136,False,True
39430181,16.72000000,4.85000000,81.09200000,1665284683466,True,True
39430182,16.73000000,1.30000000,21.74900000,1665284684833,False,True
39430183,16.73000000,10.05000000,168.13650000,1665284684833,False,True
39430184,16.72000000,7.35000000,122.89200000,1665284708466,True,True
39430185,16.72000000,3.62000000,60.52640000,1665284718466,True,True
39430186,16.72000000,1.09000000,18.22480000,1665284718466,True,True
39430187,16.72000000,1.09000000,18.22480000,1665284718466,True,True
39430188,16.72000000,1.11000000,18.55920000,1665284718466,True,True
39430189,16.72000000,1.80000000,30.09600000,1665284718466,True,True
39430190,16.72000000,5.18000000,86.60960000,1665284758465,True,True
39430191,16.73000000,5.59000000,93.52070000,1665284761911,False,True
39430192,16.72000000,3.04000000,50.82880000,1665284778466,True,True
39430193,16.72000000,2.85000000,47.65200000,1665284808466,True,True
39430194,16.73000000,18.94000000,316.86620000,1665284813502,False,True
39430195,16.73000000,9.51000000,159.10230000,1665284831729,False,True
39430196,16.73000000,23.59000000,394.66070000,1665284831729,False,True
39430197,16.72000000,4.74000000,79.25280000,1665284838466,True,True
39430198,16.73000000,4.43000000,74.11390000,1665284841791,False,True
39430199,16.73000000,5.35000000,89.50550000,1665284842278,False,True
39430200,16.72000000,2.54000000,42.46880000,1665284878465,True,True
39430201,16.72000000,2.07000000,34.61040000,1665284898466,True,True
39430202,16.72000000,3.93000000,65.70960000,1665284918466,True,True
39430203,16.73000000,2.00000000,33.46000000,1665284929762,False,True
39430204,16.72000000,76.61000000,1280.91920000,1665284931840,True,True
39430205,16.72000000,3.81000000,63.70320000,1665284948466,True,True
39430206,16.72000000,2.21000000,36.95120000,1665284958466,True,True
39430207,16.72000000,3.21000000,53.67120000,1665284973465,True,True
39430208,16.73000000,1.84000000,30.78320000,1665284979762,False,True
39430209,16.73000000,1.77000000,29.61210000,1665284980654,False,True
39430210,16.72000000,3.73000000,62.36560000,1665285003466,True,True
39430211,16.72000000,5.27000000,88.11440000,1665285018466,True,True
39430212,16.72000000,10.00000000,167.20000000,1665285026693,True,True
39430213,16.73000000,13.83000000,231.37590000,1665285030481,False,True
39430214,16.73000000,1.88000000,31.45240000,1665285030650,False,True
39430215,16.73000000,12.10000000,202.43300000,1665285030716,False,True
39430216,16.72000000,3.84000000,64.20480000,1665285058466,True,True
39430217,16.72000000,11.94000000,199.63680000,1665285073015,True,True
39430218,16.72000000,2.83000000,47.31760000,1665285078480,True,True
39430219,16.73000000,3.00000000,50.19000000,1665285079661,False,True
39430220,16.72000000,4.53000000,75.74160000,1665285098466,True,True
39430221,16.73000000,12.22000000,204.44060000,1665285112033,False,True
39430222,16.73000000,1.68000000,28.10640000,1665285112033,False,True
39430223,16.72000000,4.58000000,76.57760000,1665285138481,True,True
39430224,16.72000000,2.48000000,41.46560000,1665285178466,True,True
39430225,16.72000000,2.31000000,38.62320000,1665285182478,True,True
39430226,16.72000000,2.77000000,46.31440000,1665285198474,True,True
39430227,16.73000000,0.90000000,15.05700000,1665285199103,False,True
39430228,16.73000000,1.36000000,22.75280000,1665285200080,False,True
39430229,16.73000000,7.60000000,127.14800000,1665285200126,False,True
39430230,16.73000000,0.90000000,15.05700000,1665285204107,False,True
39430231,16.72000000,0.23000000,3.84560000,1665285228466,True,True
39430232,16.72000000,3.29000000,55.00880000,1665285228466,True,True
39430233,16.72000000,2.51000000,41.96720000,1665285258465,True,True
39430234,16.72000000,2.02000000,33.77440000,1665285258465,True,True
39430235,16.72000000,2.50000000,41.80000000,1665285298466,True,True
39430236,16.73000000,4.78000000,79.96940000,1665285313724,False,True
39430237,16.73000000,38.24000000,639.75520000,1665285318142,False,True
39430238,16.72000000,1.87000000,31.26640000,1665285318466,True,True
39430239,16.72000000,1.93000000,32.26960000,1665285338465,True,True
39430240,16.72000000,0.79000000,13.20880000,1665285338465,True,True
39430241,16.73000000,1.39000000,23.25470000,1665285339082,False,True
39430242,16.73000000,2.26000000,37.80980000,1665285341176,False,True
39430243,16.73000000,0.90000000,15.05700000,1665285346483,False,True
39430244,16.73000000,12.09000000,202.26570000,1665285349298,False,True
39430245,16.73000000,0.90000000,15.05700000,1665285352320,False,True
39430246,16.73000000,1.36000000,22.75280000,1665285353753,False,True
39430247,16.72000000,29.11000000,486.71920000,1665285364644,True,True
39430248,16.72000000,15.03000000,251.30160000,1665285364644,True,True
39430249,16.72000000,0.65000000,10.86800000,1665285378465,True,True
39430250,16.72000000,3.32000000,55.51040000,1665285378465,True,True
39430251,16.72000000,23.93000000,400.10960000,1665285378704,True,True
39430252,16.72000000,3.30000000,55.17600000,1665285378704,True,True
39430253,16.72000000,3.76000000,62.86720000,1665285378704,True,True
39430254,16.72000000,4.11000000,68.71920000,1665285378704,True,True
39430255,16.72000000,3.82000000,63.87040000,1665285408465,True,True
39430256,16.72000000,3.26000000,54.50720000,1665285438465,True,True
39430257,16.72000000,2.74000000,45.81280000,1665285463465,True,True
39430258,16.73000000,2.97000000,49.68810000,1665285495493,False,True
39430259,16.73000000,5.97000000,99.87810000,1665285495702,False,True
39430260,16.72000000,3.95000000,66.04400000,1665285498465,True,True
39430261,16.72000000,3.54000000,59.18880000,1665285538465,True,True
39430262,16.72000000,2.67000000,44.64240000,1665285558465,True,True
39430263,16.73000000,2.26000000,37.80980000,1665285560841,False,True
39430264,16.73000000,2.26000000,37.80980000,1665285565614,False,True
39430265,16.72000000,3.86000000,64.53920000,1665285588465,True,True
39430266,16.72000000,2.51000000,41.96720000,1665285618465,True,True
39430267,16.73000000,2.26000000,37.80980000,1665285623671,False,True
39430268,16.73000000,29.76000000,497.88480000,1665285630532,False,True
39430269,16.72000000,4.41000000,73.73520000,1665285643465,True,True
39430270,16.73000000,1.25000000,20.91250000,1665285651034,False,True
39430271,16.72000000,4.10000000,68.55200000,1665285678465,True,True
39430272,16.72000000,0.68000000,11.36960000,1665285701210,True,True
39430273,16.72000000,0.50000000,8.36000000,1665285701210,True,True
39430274,16.72000000,2.85000000,47.65200000,1665285718465,True,True
39430275,16.72000000,4.39000000,73.40080000,1665285738465,True,True
39430276,16.72000000,3.70000000,61.86400000,1665285778465,True,True
39430277,16.73000000,3.54000000,59.22420000,1665285778865,False,True
39430278,16.72000000,1.50000000,25.08000000,1665285798465,True,True
39430279,16.72000000,1.94000000,32.43680000,1665285843465,True,True
39430280,16.72000000,2.62000000,43.80640000,1665285858465,True,True
39430281,16.73000000,1.01000000,16.89730000,1665285867020,False,True
39430282,16.72000000,3.95000000,66.04400000,1665285918465,True,True
39430283,16.73000000,1.36000000,22.75280000,1665285942890,False,True
39430284,16.73000000,0.90000000,15.05700000,1665285952447,False,True
39430285,16.72000000,1.52000000,25.41440000,1665285963465,True,True
39430286,16.72000000,2.49000000,41.63280000,1665285978466,True,True
39430287,16.73000000,6.60000000,110.41800000,1665285986746,False,True
39430288,16.72000000,1.43000000,23.90960000,1665286008467,True,True
39430289,16.72000000,1.48000000,24.74560000,1665286028465,True,True
39430290,16.72000000,2.82000000,47.15040000,1665286038465,True,True
39430291,16.72000000,3.63000000,60.69360000,1665286073465,True,True
39430292,16.72000000,1.64000000,27.42080000,1665286098465,True,True
39430293,16.72000000,2.25000000,37.62000000,1665286118465,True,True
39430294,16.72000000,3.62000000,60.52640000,1665286143465,True,True
39430295,16.72000000,5.07000000,84.77040000,1665286147639,True,True
39430296,16.72000000,10.00000000,167.20000000,1665286147639,True,True
39430297,16.72000000,23.60000000,394.59200000,1665286147639,True,True
39430298,16.72000000,5.80000000,96.97600000,1665286147639,True,True
39430299,16.72000000,45.48000000,760.42560000,1665286147639,True,True
39430300,16.72000000,79.42000000,1327.90240000,1665286147639,True,True
39430301,16.72000000,1.49000000,24.91280000,1665286154098,True,True
39430302,16.72000000,17.75000000,296.78000000,1665286154098,True,True
39430303,16.72000000,1.09000000,18.22480000,1665286158466,True,True
39430304,16.72000000,3.37000000,56.34640000,1665286158466,True,True
39430305,16.73000000,0.90000000,15.05700000,1665286180420,False,True
39430306,16.72000000,5.20000000,86.94400000,1665286198465,True,True
39430307,16.72000000,1.66000000,27.75520000,1665286218465,True,True
39430308,16.72000000,3.98000000,66.54560000,1665286238465,True,True
39430309,16.72000000,2.36000000,39.45920000,1665286248163,True,True
39430310,16.72000000,1.09000000,18.22480000,1665286248163,True,True
39430311,16.72000000,5.98000000,99.98560000,1665286248163,True,True
39430312,16.72000000,4.71000000,78.75120000,1665286248341,False,True
39430313,16.72000000,10.10000000,168.87200000,1665286269604,False,True
39430314,16.71000000,2.11000000,35.25810000,1665286278466,True,True
39430315,16.71000000,1.14000000,19.04940000,1665286278466,True,True
39430316,16.71000000,4.31000000,72.02010000,1665286289008,True,True
39430317,16.71000000,2.88000000,48.12480000,1665286318466,True,True
39430318,16.71000000,1.13000000,18.88230000,1665286338465,True,True
39430319,16.71000000,1.92000000,32.08320000,1665286353465,True,True
39430320,16.72000000,2.26000000,37.78720000,1665286359468,False,True
39430321,16.72000000,0.90000000,15.04800000,1665286361692,False,True
39430322,16.72000000,1.77000000,29.59440000,1665286362859,False,True
39430323,16.72000000,8.29000000,138.60880000,1665286363433,False,True
39430324,16.72000000,0.90000000,15.04800000,1665286366300,False,True
39430325,16.71000000,4.32000000,72.18720000,1665286366815,True,True
39430326,16.71000000,0.96000000,16.04160000,1665286366815,True,True
39430327,16.71000000,1.06000000,17.71260000,1665286366815,True,True
39430328,16.71000000,1.31000000,21.89010000,1665286366815,True,True
39430329,16.71000000,1.87000000,31.24770000,1665286366815,True,True
39430330,16.71000000,16.37000000,273.54270000,1665286366815,True,True
39430331,16.71000000,0.64000000,10.69440000,1665286366815,True,True
39430332,16.71000000,10.44000000,174.45240000,1665286366815,True,True
39430333,16.71000000,16.97000000,283.56870000,1665286366815,True,True
39430334,16.71000000,1.26000000,21.05460000,1665286366815,True,True
39430335,16.71000000,11.62000000,194.17020000,1665286366815,True,True
39430336,16.71000000,3.30000000,55.14300000,1665286366815,True,True
39430337,16.71000000,1.09000000,18.21390000,1665286366815,True,True
39430338,16.71000000,37.92000000,633.64320000,1665286366815,True,True
39430339,16.71000000,17.90000000,299.10900000,1665286366815,True,True
39430340,16.71000000,0.63000000,10.52730000,1665286366821,True,True
39430341,16.72000000,1.39000000,23.24080000,1665286368981,False,True
39430342,16.71000000,11.38000000,190.15980000,1665286369514,True,True
39430343,16.71000000,15.04000000,251.31840000,1665286369514,True,True
39430344,16.71000000,16.03000000,267.86130000,1665286369514,True,True
39430345,16.72000000,2.26000000,37.78720000,1665286373465,False,True
39430346,16.72000000,0.90000000,15.04800000,1665286376618,False,True
39430347,16.71000000,3.16000000,52.80360000,1665286383465,True,True
39430348,16.71000000,2.86000000,47.79060000,1665286398466,True,True
39430349,16.71000000,12.64000000,211.21440000,1665286402338,True,True
39430350,16.71000000,1.66000000,27.73860000,1665286433465,True,True
39430351,16.71000000,0.12000000,2.00520000,1665286458466,True,True
39430352,16.71000000,1.09000000,18.21390000,1665286458466,True,True
39430353,16.70000000,0.85000000,14.19500000,1665286458466,True,True
39430354,16.71000000,14.36000000,239.95560000,1665286458514,False,True
39430355,16.71000000,37.27000000,622.78170000,1665286458572,False,True
39430356,16.71000000,52.27000000,873.43170000,1665286470947,True,True
39430357,16.71000000,2.26000000,37.76460000,1665286470961,False,True
39430358,16.71000000,2.26000000,37.76460000,1665286470967,False,True
39430359,16.71000000,2.26000000,37.76460000,1665286471002,False,True
39430360,16.71000000,4.07000000,68.00970000,1665286471037,False,True
39430361,16.71000000,6.33000000,105.77430000,1665286471417,False,True
39430362,16.71000000,4.07000000,68.00970000,1665286471486,False,True
39430363,16.71000000,1.28000000,21.38880000,1665286471545,False,True
39430364,16.71000000,7.40000000,123.65400000,1665286471603,False,True
39430365,16.71000000,5.35000000,89.39850000,1665286471665,False,True
39430366,16.71000000,4.07000000,68.00970000,1665286471729,False,True
