39807117,16.31000000,3.35000000,54.63850000,1666569600288,False,True
39807118,16.32000000,1.22000000,19.91040000,1666569602613,False,True
39807119,16.32000000,6.13000000,100.04160000,1666569603785,False,True
39807120,16.32000000,6.13000000,100.04160000,1666569604019,False,True
39807121,16.32000000,3.07000000,50.10240000,1666569607075,False,True
39807122,16.31000000,1.43000000,23.32330000,1666569608503,True,True
39807123,16.32000000,13.99000000,228.31680000,1666569610997,False,True
39807124,16.32000000,0.98000000,15.99360000,1666569614177,False,True
39807125,16.32000000,3.76000000,61.36320000,1666569614177,False,True
39807126,16.32000000,3.30000000,53.85600000,1666569614177,False,True
39807127,16.33000000,1.02000000,16.65660000,1666569624811,False,True
39807128,16.33000000,6.81000000,111.20730000,1666569624811,False,True
39807129,16.33000000,7.37000000,120.35210000,1666569624811,False,True
39807130,16.33000000,12.33000000,201.34890000,1666569625312,False,True
39807131,16.33000000,12.26000000,200.20580000,1666569625314,False,True
39807132,16.32000000,44.52000000,726.56640000,1666569628338,True,True
39807133,16.32000000,14.04000000,229.13280000,1666569628338,True,True
39807134,16.32000000,5.06000000,82.57920000,1666569628338,True,True
39807135,16.32000000,1.09000000,17.78880000,1666569628338,True,True
39807136,16.32000000,1.09000000,17.78880000,1666569628338,True,True
39807137,16.32000000,1.09000000,17.78880000,1666569628338,True,True
39807138,16.32000000,1.09000000,17.78880000,1666569628338,True,True
39807139,16.32000000,58.13000000,948.68160000,1666569628338,True,True
39807140,16.32000000,22.06000000,360.01920000,1666569628338,True,True
39807141,16.32000000,10.53000000,171.84960000,1666569628368,False,True
39807142,16.31000000,14.04000000,228.99240000,1666569633505,True,True
39807143,16.31000000,2.85000000,46.48350000,1666569633505,True,True
39807144,16.31000000,3.30000000,53.82300000,1666569633683,True,True
39807145,16.31000000,2.77000000,45.17870000,1666569633683,True,True
39807146,16.31000000,7.47000000,121.83570000,1666569633683,True,True
39807147,16.31000000,4.80000000,78.28800000,1666569633737,True,True
39807148,16.31000000,1.09000000,17.77790000,1666569633737,True,True
39807149,16.31000000,1.09000000,17.77790000,1666569633737,True,True
39807150,16.31000000,1.09000000,17.77790000,1666569633737,True,True
39807151,16.30000000,1.31000000,21.35300000,1666569638203,True,True
39807152,16.31000000,6.13000000,99.98030000,1666569654826,True,True
39807153,16.31000000,17.86000000,291.29660000,1666569661001,False,True
39807154,16.30000000,0.93000000,15.15900000,1666569663077,True,True
39807155,16.31000000,6.72000000,109.60320000,1666569668605,True,True
39807156,16.31000000,10.14000000,165.38340000,1666569669094,False,True
39807157,16.31000000,10.00000000,163.10000000,1666569670114,True,True
39807158,16.33000000,16.62000000,271.40460000,1666569678488,False,True
39807159,16.33000000,0.98000000,16.00340000,1666569678488,False,True
39807160,16.33000000,9.26000000,151.21580000,1666569678488,False,True
39807161,16.33000000,6.61000000,107.94130000,1666569678498,False,True
39807162,16.33000000,3.76000000,61.40080000,1666569678498,False,True
39807163,16.33000000,3.30000000,53.88900000,1666569678498,False,True
39807164,16.33000000,9.77000000,159.54410000,1666569678498,False,True
39807165,16.33000000,0.17000000,2.77610000,1666569678498,False,True
39807166,16.33000000,2.60000000,42.45800000,1666569680100,False,True
39807167,16.33000000,1.83000000,29.88390000,1666569680100,False,True
39807168,16.33000000,0.03000000,0.48990000,1666569680819,False,True
39807169,16.33000000,2.40000000,39.19200000,1666569680819,False,True
39807170,16.33000000,25.68000000,419.35440000,1666569688806,False,True
39807171,16.33000000,1.55000000,25.31150000,1666569688806,False,True
39807172,16.34000000,3.30000000,53.92200000,1666569691968,False,True
39807173,16.34000000,3.76000000,61.43840000,1666569691968,False,True
39807174,16.34000000,46.32000000,756.86880000,1666569695527,True,True
39807175,16.33000000,3.84000000,62.70720000,1666569695627,True,True
39807176,16.34000000,15.89000000,259.64260000,1666569703187,True,True
39807177,16.34000000,46.47000000,759.31980000,1666569726069,True,True
39807178,16.34000000,23.72000000,387.58480000,1666569732136,True,True
39807179,16.34000000,39.56000000,646.41040000,1666569747772,True,True
39807180,16.34000000,5.44000000,88.88960000,1666569747772,True,True
39807181,16.34000000,29.90000000,488.56600000,1666569747772,True,True
39807182,16.34000000,44.89000000,733.50260000,1666569747772,True,True
39807183,16.34000000,7.04000000,115.03360000,1666569747772,True,True
39807184,16.34000000,10.14000000,165.68760000,1666569747772,True,True
39807185,16.33000000,2.76000000,45.07080000,1666569764627,True,True
39807186,16.33000000,1.09000000,17.79970000,1666569764627,True,True
39807187,16.33000000,1.09000000,17.79970000,1666569764627,True,True
39807188,16.33000000,1.09000000,17.79970000,1666569764627,True,True
39807189,16.33000000,1.09000000,17.79970000,1666569764627,True,True
39807190,16.33000000,20.11000000,328.39630000,1666569764627,True,True
39807191,16.33000000,12.27000000,200.36910000,1666569765342,True,True
39807192,16.33000000,0.62000000,10.12460000,1666569765342,True,True
39807193,16.33000000,1.22000000,19.92260000,1666569767174,False,True
39807194,16.33000000,29.90000000,488.26700000,1666569778098,False,True
39807195,16.33000000,2.89000000,47.19370000,1666569778098,False,True
39807196,16.33000000,5.94000000,97.00020000,1666569778098,False,True
39807197,16.33000000,5.97000000,97.49010000,1666569778098,False,True
39807198,16.33000000,6.18000000,100.91940000,1666569778099,False,True
39807199,16.33000000,30.63000000,500.18790000,1666569778099,False,True
39807200,16.33000000,24.10000000,393.55300000,1666569778101,False,True
39807201,16.33000000,3.40000000,55.52200000,1666569778106,False,True
39807202,16.33000000,30.46000000,497.41180000,1666569778106,False,True
39807203,16.33000000,12.24000000,199.87920000,1666569780300,True,True
39807204,16.33000000,1.09000000,17.79970000,1666569780300,True,True
39807205,16.33000000,1.09000000,17.79970000,1666569780300,True,True
39807206,16.33000000,1.09000000,17.79970000,1666569780300,True,True
39807207,16.33000000,1.09000000,17.79970000,1666569780300,True,True
39807208,16.33000000,8.06000000,131.61980000,1666569780300,True,True
39807209,16.32000000,1.91000000,31.17120000,1666569780300,True,True
39807210,16.34000000,2.53000000,41.34020000,1666569781266,False,True
39807211,16.34000000,2.86000000,46.73240000,1666569781266,False,True
39807212,16.34000000,10.90000000,178.10600000,1666569781266,False,True
39807213,16.34000000,96.79000000,1581.54860000,1666569802182,False,True
39807214,16.34000000,37.19000000,607.68460000,1666569802197,False,True
39807215,16.35000000,1.35000000,22.07250000,1666569803546,False,True
39807216,16.35000000,0.98000000,16.02300000,1666569803546,False,True
39807217,16.35000000,3.30000000,53.95500000,1666569803546,False,True
39807218,16.35000000,3.76000000,61.47600000,1666569803546,False,True
39807219,16.35000000,10.00000000,163.50000000,1666569803546,False,True
39807220,16.35000000,6.77000000,110.68950000,1666569803546,False,True
39807221,16.35000000,4.93000000,80.60550000,1666569803547,False,True
39807222,16.35000000,1.95000000,31.88250000,1666569803547,False,True
39807223,16.35000000,10.17000000,166.27950000,1666569803978,True,True
39807224,16.35000000,18.31000000,299.36850000,1666569804227,True,True
39807225,16.36000000,3.06000000,50.06160000,1666569804409,False,True
39807226,16.36000000,10.71000000,175.21560000,1666569804409,False,True
39807227,16.36000000,3.05000000,49.89800000,1666569804409,False,True
39807228,16.36000000,5.30000000,86.70800000,1666569804409,False,True
39807229,16.36000000,1.63000000,26.66680000,1666569804409,False,True
39807230,16.36000000,38.36000000,627.56960000,1666569804409,False,True
39807231,16.35000000,2.10000000,34.33500000,1666569806477,True,True
39807232,16.35000000,1.41000000,23.05350000,1666569808343,True,True
39807233,16.35000000,3.76000000,61.47600000,1666569813687,True,True
39807234,16.35000000,3.30000000,53.95500000,1666569813687,True,True
39807235,16.35000000,9.18000000,150.09300000,1666569830493,False,True
39807236,16.35000000,3.94000000,64.41900000,1666569830493,False,True
39807237,16.35000000,8.36000000,136.68600000,1666569831763,False,True
39807238,16.35000000,10.50000000,171.67500000,1666569831880,True,True
39807239,16.36000000,3.30000000,53.98800000,1666569832667,False,True
39807240,16.36000000,3.76000000,61.51360000,1666569832667,False,True
39807241,16.36000000,2.34000000,38.28240000,1666569832738,True,True
39807242,16.36000000,2.34000000,38.28240000,1666569838331,True,True
39807243,16.36000000,42.24000000,691.04640000,1666569852691,True,True
39807244,16.36000000,29.90000000,489.16400000,1666569852691,True,True
39807245,16.36000000,3.02000000,49.40720000,1666569852691,True,True
39807246,16.36000000,1.09000000,17.83240000,1666569852691,True,True
39807247,16.36000000,1.09000000,17.83240000,1666569852691,True,True
39807248,16.35000000,29.90000000,488.86500000,1666569856997,True,True
39807249,16.35000000,2.43000000,39.73050000,1666569856997,True,True
39807250,16.35000000,8.28000000,135.37800000,1666569856997,True,True
39807251,16.35000000,12.27000000,200.61450000,1666569856997,True,True
39807252,16.35000000,3.30000000,53.95500000,1666569856997,True,True
39807253,16.35000000,3.76000000,61.47600000,1666569856997,True,True
39807254,16.35000000,0.67000000,10.95450000,1666569856997,True,True
39807255,16.35000000,10.71000000,175.10850000,1666569856997,True,True
39807256,16.35000000,1.09000000,17.82150000,1666569856997,True,True
39807257,16.35000000,1.09000000,17.82150000,1666569856997,True,True
39807258,16.36000000,29.90000000,489.16400000,1666569872069,False,True
39807259,16.36000000,29.90000000,489.16400000,1666569872069,False,True
39807260,16.36000000,3.30000000,53.98800000,1666569872069,False,True
39807261,16.36000000,3.76000000,61.51360000,1666569872069,False,True
39807262,16.36000000,6.20000000,101.43200000,1666569872069,False,True
39807263,16.36000000,15.50000000,253.58000000,1666569872069,False,True
39807264,16.36000000,12.30000000,201.22800000,1666569872069,False,True
39807265,16.36000000,2.34000000,38.28240000,1666569872175,True,True
39807266,16.36000000,29.90000000,489.16400000,1666569884876,True,True
39807267,16.36000000,1.09000000,17.83240000,1666569884876,True,True
39807268,16.36000000,1.09000000,17.83240000,1666569884876,True,True
39807269,16.36000000,1.09000000,17.83240000,1666569884876,True,True
39807270,16.36000000,1.09000000,17.83240000,1666569884876,True,True
39807271,16.36000000,1.04000000,17.01440000,1666569888883,False,True
39807272,16.36000000,9.10000000,148.87600000,1666569889483,False,True
39807273,16.36000000,19.30000000,315.74800000,1666569889483,False,True
39807274,16.36000000,4.61000000,75.41960000,1666569889515,False,True
39807275,16.36000000,6.20000000,101.43200000,1666569889515,False,True
39807276,16.36000000,1.05000000,17.17800000,1666569898599,True,True
39807277,16.37000000,0.71000000,11.62270000,1666569913340,False,True
39807278,16.37000000,0.29000000,4.74730000,1666569913340,False,True
39807279,16.37000000,0.69000000,11.29530000,1666569913340,False,True
39807280,16.37000000,2.93000000,47.96410000,1666569913340,False,True
39807281,16.37000000,10.14000000,165.99180000,1666569913340,False,True
39807282,16.37000000,43.26000000,708.16620000,1666569913340,False,True
39807283,16.37000000,6.20000000,101.49400000,1666569932381,False,True
39807284,16.37000000,1.31000000,21.44470000,1666569933938,True,True
39807285,16.37000000,1.81000000,29.62970000,1666569933938,True,True
39807286,16.37000000,1.64000000,26.84680000,1666569933941,True,True
39807287,16.37000000,1.40000000,22.91800000,1666569934606,True,True
39807288,16.37000000,1.42000000,23.24540000,1666569936936,True,True
39807289,16.37000000,1.81000000,29.62970000,1666569936938,True,True
39807290,16.37000000,1.27000000,20.78990000,1666569936938,True,True
39807291,16.37000000,1.66000000,27.17420000,1666569937605,True,True
39807292,16.38000000,0.67000000,10.97460000,1666569939807,False,True
39807293,16.38000000,1.34000000,21.94920000,1666569939807,False,True
39807294,16.38000000,0.67000000,10.97460000,1666569939807,False,True
39807295,16.38000000,0.69000000,11.30220000,1666569939807,False,True
39807296,16.38000000,0.70000000,11.46600000,1666569939807,False,True
39807297,16.38000000,0.97000000,15.88860000,1666569939807,False,True
39807298,16.38000000,3.30000000,54.05400000,1666569939807,False,True
39807299,16.38000000,1.63000000,26.69940000,1666569939807,False,True
39807300,16.38000000,3.76000000,61.58880000,1666569939807,False,True
39807301,16.38000000,10.17000000,166.58460000,1666569940080,True,True
39807302,16.38000000,2.56000000,41.93280000,1666569940132,True,True
39807303,16.38000000,2.00000000,32.76000000,1666569941910,True,True
39807304,16.39000000,1.05000000,17.20950000,1666569943382,False,True
39807305,16.38000000,53.04000000,868.79520000,1666569945853,True,True
39807306,16.38000000,3.75000000,61.42500000,1666569945853,True,True
39807307,16.39000000,1.13000000,18.52070000,1666569947519,False,True
39807308,16.39000000,1.85000000,30.32150000,1666569947519,False,True
39807309,16.39000000,3.00000000,49.17000000,1666569947519,False,True
39807310,16.39000000,1.89000000,30.97710000,1666569948585,False,True
39807311,16.39000000,10.61000000,173.89790000,1666569948777,False,True
39807312,16.39000000,3.30000000,54.08700000,1666569948777,False,True
39807313,16.39000000,3.76000000,61.62640000,1666569948777,False,True
39807314,16.39000000,2.34000000,38.35260000,1666569949491,True,True
39807315,16.39000000,2.16000000,35.40240000,1666569955870,False,True
39807316,16.38000000,0.67000000,10.97460000,1666569961106,True,True
39807317,16.38000000,2.93000000,47.99340000,1666569961106,True,True
39807318,16.38000000,17.16000000,281.08080000,1666569961106,True,True
39807319,16.38000000,3.30000000,54.05400000,1666569961106,True,True
39807320,16.38000000,10.36000000,169.69680000,1666569961106,True,True
39807321,16.38000000,1.09000000,17.85420000,1666569961106,True,True
39807322,16.38000000,1.09000000,17.85420000,1666569961106,True,True
39807323,16.38000000,1.09000000,17.85420000,1666569961106,True,True
39807324,16.38000000,1.09000000,17.85420000,1666569961106,True,True
39807325,16.38000000,5.37000000,87.96060000,1666569961137,True,True
39807326,16.38000000,5.13000000,84.02940000,1666569961327,False,True
39807327,16.38000000,15.95000000,261.26100000,1666569964217,False,True
39807328,16.38000000,8.48000000,138.90240000,1666569964219,False,True
39807329,16.38000000,2.93000000,47.99340000,1666569964219,False,True
39807330,16.38000000,24.43000000,400.16340000,1666569964219,False,True
39807331,16.38000000,0.20000000,3.27600000,1666569964219,False,True
39807332,16.38000000,24.23000000,396.88740000,1666569964219,False,True
39807333,16.38000000,24.43000000,400.16340000,1666569964219,False,True
39807334,16.38000000,8.68000000,142.17840000,1666569964219,False,True
39807335,16.38000000,15.74000000,257.82120000,1666569964226,False,True
39807336,16.38000000,1.04000000,17.03520000,1666569974542,True,True
39807337,16.39000000,1.05000000,17.20950000,1666569975092,False,True
39807338,16.39000000,5.88000000,96.37320000,1666569976141,False,True
39807339,16.39000000,2.59000000,42.45010000,1666569976141,False,True
39807340,16.39000000,17.15000000,281.08850000,1666569976141,False,True
39807341,16.39000000,0.21000000,3.44190000,1666569976141,False,True
39807342,16.39000000,2.90000000,47.53100000,1666569976144,False,True
39807343,16.39000000,4.43000000,72.60770000,1666569976144,False,True
39807344,16.39000000,2.34000000,38.35260000,1666569976254,True,True
39807345,16.39000000,6.60000000,108.17400000,1666569976304,True,True
39807346,16.40000000,2.44000000,40.01600000,1666569981401,False,True
39807347,16.40000000,1.34000000,21.97600000,1666569981401,False,True
39807348,16.40000000,1.63000000,26.73200000,1666569981401,False,True
39807349,16.40000000,1.91000000,31.32400000,1666569981401,False,True
39807350,16.40000000,1.51000000,24.76400000,1666569981401,False,True
39807351,16.39000000,48.24000000,790.65360000,1666569987661,True,True
39807352,16.39000000,16.50000000,270.43500000,1666569987661,True,True
39807353,16.39000000,1.09000000,17.86510000,1666569991263,True,True
39807354,16.39000000,1.09000000,17.86510000,1666569991263,True,True
39807355,16.39000000,7.96000000,130.46440000,1666569991263,True,True
39807356,16.39000000,9.63000000,157.83570000,1666570005108,True,True
39807357,16.39000000,136.26000000,2233.30140000,1666570005108,True,True
39807358,16.39000000,8.60000000,140.95400000,1666570005108,True,True
39807359,16.39000000,1.03000000,16.88170000,1666570005118,True,True
39807360,16.38000000,1.04000000,17.03520000,1666570018784,True,True
39807361,16.38000000,1.89000000,30.95820000,1666570018784,True,True
39807362,16.38000000,1.39000000,22.76820000,1666570018784,True,True
39807363,16.38000000,22.51000000,368.71380000,1666570023026,True,True
39807364,16.38000000,10.71000000,175.42980000,1666570023026,True,True
39807365,16.38000000,12.27000000,200.98260000,1666570023026,True,True
39807366,16.38000000,1.09000000,17.85420000,1666570023026,True,True
39807367,16.38000000,1.09000000,17.85420000,1666570023026,True,True
39807368,16.38000000,1.09000000,17.85420000,1666570023026,True,True
39807369,16.38000000,1.09000000,17.85420000,1666570023026,True,True
39807370,16.38000000,58.20000000,953.31600000,1666570023026,True,True
39807371,16.37000000,0.98000000,16.04260000,1666570027802,True,True
39807372,16.37000000,12.27000000,200.85990000,1666570027802,True,True
39807373,16.37000000,0.67000000,10.96790000,1666570027802,True,True
39807374,16.37000000,3.30000000,54.02100000,1666570027802,True,True
39807375,16.37000000,10.71000000,175.32270000,1666570027802,True,True
39807376,16.37000000,8.79000000,143.89230000,1666570027802,True,True
39807377,16.37000000,28.59000000,468.01830000,1666570027821,True,True
39807378,16.37000000,5.03000000,82.34110000,1666570027829,True,True
39807379,16.37000000,3.76000000,61.55120000,1666570027829,True,True
39807380,16.37000000,40.40000000,661.34800000,1666570046218,False,True
39807381,16.37000000,29.95000000,490.28150000,1666570046218,False,True
39807382,16.37000000,3.67000000,60.07790000,1666570046218,False,True
39807383,16.38000000,0.98000000,16.05240000,1666570082883,False,True
39807384,16.38000000,18.42000000,301.71960000,1666570082883,False,True
39807385,16.37000000,63.16000000,1033.92920000,1666570091328,True,True
39807386,16.37000000,43.40000000,710.45800000,1666570091331,True,True
39807387,16.37000000,59.66000000,976.63420000,1666570091339,True,True
39807388,16.37000000,17.04000000,278.94480000,1666570091341,True,True
39807389,16.37000000,0.98000000,16.04260000,1666570091341,True,True
39807390,16.37000000,18.02000000,294.98740000,1666570091341,True,True
39807391,16.37000000,53.03000000,868.10110000,1666570091344,True,True
39807392,16.37000000,42.97000000,703.41890000,1666570091360,True,True
39807393,16.37000000,117.12000000,1917.25440000,1666570091368,True,True
39807394,16.37000000,17.13000000,280.41810000,1666570097635,False,True
39807395,16.37000000,44.70000000,731.73900000,1666570120279,True,True
39807396,16.38000000,2.29000000,37.51020000,1666570120293,False,True
39807397,16.37000000,138.45000000,2266.42650000,1666570120294,True,True
39807398,16.37000000,36.75000000,601.59750000,1666570120294,True,True
39807399,16.37000000,17.13000000,280.41810000,1666570120305,True,True
39807400,16.37000000,0.67000000,10.96790000,1666570123845,False,True
39807401,16.37000000,56.37000000,922.77690000,1666570136868,False,True
39807402,16.37000000,157.18000000,2573.03660000,1666570136868,False,True
39807403,16.37000000,7.94000000,129.97780000,1666570140413,True,True
39807404,16.38000000,85.29000000,1397.05020000,1666570148594,False,True
39807405,16.38000000,2.37000000,38.82060000,1666570148594,False,True
39807406,16.38000000,0.98000000,16.05240000,1666570148594,False,True
39807407,16.38000000,15.87000000,259.95060000,1666570148594,False,True
39807408,16.38000000,203.66000000,3335.95080000,1666570148594,False,True
39807409,16.38000000,1.09000000,17.85420000,1666570148594,False,True
39807410,16.38000000,1.09000000,17.85420000,1666570148594,False,True
39807411,16.38000000,57.03000000,934.15140000,1666570148594,False,True
39807412,16.38000000,161.62000000,2647.33560000,1666570148594,False,True
39807413,16.38000000,14.70000000,240.78600000,1666570148594,False,True
39807414,16.39000000,16.50000000,270.43500000,1666570148594,False,True
39807415,16.39000000,49.92000000,818.18880000,1666570148594,False,True
39807416,16.38000000,7.94000000,130.05720000,1666570157850,False,True
39807417,16.38000000,27.59000000,451.92420000,1666570157850,False,True
39807418,16.38000000,40.52000000,663.71760000,1666570157852,False,True
39807419,16.38000000,6.71000000,109.90980000,1666570157857,False,True
39807420,16.38000000,2.70000000,44.22600000,1666570157857,False,True
39807421,16.38000000,15.84000000,259.45920000,1666570157862,False,True
39807422,16.38000000,18.28000000,299.42640000,1666570157862,False,True
39807423,16.38000000,35.54000000,582.14520000,1666570157862,False,True
39807424,16.38000000,7.69000000,125.96220000,1666570157864,False,True
39807425,16.38000000,1.09000000,17.85420000,1666570157874,False,True
39807426,16.38000000,1.11000000,18.18180000,1666570157874,False,True
39807427,16.38000000,15.93000000,260.93340000,1666570157874,False,True
39807428,16.38000000,15.82000000,259.13160000,1666570157926,False,True
39807429,16.38000000,10.50000000,171.99000000,1666570158213,True,True
39807430,16.38000000,2.34000000,38.32920000,1666570159742,True,True
39807431,16.38000000,3.01000000,49.30380000,1666570159854,True,True
39807432,16.38000000,3.82000000,62.57160000,1666570159854,True,True
39807433,16.38000000,6.67000000,109.25460000,1666570161366,True,True
39807434,16.38000000,13.33000000,218.34540000,1666570161366,True,True
39807435,16.38000000,6.43000000,105.32340000,1666570162159,True,True
39807436,16.37000000,6.41000000,104.93170000,1666570162200,True,True
39807437,16.39000000,3.30000000,54.08700000,1666570194651,False,True
39807438,16.39000000,3.76000000,61.62640000,1666570194651,False,True
39807439,16.39000000,14.94000000,244.86660000,1666570194651,False,True
39807440,16.39000000,1.09000000,17.86510000,1666570194651,False,True
39807441,16.40000000,4.00000000,65.60000000,1666570197330,False,True
39807442,16.40000000,1.24000000,20.33600000,1666570197330,False,True
39807443,16.40000000,0.38000000,6.23200000,1666570197330,False,True
39807444,16.40000000,0.62000000,10.16800000,1666570197331,False,True
39807445,16.40000000,0.72000000,11.80800000,1666570197331,False,True
39807446,16.40000000,1.00000000,16.40000000,1666570197331,False,True
39807447,16.40000000,8.14000000,133.49600000,1666570197331,False,True
39807448,16.40000000,0.97000000,15.90800000,1666570197331,False,True
39807449,16.40000000,2.93000000,48.05200000,1666570197331,False,True
39807450,16.40000000,2.77000000,45.42800000,1666570197331,False,True
39807451,16.40000000,24.14000000,395.89600000,1666570197331,False,True
39807452,16.40000000,42.90000000,703.56000000,1666570197332,False,True
39807453,16.40000000,6.66000000,109.22400000,1666570197332,False,True
39807454,16.40000000,4.73000000,77.57200000,1666570197333,False,True
39807455,16.40000000,4.69000000,76.91600000,1666570197333,False,True
39807456,16.40000000,10.01000000,164.16400000,1666570197333,False,True
39807457,16.40000000,42.82000000,702.24800000,1666570197333,False,True
39807458,16.40000000,42.82000000,702.24800000,1666570197333,False,True
39807459,16.40000000,3.30000000,54.12000000,1666570197333,False,True
39807460,16.41000000,1.86000000,30.52260000,1666570197334,False,True
39807461,16.41000000,150.10000000,2463.14100000,1666570197334,False,True
39807462,16.41000000,77.64000000,1274.07240000,1666570197334,False,True
39807463,16.41000000,10.71000000,175.75110000,1666570197334,False,True
39807464,16.41000000,60.70000000,996.08700000,1666570197334,False,True
39807465,16.41000000,12.27000000,201.35070000,1666570197334,False,True
39807466,16.41000000,113.94000000,1869.75540000,1666570197334,False,True
39807467,16.41000000,13.35000000,219.07350000,1666570197334,False,True
39807468,16.41000000,93.44000000,1533.35040000,1666570197334,False,True
39807469,16.41000000,79.33000000,1301.80530000,1666570197334,False,True
39807470,16.41000000,20.00000000,328.20000000,1666570197334,False,True
39807471,16.41000000,3.05000000,50.05050000,1666570197334,False,True
39807472,16.41000000,1.63000000,26.74830000,1666570197334,False,True
39807473,16.42000000,1.34000000,22.00280000,1666570197341,False,True
39807474,16.42000000,3.41000000,55.99220000,1666570197341,False,True
39807475,16.42000000,0.65000000,10.67300000,1666570197341,False,True
39807476,16.42000000,0.63000000,10.34460000,1666570197341,False,True
39807477,16.42000000,126.70000000,2080.41400000,1666570197341,False,True
39807478,16.42000000,0.97000000,15.92740000,1666570197341,False,True
39807479,16.42000000,10.71000000,175.85820000,1666570197341,False,True
39807480,16.42000000,20.94000000,343.83480000,1666570197341,False,True
39807481,16.42000000,0.67000000,11.00140000,1666570197341,False,True
39807482,16.42000000,0.61000000,10.01620000,1666570197341,False,True
39807483,16.42000000,46.91000000,770.26220000,1666570197341,False,True
39807484,16.42000000,4.01000000,65.84420000,1666570197341,False,True
39807485,16.42000000,398.05000000,6535.98100000,1666570197341,False,True
39807486,16.42000000,61.81000000,1014.92020000,1666570197341,False,True
39807487,16.42000000,12.27000000,201.47340000,1666570197341,False,True
39807488,16.43000000,2.70000000,44.36100000,1666570197342,False,True
39807489,16.43000000,0.75000000,12.32250000,1666570197342,False,True
39807490,16.43000000,0.70000000,11.50100000,1666570197342,False,True
39807491,16.43000000,1.22000000,20.04460000,1666570197342,False,True
39807492,16.43000000,3.78000000,62.10540000,1666570197342,False,True
39807493,16.43000000,0.92000000,15.11560000,1666570197342,False,True
39807494,16.43000000,2.43000000,39.92490000,1666570197342,False,True
39807495,16.43000000,10.25000000,168.40750000,1666570197342,False,True
39807496,16.43000000,0.67000000,11.00810000,1666570197342,False,True
39807497,16.43000000,0.33000000,5.42190000,1666570197342,False,True
39807498,16.43000000,5.81000000,95.45830000,1666570197343,False,True
39807499,16.43000000,2.90000000,47.64700000,1666570197343,False,True
39807500,16.43000000,9.53000000,156.57790000,1666570197345,False,True
39807501,16.43000000,8.82000000,144.91260000,1666570197345,False,True
39807502,16.43000000,11.75000000,193.05250000,1666570197346,False,True
39807503,16.41000000,188.84000000,3098.86440000,1666570197346,True,True
39807504,16.43000000,8.80000000,144.58400000,1666570197347,False,True
39807505,16.43000000,6.29000000,103.34470000,1666570197349,False,True
39807506,16.43000000,1.00000000,16.43000000,1666570197349,False,True
39807507,16.42000000,11.50000000,188.83000000,1666570197355,False,True
39807508,16.42000000,11.39000000,187.02380000,1666570197355,False,True
39807509,16.42000000,51.72000000,849.24240000,1666570197363,False,True
39807510,16.42000000,20.00000000,328.40000000,1666570197363,False,True
39807511,16.43000000,26.25000000,431.28750000,1666570197363,False,True
39807512,16.43000000,37.94000000,623.35420000,1666570197363,False,True
39807513,16.43000000,27.25000000,447.71750000,1666570197366,False,True
39807514,16.43000000,25.74000000,422.90820000,1666570197376,False,True
39807515,16.42000000,11.10000000,182.26200000,1666570197388,True,True
39807516,16.43000000,25.98000000,426.85140000,1666570197391,False,True
39807517,16.42000000,72.48000000,1190.12160000,1666570197413,True,True
39807518,16.42000000,4.26000000,69.94920000,1666570197420,True,True
39807519,16.43000000,1.00000000,16.43000000,1666570197429,False,True
39807520,16.43000000,20.00000000,328.60000000,1666570197435,False,True
39807521,16.44000000,0.69000000,11.34360000,1666570197435,False,True
39807522,16.44000000,1.23000000,20.22120000,1666570197435,False,True
39807523,16.44000000,1.65000000,27.12600000,1666570197435,False,True
39807524,16.44000000,1.75000000,28.77000000,1666570197435,False,True
39807525,16.44000000,1.56000000,25.64640000,1666570197435,False,True
39807526,16.44000000,2.37000000,38.96280000,1666570197435,False,True
39807527,16.44000000,1.36000000,22.35840000,1666570197435,False,True
39807528,16.44000000,0.71000000,11.67240000,1666570197435,False,True
39807529,16.44000000,0.71000000,11.67240000,1666570197435,False,True
39807530,16.44000000,0.76000000,12.49440000,1666570197435,False,True
39807531,16.44000000,0.91000000,14.96040000,1666570197435,False,True
39807532,16.44000000,0.71000000,11.67240000,1666570197435,False,True
39807533,16.44000000,15.84000000,260.40960000,1666570197435,False,True
39807534,16.44000000,6.08000000,99.95520000,1666570197435,False,True
39807535,16.44000000,0.93000000,15.28920000,1666570197435,False,True
39807536,16.44000000,3.07000000,50.47080000,1666570197435,False,True
39807537,16.44000000,1.00000000,16.44000000,1666570197435,False,True
39807538,16.44000000,2.15000000,35.34600000,1666570197435,False,True
39807539,16.44000000,0.97000000,15.94680000,1666570197435,False,True
39807540,16.44000000,0.69000000,11.34360000,1666570197435,False,True
39807541,16.44000000,183.91000000,3023.48040000,1666570197435,False,True
39807542,16.44000000,16.08000000,264.35520000,1666570197435,False,True
39807543,16.44000000,38.00000000,624.72000000,1666570197435,False,True
39807544,16.44000000,6.09000000,100.11960000,1666570197438,False,True
39807545,16.42000000,79.02000000,1297.50840000,1666570197442,True,True
39807546,16.43000000,12.42000000,204.06060000,1666570197522,True,True
39807547,16.43000000,2.82000000,46.33260000,1666570197548,True,True
39807548,16.43000000,7.63000000,125.36090000,1666570197548,True,True
39807549,16.43000000,1.09000000,17.90870000,1666570197548,True,True
39807550,16.43000000,4.92000000,80.83560000,1666570197548,True,True
39807551,16.43000000,1.09000000,17.90870000,1666570197548,True,True
39807552,16.43000000,1.09000000,17.90870000,1666570197548,True,True
39807553,16.43000000,1.83000000,30.06690000,1666570197548,True,True
39807554,16.44000000,16.75000000,275.37000000,1666570197602,False,True
39807555,16.43000000,8.31000000,136.53330000,1666570197766,True,True
39807556,16.43000000,2.04000000,33.51720000,1666570197766,True,True
39807557,16.43000000,2.24000000,36.80320000,1666570197766,True,True
39807558,16.43000000,6.20000000,101.86600000,1666570197766,True,True
39807559,16.43000000,1.53000000,25.13790000,1666570197766,True,True
39807560,16.43000000,5.40000000,88.72200000,1666570197766,True,True
39807561,16.43000000,5.34000000,87.73620000,1666570197766,True,True
39807562,16.43000000,1.69000000,27.76670000,1666570197799,True,True
39807563,16.44000000,32.41000000,532.82040000,1666570197846,False,True
39807564,16.43000000,15.35000000,252.20050000,1666570197875,True,True
39807565,16.43000000,36.10000000,593.12300000,1666570198048,True,True
39807566,16.44000000,3.76000000,61.81440000,1666570198108,False,True
39807567,16.44000000,14.70000000,241.66800000,1666570198108,False,True
39807568,16.44000000,9.20000000,151.24800000,1666570198108,False,True
39807569,16.44000000,23.90000000,392.91600000,1666570198149,False,True
39807570,16.44000000,8.17000000,134.31480000,1666570198201,True,True
39807571,16.44000000,15.73000000,258.60120000,1666570198212,True,True
39807572,16.44000000,40.25000000,661.71000000,1666570198212,True,True
39807573,16.43000000,4.02000000,66.04860000,1666570198212,True,True
39807574,16.44000000,55.98000000,920.31120000,1666570198240,False,True
39807575,16.44000000,23.90000000,392.91600000,1666570198243,False,True
39807576,16.44000000,157.19000000,2584.20360000,1666570198298,False,True
39807577,16.44000000,3.29000000,54.08760000,1666570198380,True,True
39807578,16.44000000,20.61000000,338.82840000,1666570198387,True,True
39807579,16.44000000,3.51000000,57.70440000,1666570198491,False,True
39807580,16.43000000,7.57000000,124.37510000,1666570198728,True,True
39807581,16.43000000,4.03000000,66.21290000,1666570198728,True,True
39807582,16.43000000,1.09000000,17.90870000,1666570198728,True,True
39807583,16.43000000,12.27000000,201.59610000,1666570198728,True,True
39807584,16.43000000,10.71000000,175.96530000,1666570198728,True,True
39807585,16.42000000,40.24000000,660.74080000,1666570198774,True,True
39807586,16.42000000,1.09000000,17.89780000,1666570198774,True,True
39807587,16.42000000,15.50000000,254.51000000,1666570198774,True,True
39807588,16.42000000,3.17000000,52.05140000,1666570198774,True,True
39807589,16.42000000,37.03000000,608.03260000,1666570198903,True,True
39807590,16.42000000,1.58000000,25.94360000,1666570198903,True,True
39807591,16.42000000,13.32000000,218.71440000,1666570198903,True,True
39807592,16.42000000,124.41000000,2042.81220000,1666570198912,True,True
39807593,16.42000000,0.97000000,15.92740000,1666570198912,True,True
39807594,16.42000000,84.00000000,1379.28000000,1666570198912,True,True
39807595,16.42000000,48.71000000,799.81820000,1666570198912,True,True
39807596,16.42000000,11.50000000,188.83000000,1666570198912,True,True
39807597,16.42000000,14.70000000,241.37400000,1666570198912,True,True
39807598,16.42000000,20.39000000,334.80380000,1666570198912,True,True
39807599,16.42000000,6.85000000,112.47700000,1666570198912,True,True
39807600,16.42000000,4.05000000,66.50100000,1666570198912,True,True
39807601,16.42000000,67.27000000,1104.57340000,1666570198912,True,True
39807602,16.42000000,21.73000000,356.80660000,1666570198921,True,True
39807603,16.42000000,26.20000000,430.20400000,1666570198925,True,True
39807604,16.42000000,21.73000000,356.80660000,1666570198925,True,True
39807605,16.42000000,5.94000000,97.53480000,1666570198933,True,True
39807606,16.42000000,35.35000000,580.44700000,1666570198933,True,True
39807607,16.42000000,6.85000000,112.47700000,1666570198933,True,True
39807608,16.41000000,8.91000000,146.21310000,1666570199090,True,True
39807609,16.41000000,9.10000000,149.33100000,1666570199090,True,True
39807610,16.41000000,9.33000000,153.10530000,1666570199091,True,True
39807611,16.41000000,6.82000000,111.91620000,1666570199093,True,True
39807612,16.41000000,1.68000000,27.56880000,1666570199093,True,True
39807613,16.42000000,7.54000000,123.80680000,1666570199438,False,True
39807614,16.42000000,3.05000000,50.08100000,1666570199981,False,True
39807615,16.41000000,6.66000000,109.29060000,1666570200087,True,True
39807616,16.41000000,4.04000000,66.29640000,1666570200087,True,True
39807617,16.41000000,4.91000000,80.57310000,1666570200087,True,True
39807618,16.41000000,17.26000000,283.23660000,1666570200087,True,True
39807619,16.41000000,17.05000000,279.79050000,1666570200090,True,True
39807620,16.42000000,4.55000000,74.71100000,1666570200246,False,True
39807621,16.42000000,12.47000000,204.75740000,1666570200246,False,True
39807622,16.41000000,6.09000000,99.93690000,1666570200746,True,True
39807623,16.41000000,9.47000000,155.40270000,1666570200746,True,True
39807624,16.41000000,12.47000000,204.63270000,1666570201949,True,True
39807625,16.41000000,44.40000000,728.60400000,1666570201949,True,True
39807626,16.40000000,3.60000000,59.04000000,1666570202418,True,True
39807627,16.40000000,0.76000000,12.46400000,1666570204463,True,True
39807628,16.41000000,1.88000000,30.85080000,1666570205773,False,True
39807629,16.41000000,15.49000000,254.19090000,1666570206462,False,True
39807630,16.41000000,12.47000000,204.63270000,1666570206462,False,True
39807631,16.41000000,3.85000000,63.17850000,1666570206462,False,True
39807632,16.41000000,12.18000000,199.87380000,1666570206829,True,True
39807633,16.42000000,2.31000000,37.93020000,1666570208507,False,True
39807634,16.41000000,10.84000000,177.88440000,1666570210426,True,True
39807635,16.41000000,8.62000000,141.45420000,1666570214522,True,True
39807636,16.41000000,9.64000000,158.19240000,1666570231027,True,True
39807637,16.42000000,6.55000000,107.55100000,1666570249318,False,True
39807638,16.42000000,7.97000000,130.86740000,1666570249320,False,True
39807639,16.42000000,0.62000000,10.18040000,1666570249320,False,True
39807640,16.42000000,6.20000000,101.80400000,1666570249320,False,True
39807641,16.42000000,19.83000000,325.60860000,1666570249320,False,True
39807642,16.42000000,5.74000000,94.25080000,1666570249322,False,True
39807643,16.42000000,31.47000000,516.73740000,1666570249335,False,True
39807644,16.42000000,3.82000000,62.72440000,1666570249335,False,True
39807645,16.42000000,6.94000000,113.95480000,1666570249340,False,True
39807646,16.42000000,7.03000000,115.43260000,1666570249348,False,True
39807647,16.42000000,0.97000000,15.92740000,1666570249350,False,True
39807648,16.42000000,6.25000000,102.62500000,1666570249350,False,True
39807649,16.42000000,14.74000000,242.03080000,1666570249454,False,True
39807650,16.42000000,1.04000000,17.07680000,1666570258961,True,True
39807651,16.43000000,43.39000000,712.89770000,1666570261248,False,True
39807652,16.43000000,3.30000000,54.21900000,1666570261248,False,True
39807653,16.43000000,19.59000000,321.86370000,1666570261248,False,True
39807654,16.43000000,3.76000000,61.77680000,1666570261248,False,True
39807655,16.43000000,35.89000000,589.67270000,1666570261248,False,True
39807656,16.42000000,6.67000000,109.52140000,1666570268003,True,True
39807657,16.42000000,5.00000000,82.10000000,1666570270284,True,True
39807658,16.43000000,14.33000000,235.44190000,1666570271196,False,True
39807659,16.43000000,12.44000000,204.38920000,1666570271196,False,True
39807660,16.43000000,0.82000000,13.47260000,1666570271196,False,True
39807661,16.42000000,6.99000000,114.77580000,1666570271394,True,True
39807662,16.43000000,16.76000000,275.36680000,1666570277740,False,True
39807663,16.43000000,56.98000000,936.18140000,1666570277740,False,True
39807664,16.43000000,21.91000000,359.98130000,1666570277740,False,True
39807665,16.43000000,10.80000000,177.44400000,1666570277781,True,True
39807666,16.44000000,0.97000000,15.94680000,1666570303744,False,True
39807667,16.44000000,0.08000000,1.31520000,1666570303744,False,True
39807668,16.44000000,3.22000000,52.93680000,1666570304702,False,True
39807669,16.44000000,14.98000000,246.27120000,1666570304702,False,True
39807670,16.44000000,24.40000000,401.13600000,1666570304702,False,True
39807671,16.44000000,4.95000000,81.37800000,1666570304702,False,True
39807672,16.44000000,19.45000000,319.75800000,1666570304702,False,True
39807673,16.44000000,24.40000000,401.13600000,1666570304702,False,True
39807674,16.44000000,13.49000000,221.77560000,1666570304702,False,True
39807675,16.44000000,10.91000000,179.36040000,1666570304713,False,True
39807676,16.44000000,19.55000000,321.40200000,1666570304713,False,True
39807677,16.44000000,4.84000000,79.56960000,1666570304715,False,True
39807678,16.45000000,0.71000000,11.67950000,1666570309097,False,True
39807679,16.45000000,1.10000000,18.09500000,1666570309097,False,True
39807680,16.45000000,0.24000000,3.94800000,1666570309144,False,True
39807681,16.45000000,0.74000000,12.17300000,1666570309144,False,True
39807682,16.45000000,2.87000000,47.21150000,1666570309594,False,True
39807683,16.45000000,1.71000000,28.12950000,1666570309594,False,True
39807684,16.45000000,2.83000000,46.55350000,1666570309594,False,True
39807685,16.45000000,5.44000000,89.48800000,1666570309594,False,True
39807686,16.45000000,5.42000000,89.15900000,1666570309645,False,True
39807687,16.45000000,0.64000000,10.52800000,1666570310901,False,True
39807688,16.45000000,0.14000000,2.30300000,1666570320406,False,True
39807689,16.45000000,0.67000000,11.02150000,1666570320406,False,True
39807690,16.45000000,0.97000000,15.95650000,1666570320406,False,True
39807691,16.45000000,0.37000000,6.08650000,1666570320406,False,True
39807692,16.44000000,1.04000000,17.09760000,1666570333966,True,True
39807693,16.45000000,1.05000000,17.27250000,1666570334928,False,True
39807694,16.44000000,7.48000000,122.97120000,1666570334955,True,True
39807695,16.44000000,57.23000000,940.86120000,1666570334955,True,True
39807696,16.44000000,14.27000000,234.59880000,1666570334955,True,True
39807697,16.44000000,24.68000000,405.73920000,1666570334955,True,True
39807698,16.44000000,4.10000000,67.40400000,1666570334955,True,True
39807699,16.44000000,1.09000000,17.91960000,1666570334955,True,True
39807700,16.44000000,1.09000000,17.91960000,1666570334955,True,True
39807701,16.44000000,0.97000000,15.94680000,1666570334955,True,True
39807702,16.44000000,2.90000000,47.67600000,1666570334955,True,True
39807703,16.44000000,1.23000000,20.22120000,1666570334955,True,True
39807704,16.44000000,0.67000000,11.01480000,1666570334955,True,True
39807705,16.44000000,0.67000000,11.01480000,1666570334955,True,True
39807706,16.44000000,18.08000000,297.23520000,1666570334955,True,True
39807707,16.44000000,225.54000000,3707.87760000,1666570334955,True,True
39807708,16.44000000,28.93000000,475.60920000,1666570334958,True,True
39807709,16.44000000,20.00000000,328.80000000,1666570334962,True,True
39807710,16.44000000,54.13000000,889.89720000,1666570334963,True,True
39807711,16.44000000,44.00000000,723.36000000,1666570334963,True,True
39807712,16.44000000,57.34000000,942.66960000,1666570334965,True,True
39807713,16.44000000,58.72000000,965.35680000,1666570334965,True,True
39807714,16.44000000,243.38000000,4001.16720000,1666570334966,True,True
39807715,16.44000000,5.32000000,87.46080000,1666570351572,True,True
39807716,16.43000000,0.94000000,15.44420000,1666570361996,True,True
39807717,16.43000000,1.04000000,17.08720000,1666570363952,True,True
39807718,16.44000000,1.05000000,17.26200000,1666570364484,False,True
39807719,16.43000000,14.21000000,233.47030000,1666570375467,True,True
39807720,16.43000000,6.62000000,108.76660000,1666570375467,True,True
39807721,16.42000000,1.04000000,17.07680000,1666570378216,True,True
39807722,16.42000000,0.65000000,10.67300000,1666570378216,True,True
39807723,16.42000000,1.24000000,20.36080000,1666570383752,True,True
39807724,16.42000000,2.52000000,41.37840000,1666570384499,True,True
39807725,16.42000000,0.97000000,15.92740000,1666570384499,True,True
39807726,16.42000000,1.35000000,22.16700000,1666570384499,True,True
39807727,16.42000000,1.95000000,32.01900000,1666570384503,True,True
39807728,16.42000000,3.76000000,61.73920000,1666570384503,True,True
39807729,16.42000000,57.01000000,936.10420000,1666570392338,False,True
39807730,16.43000000,5.71000000,93.81530000,1666570394862,False,True
39807731,16.43000000,1.71000000,28.09530000,1666570395008,False,True
39807732,16.43000000,1.77000000,29.08110000,1666570395015,False,True
39807733,16.43000000,4.42000000,72.62060000,1666570395016,False,True
39807734,16.43000000,30.46000000,500.45780000,1666570419433,False,True
39807735,16.43000000,7.13000000,117.14590000,1666570419433,False,True
39807736,16.43000000,5.61000000,92.17230000,1666570419443,False,True
39807737,16.43000000,44.25000000,727.02750000,1666570419445,False,True
39807738,16.43000000,44.25000000,727.02750000,1666570435917,True,True
39807739,16.43000000,0.19000000,3.12170000,1666570435925,True,True
39807740,16.43000000,5.42000000,89.05060000,1666570435925,True,True
39807741,16.43000000,50.16000000,824.12880000,1666570435934,True,True
39807742,16.43000000,13.04000000,214.24720000,1666570435948,True,True
39807743,16.43000000,9.28000000,152.47040000,1666570452971,False,True
39807744,16.43000000,12.55000000,206.19650000,1666570452972,False,True
39807745,16.43000000,19.75000000,324.49250000,1666570452973,False,True
39807746,16.43000000,7.72000000,126.83960000,1666570452973,False,True
39807747,16.43000000,12.17000000,199.95310000,1666570452973,False,True
39807748,16.43000000,64.18000000,1054.47740000,1666570452973,False,True
39807749,16.43000000,19.82000000,325.64260000,1666570452973,False,True
39807750,16.43000000,1.11000000,18.23730000,1666570452973,False,True
39807751,16.43000000,14.11000000,231.82730000,1666570452973,False,True
39807752,16.43000000,0.59000000,9.69370000,1666570452974,False,True
39807753,16.43000000,30.46000000,500.45780000,1666570464010,True,True
39807754,16.43000000,35.55000000,584.08650000,1666570464010,True,True
39807755,16.43000000,21.48000000,352.91640000,1666570464010,True,True
39807756,16.43000000,27.66000000,454.45380000,1666570464010,True,True
39807757,16.42000000,57.04000000,936.59680000,1666570472374,True,True
39807758,16.41000000,0.92000000,15.09720000,1666570477175,True,True
39807759,16.41000000,3.30000000,54.15300000,1666570477175,True,True
39807760,16.41000000,3.76000000,61.70160000,1666570477175,True,True
39807761,16.41000000,1.81000000,29.70210000,1666570477198,False,True
39807762,16.40000000,0.97000000,15.90800000,1666570483066,True,True
39807763,16.40000000,1.34000000,21.97600000,1666570483066,True,True
39807764,16.40000000,1.00000000,16.40000000,1666570483066,True,True
39807765,16.40000000,8.20000000,134.48000000,1666570483066,True,True
39807766,16.40000000,3.30000000,54.12000000,1666570483066,True,True
39807767,16.39000000,7.73000000,126.69470000,1666570483066,True,True
39807768,16.39000000,0.93000000,15.24270000,1666570485018,True,True
39807769,16.39000000,0.67000000,10.98130000,1666570485018,True,True
39807770,16.39000000,0.67000000,10.98130000,1666570485018,True,True
39807771,16.39000000,3.76000000,61.62640000,1666570485018,True,True
39807772,16.39000000,1.63000000,26.71570000,1666570485018,True,True
39807773,16.39000000,53.34000000,874.24260000,1666570485018,True,True
39807774,16.39000000,3.40000000,55.72600000,1666570487182,False,True
39807775,16.39000000,10.05000000,164.71950000,1666570487418,False,True
39807776,16.39000000,2.73000000,44.74470000,1666570487437,False,True
39807777,16.40000000,0.32000000,5.24800000,1666570487437,False,True
39807778,16.39000000,23.90000000,391.72100000,1666570501102,True,True
39807779,16.39000000,1.09000000,17.86510000,1666570501102,True,True
39807780,16.39000000,57.05000000,935.04950000,1666570501102,True,True
39807781,16.39000000,30.78000000,504.48420000,1666570501102,True,True
39807782,16.39000000,0.87000000,14.25930000,1666570501102,True,True
39807783,16.39000000,0.61000000,9.99790000,1666570514411,True,True
39807784,16.39000000,1.09000000,17.86510000,1666570520333,True,True
39807785,16.39000000,1.09000000,17.86510000,1666570520333,True,True
39807786,16.39000000,1.09000000,17.86510000,1666570520333,True,True
39807787,16.39000000,1.09000000,17.86510000,1666570520333,True,True
39807788,16.39000000,8.61000000,141.11790000,1666570520333,True,True
39807789,16.38000000,0.69000000,11.30220000,1666570521946,True,True
39807790,16.38000000,0.97000000,15.88860000,1666570521946,True,True
39807791,16.38000000,12.27000000,200.98260000,1666570521946,True,True
39807792,16.38000000,3.30000000,54.05400000,1666570521946,True,True
39807793,16.38000000,3.76000000,61.58880000,1666570521946,True,True
39807794,16.38000000,10.71000000,175.42980000,1666570521946,True,True
39807795,16.38000000,6.79000000,111.22020000,1666570521946,True,True
39807796,16.38000000,28.92000000,473.70960000,1666570521946,True,True
39807797,16.38000000,2.34000000,38.32920000,1666570522161,False,True
39807798,16.38000000,2.34000000,38.32920000,1666570522988,False,True
39807799,16.38000000,23.29000000,381.49020000,1666570531517,True,True
39807800,16.37000000,0.68000000,11.13160000,1666570537237,True,True
39807801,16.37000000,0.30000000,4.91100000,1666570538116,True,True
39807802,16.37000000,1.05000000,17.18850000,1666570538116,True,True
39807803,16.37000000,1.10000000,18.00700000,1666570539142,True,True
39807804,16.38000000,0.98000000,16.05240000,1666570557468,False,True
39807805,16.39000000,17.95000000,294.20050000,1666570559236,False,True
39807806,16.39000000,39.04000000,639.86560000,1666570559242,False,True
39807807,16.39000000,1.09000000,17.86510000,1666570559242,False,True
39807808,16.39000000,15.56000000,255.02840000,1666570559242,False,True
39807809,16.39000000,0.91000000,14.91490000,1666570561847,False,True
39807810,16.39000000,1.00000000,16.39000000,1666570561847,False,True
39807811,16.39000000,12.84000000,210.44760000,1666570563829,True,True
39807812,16.39000000,12.84000000,210.44760000,1666570563829,True,True
39807813,16.39000000,17.95000000,294.20050000,1666570574393,False,True
39807814,16.39000000,0.98000000,16.06220000,1666570589942,True,True
39807815,16.39000000,10.07000000,165.04730000,1666570589945,True,True
39807816,16.38000000,12.61000000,206.55180000,1666570595213,True,True
39807817,16.38000000,17.85000000,292.38300000,1666570595213,True,True
39807818,16.38000000,22.35000000,366.09300000,1666570595223,True,True
39807819,16.38000000,11.34000000,185.74920000,1666570595226,True,True
39807820,16.37000000,0.02000000,0.32740000,1666570618071,True,True
39807821,16.37000000,1.03000000,16.86110000,1666570618071,True,True
39807822,16.37000000,0.31000000,5.07470000,1666570622934,True,True
39807823,16.37000000,0.71000000,11.62270000,1666570622934,True,True
39807824,16.37000000,3.05000000,49.92850000,1666570622934,True,True
39807825,16.37000000,3.30000000,54.02100000,1666570622934,True,True
39807826,16.37000000,0.98000000,16.04260000,1666570622934,True,True
39807827,16.37000000,3.76000000,61.55120000,1666570622934,True,True
39807828,16.38000000,7.98000000,130.71240000,1666570645120,False,True
39807829,16.38000000,2.31000000,37.83780000,1666570645133,False,True
39807830,16.38000000,55.03000000,901.39140000,1666570645133,False,True
39807831,16.38000000,0.98000000,16.05240000,1666570645157,False,True
39807832,16.38000000,2.00000000,32.76000000,1666570670197,True,True
39807833,16.39000000,3.30000000,54.08700000,1666570674840,False,True
39807834,16.39000000,3.76000000,61.62640000,1666570674840,False,True
39807835,16.39000000,28.46000000,466.45940000,1666570674934,True,True
39807836,16.39000000,57.48000000,942.09720000,1666570674934,True,True
39807837,16.39000000,54.38000000,891.28820000,1666570674934,True,True
39807838,16.39000000,13.59000000,222.74010000,1666570680709,True,True
39807839,16.39000000,17.44000000,285.84160000,1666570686215,False,True
39807840,16.39000000,10.91000000,178.81490000,1666570686215,False,True
39807841,16.39000000,29.16000000,477.93240000,1666570686219,False,True
39807842,16.39000000,6.53000000,107.02670000,1666570688267,True,True
39807843,16.39000000,57.46000000,941.76940000,1666570688267,True,True
39807844,16.39000000,60.40000000,989.95600000,1666570688267,True,True
39807845,16.39000000,43.76000000,717.22640000,1666570704563,True,True
39807846,16.39000000,12.26000000,200.94140000,1666570704563,True,True
39807847,16.38000000,11.51000000,188.53380000,1666570719767,True,True
39807848,16.38000000,3.40000000,55.69200000,1666570720096,False,True
39807849,16.38000000,23.29000000,381.49020000,1666570727750,False,True
39807850,16.38000000,4.97000000,81.40860000,1666570731955,False,True
39807851,16.38000000,1.11000000,18.18180000,1666570748752,False,True
39807852,16.38000000,1.11000000,18.18180000,1666570748752,False,True
39807853,16.38000000,15.76000000,258.14880000,1666570748752,False,True
39807854,16.38000000,23.29000000,381.49020000,1666570760646,True,True
39807855,16.38000000,41.01000000,671.74380000,1666570760646,True,True
39807856,16.38000000,10.14000000,166.09320000,1666570760646,True,True
39807857,16.38000000,38.04000000,623.09520000,1666570760646,True,True
39807858,16.38000000,57.49000000,941.68620000,1666570760646,True,True
39807859,16.37000000,10.14000000,165.99180000,1666570760646,True,True
39807860,16.37000000,0.98000000,16.04260000,1666570760646,True,True
39807861,16.37000000,12.27000000,200.85990000,1666570760646,True,True
39807862,16.37000000,3.30000000,54.02100000,1666570760646,True,True
39807863,16.37000000,1.63000000,26.68310000,1666570760646,True,True
39807864,16.37000000,9.53000000,156.00610000,1666570760646,True,True
39807865,16.37000000,3.76000000,61.55120000,1666570760646,True,True
39807866,16.37000000,73.30000000,1199.92100000,1666570760646,True,True
39807867,16.37000000,45.00000000,736.65000000,1666570760646,True,True
39807868,16.39000000,1.09000000,17.86510000,1666570762339,False,True
39807869,16.39000000,0.98000000,16.06220000,1666570762490,True,True
39807870,16.39000000,0.93000000,15.24270000,1666570777468,True,True
39807871,16.39000000,7.54000000,123.58060000,1666570790624,True,True
39807872,16.39000000,1.26000000,20.65140000,1666570825057,False,True
39807873,16.39000000,7.54000000,123.58060000,1666570828017,False,True
39807874,16.38000000,10.70000000,175.26600000,1666570845547,True,True
39807875,16.38000000,47.76000000,782.30880000,1666570845547,True,True
39807876,16.39000000,4.93000000,80.80270000,1666570870708,False,True
39807877,16.39000000,3.76000000,61.62640000,1666570870708,False,True
39807878,16.39000000,1.11000000,18.19290000,1666570870708,False,True
39807879,16.39000000,1.11000000,18.19290000,1666570870708,False,True
39807880,16.39000000,12.48000000,204.54720000,1666570870708,False,True
39807881,16.39000000,0.73000000,11.96470000,1666570870741,True,True
39807882,16.39000000,8.04000000,131.77560000,1666570918506,True,True
39807883,16.39000000,26.10000000,427.77900000,1666570918506,True,True
39807884,16.39000000,57.46000000,941.76940000,1666570918506,True,True
39807885,16.39000000,1.09000000,17.86510000,1666570918506,True,True
39807886,16.39000000,1.09000000,17.86510000,1666570918506,True,True
39807887,16.39000000,1.09000000,17.86510000,1666570918506,True,True
39807888,16.39000000,1.09000000,17.86510000,1666570918506,True,True
39807889,16.39000000,10.70000000,175.37300000,1666570918672,True,True
39807890,16.39000000,11.53000000,188.97670000,1666570918672,True,True
39807891,16.39000000,30.51000000,500.05890000,1666570918812,False,True
39807892,16.39000000,25.75000000,422.04250000,1666570918812,False,True
39807893,16.39000000,6.81000000,111.61590000,1666570991165,False,True
39807894,16.38000000,1.22000000,19.98360000,1666570991236,True,True
39807895,16.39000000,3.70000000,60.64300000,1666571013704,False,True
39807896,16.39000000,7.98000000,130.79220000,1666571018895,False,True
39807897,16.39000000,12.52000000,205.20280000,1666571018900,False,True
39807898,16.39000000,11.00000000,180.29000000,1666571018900,False,True
39807899,16.39000000,1.14000000,18.68460000,1666571018900,False,True
39807900,16.39000000,1.11000000,18.19290000,1666571018900,False,True
39807901,16.39000000,1.11000000,18.19290000,1666571018900,False,True
39807902,16.39000000,12.20000000,199.95800000,1666571021700,True,True
39807903,16.39000000,3.62000000,59.33180000,1666571021739,False,True
39807904,16.39000000,3.62000000,59.33180000,1666571021874,False,True
39807905,16.39000000,3.50000000,57.36500000,1666571022015,False,True
39807906,16.39000000,3.44000000,56.38160000,1666571022084,False,True
39807907,16.39000000,3.38000000,55.39820000,1666571022149,False,True
39807908,16.39000000,3.27000000,53.59530000,1666571022219,False,True
39807909,16.39000000,3.27000000,53.59530000,1666571022286,False,True
39807910,16.39000000,3.17000000,51.95630000,1666571022462,False,True
39807911,16.39000000,3.95000000,64.74050000,1666571022561,False,True
39807912,16.39000000,3.06000000,50.15340000,1666571022618,False,True
39807913,16.39000000,3.01000000,49.33390000,1666571022673,False,True
39807914,16.39000000,3.01000000,49.33390000,1666571022734,False,True
39807915,16.39000000,2.97000000,48.67830000,1666571022785,False,True
39807916,16.39000000,3.85000000,63.10150000,1666571022964,False,True
39807917,16.39000000,2.87000000,47.03930000,1666571023029,False,True
39807918,16.39000000,2.82000000,46.21980000,1666571023082,False,True
39807919,16.40000000,0.97000000,15.90800000,1666571053953,False,True
39807920,16.40000000,3.05000000,50.02000000,1666571053953,False,True
39807921,16.40000000,3.30000000,54.12000000,1666571053953,False,True
39807922,16.40000000,3.76000000,61.66400000,1666571053953,False,True
39807923,16.40000000,24.52000000,402.12800000,1666571059106,True,True
39807924,16.40000000,6.61000000,108.40400000,1666571067049,False,True
39807925,16.40000000,1.83000000,30.01200000,1666571072297,True,True
39807926,16.41000000,1.00000000,16.41000000,1666571076048,False,True
39807927,16.41000000,20.68000000,339.35880000,1666571076048,False,True
39807928,16.41000000,0.65000000,10.66650000,1666571083725,False,True
39807929,16.41000000,6.98000000,114.54180000,1666571085091,False,True
39807930,16.41000000,12.19000000,200.03790000,1666571085426,False,True
39807931,16.40000000,1.05000000,17.22000000,1666571098668,True,True
39807932,16.41000000,9.26000000,151.95660000,1666571104715,False,True
39807933,16.41000000,21.78000000,357.40980000,1666571111402,False,True
39807934,16.41000000,22.23000000,364.79430000,1666571111414,False,True
39807935,16.41000000,43.02000000,705.95820000,1666571111427,False,True
39807936,16.41000000,4.85000000,79.58850000,1666571111437,False,True
39807937,16.41000000,1.08000000,17.72280000,1666571114298,False,True
39807938,16.41000000,3.32000000,54.48120000,1666571115357,False,True
39807939,16.41000000,13.42000000,220.22220000,1666571116049,False,True
39807940,16.41000000,24.14000000,396.13740000,1666571116051,False,True
39807941,16.41000000,21.54000000,353.47140000,1666571116052,False,True
39807942,16.41000000,3.30000000,54.15300000,1666571116052,False,True
39807943,16.42000000,0.97000000,15.92740000,1666571132986,False,True
39807944,16.42000000,1.34000000,22.00280000,1666571132986,False,True
39807945,16.42000000,3.76000000,61.73920000,1666571132986,False,True
39807946,16.42000000,3.06000000,50.24520000,1666571132986,False,True
39807947,16.42000000,0.24000000,3.94080000,1666571133003,False,True
39807948,16.42000000,2.56000000,42.03520000,1666571133035,True,True
39807949,16.43000000,8.32000000,136.69760000,1666571146558,False,True
39807950,16.43000000,3.30000000,54.21900000,1666571149584,False,True
39807951,16.43000000,5.35000000,87.90050000,1666571149642,True,True
39807952,16.43000000,6.91000000,113.53130000,1666571149642,True,True
39807953,16.44000000,0.97000000,15.94680000,1666571157278,False,True
39807954,16.44000000,0.67000000,11.01480000,1666571157278,False,True
39807955,16.44000000,0.67000000,11.01480000,1666571157278,False,True
39807956,16.44000000,0.69000000,11.34360000,1666571157278,False,True
39807957,16.44000000,0.54000000,8.87760000,1666571157278,False,True
39807958,16.44000000,1.64000000,26.96160000,1666571157297,False,True
39807959,16.44000000,0.93000000,15.28920000,1666571157297,False,True
39807960,16.44000000,3.76000000,61.81440000,1666571157297,False,True
39807961,16.44000000,3.30000000,54.25200000,1666571157297,False,True
39807962,16.44000000,5.13000000,84.33720000,1666571167807,True,True
39807963,16.44000000,41.51000000,682.42440000,1666571168312,True,True
39807964,16.44000000,15.83000000,260.24520000,1666571168312,True,True
39807965,16.44000000,2.24000000,36.82560000,1666571168322,True,True
39807966,16.44000000,0.79000000,12.98760000,1666571168322,True,True
39807967,16.44000000,3.11000000,51.12840000,1666571180784,False,True
39807968,16.43000000,11.68000000,191.90240000,1666571197416,True,True
39807969,16.43000000,1.09000000,17.90870000,1666571197416,True,True
39807970,16.42000000,46.62000000,765.50040000,1666571197481,True,True
39807971,16.42000000,2.91000000,47.78220000,1666571197502,True,True
39807972,16.42000000,5.37000000,88.17540000,1666571226656,True,True
39807973,16.43000000,20.04000000,329.25720000,1666571239673,True,True
39807974,16.43000000,7.00000000,115.01000000,1666571245146,False,True
39807975,16.43000000,12.57000000,206.52510000,1666571247537,False,True
39807976,16.44000000,18.71000000,307.59240000,1666571255280,False,True
39807977,16.44000000,3.26000000,53.59440000,1666571255280,False,True
39807978,16.44000000,2.24000000,36.82560000,1666571255280,False,True
39807979,16.44000000,2.21000000,36.33240000,1666571255280,False,True
39807980,16.44000000,18.35000000,301.67400000,1666571255280,False,True
39807981,16.44000000,5.80000000,95.35200000,1666571255330,False,True
39807982,16.45000000,0.97000000,15.95650000,1666571256825,False,True
39807983,16.45000000,5.07000000,83.40150000,1666571256825,False,True
39807984,16.45000000,0.05000000,0.82250000,1666571256825,False,True
39807985,16.45000000,1.29000000,21.22050000,1666571256825,False,True
39807986,16.45000000,0.71000000,11.67950000,1666571256825,False,True
39807987,16.45000000,4.93000000,81.09850000,1666571256825,False,True
39807988,16.45000000,6.86000000,112.84700000,1666571257319,False,True
39807989,16.45000000,4.59000000,75.50550000,1666571257329,False,True
39807990,16.45000000,25.89000000,425.89050000,1666571257483,False,True
39807991,16.45000000,3.48000000,57.24600000,1666571257819,False,True
39807992,16.45000000,3.46000000,56.91700000,1666571257826,False,True
39807993,16.44000000,5.65000000,92.88600000,1666571260752,True,True
39807994,16.44000000,11.82000000,194.32080000,1666571260754,True,True
39807995,16.44000000,0.97000000,15.94680000,1666571260754,True,True
39807996,16.44000000,12.16000000,199.91040000,1666571269738,True,True
39807997,16.44000000,23.90000000,392.91600000,1666571269738,True,True
39807998,16.44000000,4.43000000,72.82920000,1666571269738,True,True
39807999,16.44000000,59.51000000,978.34440000,1666571269738,True,True
39808000,16.44000000,8.56000000,140.72640000,1666571282218,True,True
39808001,16.44000000,9.63000000,158.31720000,1666571282218,True,True
39808002,16.43000000,5.20000000,85.43600000,1666571317816,True,True
39808003,16.43000000,5.00000000,82.15000000,1666571317816,True,True
39808004,16.43000000,18.89000000,310.36270000,1666571317816,True,True
39808005,16.43000000,2.25000000,36.96750000,1666571317836,True,True
39808006,16.43000000,12.16000000,199.78880000,1666571317836,True,True
39808007,16.43000000,12.16000000,199.78880000,1666571317836,True,True
39808008,16.43000000,4.24000000,69.66320000,1666571317881,False,True
39808009,16.43000000,12.79000000,210.13970000,1666571317894,False,True
39808010,16.43000000,2.19000000,35.98170000,1666571340905,True,True
39808011,16.42000000,118.94000000,1952.99480000,1666571361440,True,True
39808012,16.42000000,0.97000000,15.92740000,1666571361440,True,True
39808013,16.42000000,3.30000000,54.18600000,1666571361440,True,True
39808014,16.42000000,5.00000000,82.10000000,1666571361440,True,True
39808015,16.42000000,3.76000000,61.73920000,1666571361440,True,True
39808016,16.42000000,41.04000000,673.87680000,1666571361440,True,True
39808017,16.42000000,2.34000000,38.42280000,1666571363011,False,True
39808018,16.42000000,0.73000000,11.98660000,1666571367555,False,True
39808019,16.42000000,2.34000000,38.42280000,1666571379352,False,True
39808020,16.42000000,6.90000000,113.29800000,1666571392344,False,True
39808021,16.42000000,6.91000000,113.46220000,1666571393614,False,True
39808022,16.42000000,1.67000000,27.42140000,1666571398247,False,True
39808023,16.43000000,5.37000000,88.22910000,1666571404697,False,True
39808024,16.43000000,2.41000000,39.59630000,1666571404698,False,True
39808025,16.43000000,2.74000000,45.01820000,1666571404698,False,True
39808026,16.43000000,4.41000000,72.45630000,1666571404698,False,True
39808027,16.44000000,23.90000000,392.91600000,1666571407120,False,True
39808028,16.44000000,43.82000000,720.40080000,1666571407120,False,True
39808029,16.44000000,3.73000000,61.32120000,1666571407854,False,True
39808030,16.44000000,0.82000000,13.48080000,1666571408856,False,True
39808031,16.44000000,8.97000000,147.46680000,1666571424383,False,True
39808032,16.44000000,0.97000000,15.94680000,1666571428126,False,True
39808033,16.44000000,3.30000000,54.25200000,1666571428126,False,True
39808034,16.44000000,3.75000000,61.65000000,1666571428126,False,True
39808035,16.44000000,0.01000000,0.16440000,1666571428137,False,True
39808036,16.44000000,1.80000000,29.59200000,1666571428154,True,True
39808037,16.44000000,24.11000000,396.36840000,1666571437699,True,True
39808038,16.44000000,13.55000000,222.76200000,1666571437699,True,True
39808039,16.44000000,42.22000000,694.09680000,1666571452162,False,True
39808040,16.44000000,3.06000000,50.30640000,1666571472040,False,True
39808041,16.43000000,3.30000000,54.21900000,1666571474693,True,True
39808042,16.43000000,3.76000000,61.77680000,1666571474693,True,True
39808043,16.43000000,4.20000000,69.00600000,1666571474693,True,True
39808044,16.44000000,5.78000000,95.02320000,1666571476104,False,True
39808045,16.44000000,11.27000000,185.27880000,1666571476108,False,True
39808046,16.44000000,21.13000000,347.37720000,1666571476140,False,True
39808047,16.44000000,11.27000000,185.27880000,1666571476167,False,True
39808048,16.45000000,3.86000000,63.49700000,1666571477669,False,True
39808049,16.45000000,10.70000000,176.01500000,1666571479469,False,True
39808050,16.45000000,0.97000000,15.95650000,1666571479469,False,True
39808051,16.45000000,0.93000000,15.29850000,1666571479469,False,True
39808052,16.45000000,0.68000000,11.18600000,1666571479469,False,True
39808053,16.45000000,3.76000000,61.85200000,1666571479469,False,True
39808054,16.45000000,3.30000000,54.28500000,1666571479469,False,True
39808055,16.45000000,6.50000000,106.92500000,1666571479490,True,True
39808056,16.46000000,1.85000000,30.45100000,1666571481090,False,True
39808057,16.46000000,5.50000000,90.53000000,1666571481090,False,True
39808058,16.46000000,1.49000000,24.52540000,1666571481090,False,True
39808059,16.46000000,17.03000000,280.31380000,1666571481090,False,True
39808060,16.46000000,0.82000000,13.49720000,1666571481093,False,True
39808061,16.46000000,0.69000000,11.35740000,1666571481093,False,True
39808062,16.46000000,0.06000000,0.98760000,1666571481093,False,True
39808063,16.46000000,1.73000000,28.47580000,1666571483099,False,True
39808064,16.46000000,1.68000000,27.65280000,1666571483099,False,True
39808065,16.46000000,3.00000000,49.38000000,1666571483099,False,True
39808066,16.46000000,0.61000000,10.04060000,1666571483099,False,True
39808067,16.46000000,8.52000000,140.23920000,1666571483099,False,True
39808068,16.46000000,0.62000000,10.20520000,1666571483099,False,True
39808069,16.46000000,0.63000000,10.36980000,1666571483099,False,True
39808070,16.46000000,1.90000000,31.27400000,1666571483099,False,True
39808071,16.46000000,1.11000000,18.27060000,1666571483099,False,True
39808072,16.46000000,1.11000000,18.27060000,1666571483099,False,True
39808073,16.46000000,30.46000000,501.37160000,1666571483115,False,True
39808074,16.46000000,3.32000000,54.64720000,1666571483137,True,True
39808075,16.46000000,6.31000000,103.86260000,1666571483165,True,True
39808076,16.46000000,9.63000000,158.50980000,1666571483165,True,True
39808077,16.46000000,89.68000000,1476.13280000,1666571483165,True,True
39808078,16.46000000,3.32000000,54.64720000,1666571483165,True,True
39808079,16.46000000,3.31000000,54.48260000,1666571483384,True,True
39808080,16.46000000,54.37000000,894.93020000,1666571483394,True,True
39808081,16.45000000,13.84000000,227.66800000,1666571483433,True,True
39808082,16.45000000,40.53000000,666.71850000,1666571483433,True,True
39808083,16.45000000,1.82000000,29.93900000,1666571484805,True,True
39808084,16.45000000,1.75000000,28.78750000,1666571484809,True,True
39808085,16.45000000,0.83000000,13.65350000,1666571484809,True,True
39808086,16.45000000,1.09000000,17.93050000,1666571484809,True,True
39808087,16.45000000,0.23000000,3.78350000,1666571484809,True,True
39808088,16.45000000,0.86000000,14.14700000,1666571484812,True,True
39808089,16.45000000,1.09000000,17.93050000,1666571484812,True,True
39808090,16.45000000,0.22000000,3.61900000,1666571484812,True,True
39808091,16.46000000,0.62000000,10.20520000,1666571486614,False,True
39808092,16.45000000,1.86000000,30.59700000,1666571486806,True,True
39808093,16.45000000,2.03000000,33.39350000,1666571486809,True,True
39808094,16.45000000,1.93000000,31.74850000,1666571486809,True,True
39808095,16.45000000,2.07000000,34.05150000,1666571486810,True,True
39808096,16.46000000,0.62000000,10.20520000,1666571487088,False,True
39808097,16.45000000,8.10000000,133.24500000,1666571496859,True,True
39808098,16.45000000,1.09000000,17.93050000,1666571496859,True,True
39808099,16.45000000,54.29000000,893.07050000,1666571496859,True,True
39808100,16.45000000,6.20000000,101.99000000,1666571496859,True,True
39808101,16.45000000,18.60000000,305.97000000,1666571496859,True,True
39808102,16.45000000,1.09000000,17.93050000,1666571496859,True,True
39808103,16.45000000,1.09000000,17.93050000,1666571496859,True,True
39808104,16.45000000,1.09000000,17.93050000,1666571496859,True,True
39808105,16.45000000,52.88000000,869.87600000,1666571496859,True,True
39808106,16.45000000,9.13000000,150.18850000,1666571496859,True,True
39808107,16.45000000,10.74000000,176.67300000,1666571496924,True,True
39808108,16.46000000,3.30000000,54.31800000,1666571501381,False,True
39808109,16.46000000,1.00000000,16.46000000,1666571503305,True,True
39808110,16.46000000,3.07000000,50.53220000,1666571532176,True,True
39808111,16.46000000,3.07000000,50.53220000,1666571532201,True,True
39808112,16.46000000,3.07000000,50.53220000,1666571532229,True,True
39808113,16.46000000,2.33000000,38.35180000,1666571532251,True,True
39808114,16.46000000,3.07000000,50.53220000,1666571532261,True,True
39808115,16.46000000,3.07000000,50.53220000,1666571532296,True,True
39808116,16.46000000,3.06000000,50.36760000,1666571532327,True,True
39808117,16.46000000,3.06000000,50.36760000,1666571532353,True,True
39808118,16.46000000,156.75000000,2580.10500000,1666571532445,True,True
39808119,16.47000000,1.34000000,22.06980000,1666571542438,False,True
39808120,16.47000000,2.91000000,47.92770000,1666571542438,False,True
39808121,16.47000000,1.23000000,20.25810000,1666571542438,False,True
39808122,16.47000000,1.63000000,26.84610000,1666571542438,False,True
39808123,16.47000000,0.65000000,10.70550000,1666571542438,False,True
39808124,16.47000000,1.27000000,20.91690000,1666571542438,False,True
39808125,16.47000000,0.69000000,11.36430000,1666571542438,False,True
39808126,16.47000000,0.63000000,10.37610000,1666571542438,False,True
39808127,16.47000000,0.73000000,12.02310000,1666571542438,False,True
39808128,16.47000000,0.97000000,15.97590000,1666571542438,False,True
39808129,16.47000000,3.01000000,49.57470000,1666571542438,False,True
39808130,16.47000000,3.30000000,54.35100000,1666571542438,False,True
39808131,16.47000000,45.52000000,749.71440000,1666571542438,False,True
39808132,16.47000000,1.11000000,18.28170000,1666571542438,False,True
39808133,16.47000000,1.11000000,18.28170000,1666571542438,False,True
39808134,16.47000000,2.90000000,47.76300000,1666571542438,False,True
39808135,16.47000000,0.73000000,12.02310000,1666571547787,False,True
39808136,16.47000000,0.62000000,10.21140000,1666571550394,False,True
39808137,16.47000000,6.92000000,113.97240000,1666571555573,False,True
39808138,16.47000000,1.11000000,18.28170000,1666571555573,False,True
39808139,16.47000000,1.11000000,18.28170000,1666571555573,False,True
39808140,16.47000000,8.60000000,141.64200000,1666571555628,False,True
39808141,16.47000000,8.51000000,140.15970000,1666571555652,False,True
39808142,16.47000000,8.26000000,136.04220000,1666571555685,False,True
39808143,16.46000000,139.09000000,2289.42140000,1666571569885,True,True
39808144,16.46000000,6.27000000,103.20420000,1666571569898,True,True
39808145,16.46000000,58.72000000,966.53120000,1666571569901,True,True
39808146,16.46000000,0.61000000,10.04060000,1666571569954,True,True
39808147,16.45000000,1.92000000,31.58400000,1666571581661,True,True
39808148,16.45000000,1.92000000,31.58400000,1666571581664,True,True
39808149,16.45000000,1.92000000,31.58400000,1666571581664,True,True
39808150,16.45000000,1.92000000,31.58400000,1666571581664,True,True
39808151,16.45000000,1.92000000,31.58400000,1666571581664,True,True
39808152,16.45000000,1.11000000,18.25950000,1666571581665,True,True
39808153,16.45000000,0.81000000,13.32450000,1666571581665,True,True
39808154,16.45000000,0.97000000,15.95650000,1666571599885,True,True
39808155,16.45000000,3.30000000,54.28500000,1666571599885,True,True
39808156,16.45000000,3.76000000,61.85200000,1666571599885,True,True
39808157,16.45000000,49.09000000,807.53050000,1666571599885,True,True
39808158,16.45000000,0.61000000,10.03450000,1666571599885,True,True
39808159,16.45000000,6.26000000,102.97700000,1666571604062,False,True
39808160,16.45000000,4.00000000,65.80000000,1666571604062,False,True
39808161,16.45000000,2.98000000,49.02100000,1666571604073,False,True
39808162,16.45000000,7.33000000,120.57850000,1666571605626,False,True
39808163,16.45000000,21.89000000,360.09050000,1666571605651,False,True
39808164,16.45000000,57.34000000,943.24300000,1666571605664,False,True
39808165,16.45000000,6.45000000,106.10250000,1666571605666,False,True
39808166,16.45000000,7.90000000,129.95500000,1666571605666,False,True
39808167,16.45000000,21.00000000,345.45000000,1666571605666,False,True
39808168,16.45000000,19.99000000,328.83550000,1666571605920,True,True
39808169,16.46000000,0.61000000,10.04060000,1666571611602,False,True
39808170,16.46000000,53.83000000,886.04180000,1666571619979,True,True
39808171,16.46000000,3.51000000,57.77460000,1666571619979,True,True
39808172,16.46000000,0.58000000,9.54680000,1666571619982,True,True
39808173,16.46000000,23.90000000,393.39400000,1666571619982,True,True
39808174,16.47000000,0.61000000,10.04670000,1666571633883,False,True
39808175,16.47000000,0.97000000,15.97590000,1666571633883,False,True
39808176,16.47000000,1.63000000,26.84610000,1666571633883,False,True
39808177,16.47000000,3.30000000,54.35100000,1666571633883,False,True
39808178,16.47000000,3.76000000,61.92720000,1666571633883,False,True
39808179,16.47000000,2.77000000,45.62190000,1666571633883,False,True
39808180,16.47000000,12.56000000,206.86320000,1666571633954,True,True
39808181,16.47000000,1.91000000,31.45770000,1666571634036,True,True
39808182,16.47000000,30.46000000,501.67620000,1666571634796,True,True
39808183,16.47000000,421.74000000,6946.05780000,1666571634796,True,True
39808184,16.47000000,6.66000000,109.69020000,1666571638553,False,True
39808185,16.46000000,27.51000000,452.81460000,1666571652750,True,True
39808186,16.46000000,0.61000000,10.04060000,1666571654754,True,True
39808187,16.46000000,44.94000000,739.71240000,1666571654754,True,True
39808188,16.46000000,12.20000000,200.81200000,1666571671170,True,True
39808189,16.46000000,30.46000000,501.37160000,1666571671183,True,True
39808190,16.46000000,2.05000000,33.74300000,1666571671187,True,True
39808191,16.45000000,12.17000000,200.19650000,1666571682123,True,True
39808192,16.45000000,0.97000000,15.95650000,1666571682123,True,True
39808193,16.45000000,3.30000000,54.28500000,1666571682123,True,True
39808194,16.45000000,3.76000000,61.85200000,1666571682123,True,True
39808195,16.45000000,2.22000000,36.51900000,1666571682123,True,True
39808196,16.45000000,0.61000000,10.03450000,1666571682123,True,True
39808197,16.45000000,50.40000000,829.08000000,1666571682123,True,True
39808198,16.45000000,49.53000000,814.76850000,1666571682123,True,True
39808199,16.45000000,130.05000000,2139.32250000,1666571682133,True,True
39808200,16.45000000,24.25000000,398.91250000,1666571694192,True,True
39808201,16.45000000,2.43000000,39.97350000,1666571695635,True,True
39808202,16.45000000,2.39000000,39.31550000,1666571695635,True,True
39808203,16.46000000,0.61000000,10.04060000,1666571732033,False,True
39808204,16.46000000,15.00000000,246.90000000,1666571732033,False,True
39808205,16.46000000,21.57000000,355.04220000,1666571732033,False,True
39808206,16.46000000,51.19000000,842.58740000,1666571744022,True,True
39808207,16.46000000,11.74000000,193.24040000,1666571744022,True,True
39808208,16.46000000,157.66000000,2595.08360000,1666571744022,True,True
39808209,16.45000000,0.61000000,10.03450000,1666571754380,False,True
39808210,16.45000000,13.66000000,224.70700000,1666571766065,False,True
39808211,16.46000000,0.61000000,10.04060000,1666571769490,False,True
39808212,16.46000000,10.71000000,176.28660000,1666571769490,False,True
39808213,16.46000000,6.20000000,102.05200000,1666571769490,False,True
39808214,16.47000000,0.61000000,10.04670000,1666571773053,False,True
39808215,16.47000000,3.30000000,54.35100000,1666571773053,False,True
39808216,16.47000000,0.97000000,15.97590000,1666571773053,False,True
39808217,16.47000000,3.76000000,61.92720000,1666571773053,False,True
39808218,16.47000000,11.24000000,185.12280000,1666571773053,False,True
39808219,16.47000000,5.40000000,88.93800000,1666571776408,True,True
39808220,16.48000000,1.68000000,27.68640000,1666571778052,False,True
39808221,16.48000000,10.68000000,176.00640000,1666571778052,False,True
39808222,16.48000000,3.26000000,53.72480000,1666571778053,False,True
39808223,16.48000000,4.82000000,79.43360000,1666571778098,False,True
39808224,16.48000000,2.06000000,33.94880000,1666571778102,False,True
39808225,16.48000000,1.43000000,23.56640000,1666571778103,False,True
39808226,16.48000000,0.99000000,16.31520000,1666571778103,False,True
39808227,16.48000000,1.92000000,31.64160000,1666571778103,False,True
39808228,16.48000000,0.63000000,10.38240000,1666571778103,False,True
39808229,16.48000000,0.69000000,11.37120000,1666571778103,False,True
39808230,16.48000000,2.14000000,35.26720000,1666571778103,False,True
39808231,16.48000000,0.97000000,15.98560000,1666571778103,False,True
39808232,16.48000000,0.65000000,10.71200000,1666571778103,False,True
39808233,16.48000000,1.84000000,30.32320000,1666571778103,False,True
39808234,16.48000000,0.67000000,11.04160000,1666571778103,False,True
39808235,16.48000000,5.00000000,82.40000000,1666571778103,False,True
39808236,16.48000000,0.68000000,11.20640000,1666571778103,False,True
39808237,16.48000000,3.30000000,54.38400000,1666571778103,False,True
39808238,16.48000000,3.76000000,61.96480000,1666571778103,False,True
39808239,16.49000000,1.33000000,21.93170000,1666571778115,False,True
39808240,16.49000000,0.70000000,11.54300000,1666571778115,False,True
39808241,16.49000000,0.83000000,13.68670000,1666571778115,False,True
39808242,16.49000000,129.87000000,2141.55630000,1666571778115,False,True
39808243,16.49000000,6.28000000,103.55720000,1666571778115,False,True
39808244,16.49000000,0.98000000,16.16020000,1666571778115,False,True
39808245,16.49000000,5.63000000,92.83870000,1666571778117,False,True
39808246,16.49000000,0.61000000,10.05890000,1666571778117,False,True
39808247,16.49000000,1.00000000,16.49000000,1666571778117,False,True
39808248,16.49000000,1.45000000,23.91050000,1666571778117,False,True
39808249,16.49000000,0.68000000,11.21320000,1666571778117,False,True
39808250,16.49000000,22.05000000,363.60450000,1666571778117,False,True
39808251,16.49000000,6.51000000,107.34990000,1666571778551,False,True
39808252,16.49000000,5.69000000,93.82810000,1666571778553,False,True
39808253,16.48000000,5.69000000,93.77120000,1666571781605,True,True
39808254,16.48000000,20.65000000,340.31200000,1666571781617,True,True
39808255,16.47000000,1.42000000,23.38740000,1666571782544,True,True
39808256,16.47000000,2.00000000,32.94000000,1666571782545,True,True
39808257,16.47000000,1.31000000,21.57570000,1666571782546,True,True
39808258,16.47000000,1.39000000,22.89330000,1666571782547,True,True
39808259,16.47000000,10.05000000,165.52350000,1666571785119,True,True
39808260,16.47000000,0.61000000,10.04670000,1666571785119,True,True
39808261,16.47000000,26.52000000,436.78440000,1666571785119,True,True
39808262,16.47000000,3.48000000,57.31560000,1666571785140,True,True
39808263,16.47000000,10.02000000,165.02940000,1666571786665,False,True
39808264,16.46000000,6.99000000,115.05540000,1666571810683,True,True
39808265,16.47000000,16.05000000,264.34350000,1666571821498,True,True
39808266,16.47000000,38.08000000,627.17760000,1666571822332,True,True
39808267,16.47000000,572.99000000,9437.14530000,1666571822332,True,True
39808268,16.47000000,16.05000000,264.34350000,1666571822341,True,True
39808269,16.46000000,12.17000000,200.31820000,1666571823596,True,True
39808270,16.46000000,1.63000000,26.82980000,1666571823596,True,True
39808271,16.46000000,3.30000000,54.31800000,1666571823596,True,True
39808272,16.46000000,3.76000000,61.88960000,1666571823596,True,True
39808273,16.46000000,12.82000000,211.01720000,1666571823596,True,True
39808274,16.46000000,0.61000000,10.04060000,1666571823596,True,True
39808275,16.46000000,1.09000000,17.94140000,1666571823596,True,True
39808276,16.46000000,41.29000000,679.63340000,1666571823596,True,True
39808277,16.46000000,44.96000000,740.04160000,1666571823601,True,True
39808278,16.46000000,36.98000000,608.69080000,1666571823899,True,True
39808279,16.46000000,36.98000000,608.69080000,1666571823909,True,True
39808280,16.46000000,7.02000000,115.54920000,1666571823918,True,True
39808281,16.45000000,8.62000000,141.79900000,1666571829656,True,True
39808282,16.45000000,3.55000000,58.39750000,1666571829657,True,True
39808283,16.45000000,0.97000000,15.95650000,1666571829657,True,True
39808284,16.45000000,3.76000000,61.85200000,1666571829657,True,True
39808285,16.45000000,0.34000000,5.59300000,1666571829657,True,True
39808286,16.45000000,2.96000000,48.69200000,1666571829754,True,True
39808287,16.45000000,1.09000000,17.93050000,1666571829754,True,True
39808288,16.44000000,0.97000000,15.94680000,1666571829869,True,True
39808289,16.44000000,2.71000000,44.55240000,1666571829869,True,True
39808290,16.44000000,9.29000000,152.72760000,1666571830342,True,True
39808291,16.44000000,1.33000000,21.86520000,1666571830342,True,True
39808292,16.44000000,0.61000000,10.02840000,1666571830342,True,True
39808293,16.44000000,6.00000000,98.64000000,1666571830342,True,True
39808294,16.44000000,1.63000000,26.79720000,1666571830342,True,True
39808295,16.44000000,80.88000000,1329.66720000,1666571830342,True,True
39808296,16.44000000,127.18000000,2090.83920000,1666571830351,True,True
39808297,16.44000000,43.40000000,713.49600000,1666571830360,True,True
39808298,16.44000000,171.18000000,2814.19920000,1666571830361,True,True
39808299,16.44000000,297.06000000,4883.66640000,1666571830372,True,True
39808300,16.44000000,12.34000000,202.86960000,1666571830374,True,True
39808301,16.44000000,16.05000000,263.86200000,1666571834721,True,True
39808302,16.43000000,8.56000000,140.64080000,1666571844523,True,True
39808303,16.43000000,0.93000000,15.27990000,1666571844523,True,True
39808304,16.43000000,4.13000000,67.85590000,1666571851600,True,True
39808305,16.43000000,11.92000000,195.84560000,1666571851600,True,True
39808306,16.43000000,0.47000000,7.72210000,1666571851610,True,True
39808307,16.43000000,0.61000000,10.02230000,1666571851610,True,True
39808308,16.43000000,3.30000000,54.21900000,1666571851610,True,True
39808309,16.42000000,0.66000000,10.83720000,1666571858670,True,True
39808310,16.42000000,0.97000000,15.92740000,1666571861616,True,True
39808311,16.42000000,1.34000000,22.00280000,1666571861616,True,True
39808312,16.42000000,0.93000000,15.27060000,1666571861616,True,True
39808313,16.42000000,3.30000000,54.18600000,1666571861616,True,True
39808314,16.42000000,3.76000000,61.73920000,1666571861616,True,True
39808315,16.42000000,0.93000000,15.27060000,1666571867847,False,True
39808316,16.42000000,51.07000000,838.56940000,1666571867847,False,True
39808317,16.42000000,23.90000000,392.43800000,1666571867847,False,True
39808318,16.42000000,57.90000000,950.71800000,1666571876053,True,True
39808319,16.42000000,1.09000000,17.89780000,1666571876053,True,True
39808320,16.42000000,23.90000000,392.43800000,1666571876053,True,True
39808321,16.41000000,0.61000000,10.01010000,1666571909333,True,True
39808322,16.41000000,3.30000000,54.15300000,1666571909333,True,True
39808323,16.41000000,3.76000000,61.70160000,1666571909333,True,True
39808324,16.40000000,0.97000000,15.90800000,1666571912824,True,True
39808325,16.40000000,1.34000000,21.97600000,1666571912824,True,True
39808326,16.40000000,3.00000000,49.20000000,1666571912824,True,True
39808327,16.40000000,10.71000000,175.64400000,1666571912824,True,True
39808328,16.40000000,12.17000000,199.58800000,1666571912824,True,True
39808329,16.40000000,0.93000000,15.25200000,1666571912824,True,True
39808330,16.40000000,12.46000000,204.34400000,1666571912824,True,True
39808331,16.40000000,0.61000000,10.00400000,1666571912824,True,True
39808332,16.40000000,1.85000000,30.34000000,1666571912824,True,True
39808333,16.40000000,81.87000000,1342.66800000,1666571912831,True,True
39808334,16.40000000,1.02000000,16.72800000,1666571912836,True,True
39808335,16.40000000,98.07000000,1608.34800000,1666571912839,True,True
39808336,16.40000000,28.04000000,459.85600000,1666571912845,True,True
39808337,16.40000000,3.30000000,54.12000000,1666571912887,True,True
39808338,16.40000000,3.76000000,61.66400000,1666571912887,True,True
39808339,16.40000000,0.93000000,15.25200000,1666571918565,False,True
39808340,16.40000000,46.13000000,756.53200000,1666571924623,True,True
39808341,16.40000000,21.99000000,360.63600000,1666571924623,True,True
39808342,16.40000000,8.99000000,147.43600000,1666571948836,False,True
39808343,16.40000000,1.01000000,16.56400000,1666571948836,False,True
39808344,16.39000000,0.67000000,10.98130000,1666571966957,True,True
39808345,16.39000000,0.67000000,10.98130000,1666571966957,True,True
39808346,16.39000000,1.85000000,30.32150000,1666571966957,True,True
39808347,16.39000000,3.76000000,61.62640000,1666571966957,True,True
39808348,16.39000000,3.30000000,54.08700000,1666571966957,True,True
39808349,16.39000000,42.33000000,693.78870000,1666571966957,True,True
39808350,16.39000000,84.00000000,1376.76000000,1666571966957,True,True
39808351,16.39000000,56.41000000,924.55990000,1666571966957,True,True
39808352,16.39000000,331.48000000,5432.95720000,1666571966957,True,True
39808353,16.39000000,3.55000000,58.18450000,1666571977931,True,True
39808354,16.39000000,3.55000000,58.18450000,1666571977987,True,True
39808355,16.39000000,3.49000000,57.20110000,1666571978059,True,True
39808356,16.39000000,185.16000000,3034.77240000,1666571979315,True,True
39808357,16.39000000,139.05000000,2279.02950000,1666571979321,True,True
39808358,16.39000000,1.16000000,19.01240000,1666572013895,False,True
39808359,16.38000000,0.97000000,15.88860000,1666572015281,True,True
39808360,16.38000000,0.69000000,11.30220000,1666572015281,True,True
39808361,16.38000000,1.23000000,20.14740000,1666572015281,True,True
39808362,16.38000000,0.11000000,1.80180000,1666572015281,True,True
39808363,16.39000000,36.81000000,603.31590000,1666572017734,False,True
39808364,16.39000000,13.62000000,223.23180000,1666572017746,False,True
39808365,16.39000000,10.26000000,168.16140000,1666572017749,False,True
39808366,16.39000000,22.99000000,376.80610000,1666572017749,False,True
39808367,16.39000000,10.73000000,175.86470000,1666572017749,False,True
39808368,16.39000000,0.85000000,13.93150000,1666572017805,False,True
39808369,16.39000000,33.62000000,551.03180000,1666572017805,False,True
39808370,16.39000000,24.25000000,397.45750000,1666572017805,False,True
39808371,16.39000000,5.07000000,83.09730000,1666572017832,False,True
39808372,16.39000000,10.32000000,169.14480000,1666572030789,True,True
39808373,16.40000000,22.89000000,375.39600000,1666572036566,False,True
39808374,16.40000000,30.00000000,492.00000000,1666572036566,False,True
39808375,16.40000000,61.85000000,1014.34000000,1666572036566,False,True
39808376,16.40000000,3.30000000,54.12000000,1666572036566,False,True
39808377,16.40000000,41.86000000,686.50400000,1666572036566,False,True
39808378,16.40000000,0.97000000,15.90800000,1666572036566,False,True
39808379,16.40000000,8.88000000,145.63200000,1666572036566,False,True
39808380,16.40000000,18.89000000,309.79600000,1666572036566,False,True
39808381,16.40000000,53.78000000,881.99200000,1666572036566,False,True
39808382,16.40000000,0.79000000,12.95600000,1666572036566,False,True
39808383,16.40000000,0.99000000,16.23600000,1666572048706,True,True
39808384,16.40000000,52.95000000,868.38000000,1666572052769,True,True
39808385,16.39000000,13.11000000,214.87290000,1666572058102,True,True
39808386,16.39000000,6.89000000,112.92710000,1666572058102,True,True
39808387,16.39000000,17.01000000,278.79390000,1666572058103,True,True
39808388,16.39000000,22.99000000,376.80610000,1666572058103,True,True
39808389,16.39000000,36.81000000,603.31590000,1666572058116,True,True
39808390,16.39000000,76.17000000,1248.42630000,1666572058125,True,True
39808391,16.39000000,56.63000000,928.16570000,1666572058144,True,True
39808392,16.39000000,95.62000000,1567.21180000,1666572058158,True,True
39808393,16.39000000,13.00000000,213.07000000,1666572058158,True,True
39808394,16.39000000,4.43000000,72.60770000,1666572058308,False,True
39808395,16.39000000,4.58000000,75.06620000,1666572058308,False,True
39808396,16.39000000,2.26000000,37.04140000,1666572086247,False,True
39808397,16.38000000,0.59000000,9.66420000,1666572088232,True,True
39808398,16.38000000,0.71000000,11.62980000,1666572088232,True,True
39808399,16.38000000,1.14000000,18.67320000,1666572088232,True,True
39808400,16.38000000,0.16000000,2.62080000,1666572088232,True,True
39808401,16.38000000,0.46000000,7.53480000,1666572088233,True,True
39808402,16.38000000,0.84000000,13.75920000,1666572088233,True,True
39808403,16.38000000,0.09000000,1.47420000,1666572088233,True,True
39808404,16.38000000,1.21000000,19.81980000,1666572088233,True,True
39808405,16.38000000,1.30000000,21.29400000,1666572088233,True,True
39808406,16.38000000,1.25000000,20.47500000,1666572088235,True,True
39808407,16.38000000,0.05000000,0.81900000,1666572088235,True,True
39808408,16.38000000,0.92000000,15.06960000,1666572088238,True,True
39808409,16.38000000,3.30000000,54.05400000,1666572088238,True,True
39808410,16.38000000,7.80000000,127.76400000,1666572088238,True,True
39808411,16.38000000,57.60000000,943.48800000,1666572089285,True,True
39808412,16.38000000,236.26000000,3869.93880000,1666572089293,True,True
39808413,16.38000000,61.87000000,1013.43060000,1666572096503,False,True
39808414,16.38000000,230.45000000,3774.77100000,1666572096503,False,True
39808415,16.38000000,52.95000000,867.32100000,1666572096509,False,True
39808416,16.38000000,56.63000000,927.59940000,1666572096511,False,True
39808417,16.38000000,44.00000000,720.72000000,1666572096513,False,True
39808418,16.38000000,30.46000000,498.93480000,1666572096523,False,True
39808419,16.38000000,5.69000000,93.20220000,1666572096525,False,True
39808420,16.38000000,8.36000000,136.93680000,1666572096533,False,True
39808421,16.38000000,1.44000000,23.58720000,1666572104474,True,True
39808422,16.38000000,3.96000000,64.86480000,1666572108798,True,True
39808423,16.38000000,2.82000000,46.19160000,1666572119139,True,True
39808424,16.38000000,3.29000000,53.89020000,1666572119634,True,True
39808425,16.38000000,12.42000000,203.43960000,1666572119694,True,True
39808426,16.38000000,20.00000000,327.60000000,1666572119949,True,True
39808427,16.38000000,292.32000000,4788.20160000,1666572119959,True,True
39808428,16.38000000,52.95000000,867.32100000,1666572119962,True,True
39808429,16.38000000,23.93000000,391.97340000,1666572119971,True,True
39808430,16.38000000,30.46000000,498.93480000,1666572119974,True,True
39808431,16.38000000,5.85000000,95.82300000,1666572119980,True,True
39808432,16.38000000,58.72000000,961.83360000,1666572119987,True,True
39808433,16.38000000,247.86000000,4059.94680000,1666572119999,True,True
39808434,16.37000000,0.98000000,16.04260000,1666572121601,True,True
39808435,16.37000000,1.34000000,21.93580000,1666572121601,True,True
39808436,16.37000000,2.17000000,35.52290000,1666572121601,True,True
39808437,16.37000000,0.71000000,11.62270000,1666572121601,True,True
39808438,16.37000000,5.49000000,89.87130000,1666572121601,True,True
39808439,16.37000000,1.90000000,31.10300000,1666572121601,True,True
39808440,16.37000000,0.62000000,10.14940000,1666572121601,True,True
39808441,16.37000000,3.30000000,54.02100000,1666572121601,True,True
39808442,16.37000000,9.74000000,159.44380000,1666572121601,True,True
39808443,16.36000000,19.26000000,315.09360000,1666572121870,True,True
39808444,16.37000000,23.90000000,391.24300000,1666572121900,False,True
39808445,16.38000000,32.20000000,527.43600000,1666572167122,False,True
39808446,16.38000000,61.87000000,1013.43060000,1666572167122,False,True
39808447,16.38000000,12.44000000,203.76720000,1666572167122,False,True
39808448,16.38000000,13.97000000,228.82860000,1666572167122,False,True
39808449,16.38000000,0.62000000,10.15560000,1666572167122,False,True
39808450,16.38000000,0.98000000,16.05240000,1666572167122,False,True
39808451,16.38000000,1.11000000,18.18180000,1666572167122,False,True
39808452,16.38000000,1.11000000,18.18180000,1666572167122,False,True
39808453,16.38000000,2.34000000,38.32920000,1666572167171,True,True
39808454,16.38000000,2.34000000,38.32920000,1666572167248,True,True
39808455,16.38000000,3.91000000,64.04580000,1666572172947,True,True
39808456,16.38000000,5.41000000,88.61580000,1666572174064,True,True
39808457,16.38000000,10.50000000,171.99000000,1666572174127,True,True
39808458,16.38000000,2.34000000,38.32920000,1666572174246,True,True
39808459,16.38000000,3.68000000,60.27840000,1666572175945,True,True
39808460,16.38000000,2.60000000,42.58800000,1666572176438,True,True
39808461,16.38000000,2.60000000,42.58800000,1666572177416,True,True
39808462,16.38000000,2.60000000,42.58800000,1666572178406,True,True
39808463,16.38000000,12.20000000,199.83600000,1666572179422,True,True
39808464,16.38000000,12.20000000,199.83600000,1666572181323,True,True
39808465,16.38000000,3.09000000,50.61420000,1666572182003,True,True
39808466,16.39000000,1.05000000,17.20950000,1666572223974,False,True
39808467,16.38000000,36.33000000,595.08540000,1666572229415,False,True
39808468,16.38000000,25.55000000,418.50900000,1666572229425,False,True
39808469,16.38000000,16.32000000,267.32160000,1666572246887,True,True
39808470,16.38000000,1.83000000,29.97540000,1666572248079,True,True
39808471,16.39000000,0.70000000,11.47300000,1666572297615,False,True
39808472,16.39000000,0.62000000,10.16180000,1666572297626,False,True
39808473,16.39000000,0.93000000,15.24270000,1666572297626,False,True
39808474,16.39000000,3.30000000,54.08700000,1666572297626,False,True
39808475,16.39000000,13.90000000,227.82100000,1666572297626,False,True
39808476,16.39000000,3.76000000,61.62640000,1666572297626,False,True
39808477,16.39000000,2.21000000,36.22190000,1666572300708,True,True
39808478,16.39000000,2.18000000,35.73020000,1666572300708,True,True
39808479,16.39000000,12.25000000,200.77750000,1666572300859,True,True
39808480,16.39000000,12.19000000,199.79410000,1666572301355,True,True
39808481,16.39000000,5.28000000,86.53920000,1666572301932,True,True
39808482,16.40000000,1.23000000,20.17200000,1666572335568,False,True
39808483,16.40000000,0.97000000,15.90800000,1666572335568,False,True
39808484,16.40000000,10.31000000,169.08400000,1666572335568,False,True
39808485,16.40000000,3.30000000,54.12000000,1666572335568,False,True
39808486,16.40000000,2.34000000,38.37600000,1666572335615,True,True
39808487,16.41000000,0.61000000,10.01010000,1666572354272,False,True
39808488,16.41000000,3.76000000,61.70160000,1666572354272,False,True
39808489,16.41000000,3.30000000,54.15300000,1666572354272,False,True
39808490,16.41000000,1.11000000,18.21510000,1666572354272,False,True
39808491,16.41000000,1.91000000,31.34310000,1666572371152,True,True
39808492,16.42000000,0.61000000,10.01620000,1666572381764,False,True
39808493,16.42000000,0.97000000,15.92740000,1666572381764,False,True
39808494,16.42000000,1.34000000,22.00280000,1666572381764,False,True
39808495,16.42000000,11.50000000,188.83000000,1666572381764,False,True
39808496,16.42000000,1.11000000,18.22620000,1666572381764,False,True
39808497,16.42000000,3.30000000,54.18600000,1666572381764,False,True
39808498,16.42000000,3.76000000,61.73920000,1666572381764,False,True
39808499,16.42000000,1.11000000,18.22620000,1666572381764,False,True
39808500,16.42000000,2.66000000,43.67720000,1666572381764,False,True
39808501,16.42000000,1.13000000,18.55460000,1666572381764,False,True
39808502,16.43000000,2.00000000,32.86000000,1666572381777,False,True
39808503,16.43000000,9.18000000,150.82740000,1666572381777,False,True
39808504,16.42000000,4.79000000,78.65180000,1666572390226,True,True
39808505,16.42000000,30.46000000,500.15320000,1666572403958,True,True
39808506,16.42000000,5.87000000,96.38540000,1666572403958,True,True
39808507,16.42000000,18.03000000,296.05260000,1666572403968,True,True
39808508,16.42000000,61.87000000,1015.90540000,1666572403968,True,True
39808509,16.41000000,147.48000000,2420.14680000,1666572450991,True,True
39808510,16.41000000,20.30000000,333.12300000,1666572450994,True,True
39808511,16.41000000,38.67000000,634.57470000,1666572450996,True,True
39808512,16.41000000,3.01000000,49.39410000,1666572450997,True,True
39808513,16.41000000,13.49000000,221.37090000,1666572450997,True,True
39808514,16.41000000,3.69000000,60.55290000,1666572450997,True,True
39808515,16.41000000,200.42000000,3288.89220000,1666572451002,True,True
39808516,16.41000000,6.62000000,108.63420000,1666572451005,True,True
39808517,16.41000000,44.00000000,722.04000000,1666572451008,True,True
39808518,16.41000000,44.40000000,728.60400000,1666572451018,True,True
39808519,16.41000000,12.15000000,199.38150000,1666572451020,True,True
39808520,16.41000000,8.31000000,136.36710000,1666572470172,False,True
39808521,16.41000000,10.40000000,170.66400000,1666572470172,False,True
39808522,16.41000000,19.09000000,313.26690000,1666572470172,False,True
39808523,16.41000000,24.40000000,400.40400000,1666572470172,False,True
39808524,16.41000000,1.11000000,18.21510000,1666572470172,False,True
39808525,16.41000000,1.11000000,18.21510000,1666572470172,False,True
39808526,16.41000000,0.70000000,11.48700000,1666572470172,False,True
39808527,16.41000000,9.30000000,152.61300000,1666572470187,False,True
39808528,16.41000000,21.11000000,346.41510000,1666572470187,False,True
39808529,16.41000000,3.29000000,53.98890000,1666572470192,False,True
39808530,16.41000000,5.71000000,93.70110000,1666572470192,False,True
39808531,16.41000000,24.40000000,400.40400000,1666572470192,False,True
39808532,16.41000000,0.30000000,4.92300000,1666572470192,False,True
39808533,16.41000000,24.10000000,395.48100000,1666572470199,False,True
39808534,16.41000000,9.60000000,157.53600000,1666572470199,False,True
39808535,16.41000000,14.79000000,242.70390000,1666572470203,False,True
39808536,16.41000000,3.00000000,49.23000000,1666572470773,True,True
39808537,16.41000000,2.34000000,38.39940000,1666572470829,True,True
39808538,16.41000000,46.24000000,758.79840000,1666572471618,True,True
39808539,16.41000000,216.72000000,3556.37520000,1666572471621,True,True
39808540,16.41000000,48.49000000,795.72090000,1666572471621,True,True
39808541,16.41000000,33.70000000,553.01700000,1666572471631,True,True
39808542,16.41000000,75.44000000,1237.97040000,1666572471637,True,True
39808543,16.41000000,57.34000000,940.94940000,1666572471643,True,True
39808544,16.41000000,37.07000000,608.31870000,1666572471645,True,True
39808545,16.41000000,30.46000000,499.84860000,1666572471653,True,True
39808546,16.41000000,25.68000000,421.40880000,1666572471666,True,True
39808547,16.40000000,0.97000000,15.90800000,1666572488231,True,True
39808548,16.40000000,3.30000000,54.12000000,1666572488231,True,True
39808549,16.40000000,3.76000000,61.66400000,1666572488231,True,True
39808550,16.40000000,42.56000000,697.98400000,1666572488231,True,True
39808551,16.40000000,1.63000000,26.73200000,1666572488231,True,True
39808552,16.40000000,26.76000000,438.86400000,1666572488231,True,True
39808553,16.39000000,3.30000000,54.08700000,1666572523369,True,True
39808554,16.39000000,3.76000000,61.62640000,1666572523369,True,True
39808555,16.38000000,2.44000000,39.96720000,1666572562921,True,True
39808556,16.38000000,0.93000000,15.23340000,1666572562921,True,True
39808557,16.38000000,0.97000000,15.88860000,1666572562921,True,True
39808558,16.38000000,3.30000000,54.05400000,1666572562921,True,True
