2737513,11.95900000,1.17100000,14.00398900,1625097623907,False,True
2737514,11.95900000,1.17100000,14.00398900,1625097623907,False,True
2737515,11.95900000,1.17100000,14.00398900,1625097623907,False,True
2737516,11.95900000,1.17100000,14.00398900,1625097623907,False,True
2737517,11.95900000,1.17100000,14.00398900,1625097623907,False,True
2737518,11.95900000,1.17100000,14.00398900,1625097623907,False,True
2737519,11.95900000,1.17100000,14.00398900,1625097623907,False,True
2737520,11.95900000,1.17100000,14.00398900,1625097623907,False,True
2737521,11.95900000,0.67300000,8.04840700,1625097623907,False,True
2737522,11.95900000,619.64400000,7410.32259600,1625097623914,True,True
2737523,11.95000000,4.50000000,53.77500000,1625097642156,True,True
2737524,11.94500000,1.17100000,13.98759500,1625097642492,True,True
2737525,11.94500000,10.65400000,127.26203000,1625097642492,True,True
2737526,11.95300000,1.17200000,14.00891600,1625097662737,False,True
2737527,11.95300000,1.17200000,14.00891600,1625097662737,False,True
2737528,11.95300000,1.17200000,14.00891600,1625097662737,False,True
2737529,11.95300000,1.17200000,14.00891600,1625097662737,False,True
2737530,11.95300000,1.17200000,14.00891600,1625097662737,False,True
2737531,11.95300000,1.17200000,14.00891600,1625097662737,False,True
2737532,11.95300000,1.17200000,14.00891600,1625097662737,False,True
2737533,11.95300000,1.17200000,14.00891600,1625097662737,False,True
2737534,11.95300000,0.67200000,8.03241600,1625097662737,False,True
2737535,11.95900000,0.84500000,10.10535500,1625097665751,True,True
2737536,11.92900000,10.04800000,119.86259200,1625097716237,True,True
2737537,11.92500000,2.97400000,35.46495000,1625097718317,True,True
2737538,11.92100000,10.05200000,119.82989200,1625097729418,True,True
2737539,11.91700000,8.42000000,100.34114000,1625097730445,True,True
2737540,11.91700000,6.58000000,78.41386000,1625097730452,True,True
2737541,11.91400000,11.82500000,140.88305000,1625097770233,False,True
2737542,11.88700000,2.29100000,27.23311700,1625097949381,True,True
2737543,11.88600000,15.10100000,179.49048600,1625097956116,True,True
2737544,11.88400000,7.91700000,94.08562800,1625097957534,True,True
2737545,11.88300000,0.92500000,10.99177500,1625097957675,True,True
2737546,11.88800000,0.92500000,10.99640000,1625098031698,False,True
2737547,11.88800000,8.42000000,100.09696000,1625098031699,False,True
2737548,11.89600000,4.66500000,55.49484000,1625098123176,False,True
2737549,11.87800000,1.17700000,13.98040600,1625098190304,True,True
2737550,11.87800000,1.17700000,13.98040600,1625098190304,True,True
2737551,11.87800000,1.17700000,13.98040600,1625098190304,True,True
2737552,11.87800000,1.17700000,13.98040600,1625098190304,True,True
2737553,11.87800000,1.17700000,13.98040600,1625098190304,True,True
2737554,11.87800000,1.17700000,13.98040600,1625098190304,True,True
2737555,11.87800000,1.17700000,13.98040600,1625098190304,True,True
2737556,11.87800000,0.18300000,2.17367400,1625098190304,True,True
2737557,11.87800000,0.99400000,11.80673200,1625098190306,True,True
2737558,11.87800000,0.67200000,7.98201600,1625098190306,True,True
2737559,11.87700000,1.68400000,20.00086800,1625098190316,True,True
2737560,11.87700000,4.21000000,50.00217000,1625098190316,True,True
2737561,11.87700000,1.51600000,18.00553200,1625098190316,True,True
2737562,11.87700000,39.68000000,471.27936000,1625098190316,True,True
2737563,11.87200000,1.40800000,16.71577600,1625098191395,True,True
2737564,11.86800000,1.26400000,15.00115200,1625098191731,True,True
2737565,11.86800000,0.84300000,10.00472400,1625098191731,True,True
2737566,11.86400000,2.09100000,24.80762400,1625098192199,True,True
2737567,11.86400000,8.71200000,103.35916800,1625098192256,True,True
2737568,11.85900000,25.00000000,296.47500000,1625098193134,True,True
2737569,11.85900000,80.47900000,954.40046100,1625098193134,True,True
2737570,11.85300000,22.93600000,271.86040800,1625098193853,True,True
2737571,11.85300000,6.31400000,74.83984200,1625098193892,True,True
2737572,11.85300000,22.54200000,267.19032600,1625098193905,True,True
2737573,11.85200000,1.00000000,11.85200000,1625098193907,True,True
2737574,11.85700000,4.21600000,49.98911200,1625098196767,False,True
2737575,11.84200000,1.26700000,15.00381400,1625098204597,True,True
2737576,11.83800000,3.11300000,36.85169400,1625098204716,True,True
2737577,11.83800000,4.48900000,53.14078200,1625098204717,True,True
2737578,11.83900000,0.90900000,10.76165100,1625098206361,False,True
2737579,11.82900000,0.92100000,10.89450900,1625098247318,True,True
2737580,11.83200000,0.94600000,11.19307200,1625098247325,False,True
2737581,11.83400000,0.84600000,10.01156400,1625098309876,True,True
2737582,11.82000000,1.27000000,15.01140000,1625098371968,True,True
2737583,11.82000000,0.58500000,6.91470000,1625098371968,True,True
2737584,11.82000000,1.10800000,13.09656000,1625098371999,True,True
2737585,11.81900000,1.82300000,21.54603700,1625098372624,True,True
2737586,11.81900000,2.35400000,27.82192600,1625098375423,True,True
2737587,11.81900000,1.82300000,21.54603700,1625098375648,True,True
2737588,11.81600000,1.69300000,20.00448800,1625098375686,True,True
2737589,11.81600000,2.53900000,30.00082400,1625098375686,True,True
2737590,11.80600000,1.52500000,18.00415000,1625098442831,True,True
2737591,11.81000000,3.55900000,42.03179000,1625098475978,False,True
2737592,11.81000000,1.13000000,13.34530000,1625098475978,False,True
2737593,11.81000000,1.50000000,17.71500000,1625098475978,False,True
2737594,11.81000000,0.99800000,11.78638000,1625098475978,False,True
2737595,11.81000000,0.92100000,10.87701000,1625098475978,False,True
2737596,11.81000000,0.99800000,11.78638000,1625098475978,False,True
2737597,11.81000000,2.71900000,32.11139000,1625098475978,False,True
2737598,11.81000000,64.00000000,755.84000000,1625098477471,False,True
2737599,11.81800000,1.20900000,14.28796200,1625098491030,False,True
2737600,11.80300000,3.50100000,41.32230300,1625098492910,True,True
2737601,11.80300000,8.00400000,94.47121200,1625098492928,False,True
2737602,11.80300000,17.37800000,205.11253400,1625098492936,False,True
2737603,11.82000000,0.93100000,11.00442000,1625098512250,False,True
2737604,11.82400000,25.00000000,295.60000000,1625098525621,False,True
2737605,11.80000000,0.93200000,10.99760000,1625098575147,True,True
2737606,11.79900000,1.69600000,20.01110400,1625098575298,True,True
2737607,11.79900000,1.69600000,20.01110400,1625098575298,True,True
2737608,11.79300000,0.93300000,11.00286900,1625098577523,True,True
2737609,11.79100000,2.29100000,27.01318100,1625098577523,True,True
2737610,11.78000000,1.05300000,12.40434000,1625098581964,True,True
2737611,11.77600000,7.54800000,88.88524800,1625098581964,True,True
2737612,11.79700000,11.82500000,139.49952500,1625098615794,False,True
2737613,11.80100000,7.62600000,89.99442600,1625098622676,False,True
2737614,11.80900000,25.00000000,295.22500000,1625098639414,False,True
2737615,11.81100000,5.91600000,69.87387600,1625098639423,True,True
2737616,11.81800000,1.14900000,13.57888200,1625098827717,False,True
2737617,11.83600000,10.00000000,118.36000000,1625098894820,False,True
2737618,11.83800000,21.60000000,255.70080000,1625098905807,False,True
2737619,11.83700000,3.00000000,35.51100000,1625099002371,False,True
2737620,11.81700000,1.18300000,13.97951100,1625099047516,True,True
2737621,11.81700000,25.00000000,295.42500000,1625099047516,True,True
2737622,11.81700000,15.82700000,187.02765900,1625099047516,True,True
2737623,11.81700000,1.18300000,13.97951100,1625099047516,True,True
2737624,11.81700000,1.18300000,13.97951100,1625099047516,True,True
2737625,11.81700000,1.18300000,13.97951100,1625099047516,True,True
2737626,11.81700000,1.18300000,13.97951100,1625099047516,True,True
2737627,11.81700000,1.18300000,13.97951100,1625099047516,True,True
2737628,11.81700000,1.18300000,13.97951100,1625099047516,True,True
2737629,11.81700000,1.18300000,13.97951100,1625099047516,True,True
2737630,11.81700000,0.68300000,8.07101100,1625099047516,True,True
2737631,11.81600000,14.78700000,174.72319200,1625099047516,True,True
2737632,11.81600000,14.79400000,174.80590400,1625099047516,True,True
2737633,11.81500000,7.61700000,89.99485500,1625099047516,True,True
2737634,11.81400000,14.60800000,172.57891200,1625099047516,True,True
2737635,11.81300000,16.46600000,194.51285800,1625099047516,True,True
2737636,11.81100000,7.70900000,91.05099900,1625099047516,True,True
2737637,11.81100000,5.91900000,69.90930900,1625099047516,True,True
2737638,11.79600000,4.40000000,51.90240000,1625099080323,False,True
2737639,11.81200000,7.61900000,89.99562800,1625099143989,False,True
2737640,11.79600000,10.94700000,129.13081200,1625099160325,False,True
2737641,11.83200000,13.68400000,161.90908800,1625099303615,False,True
2737642,11.83700000,25.00000000,295.92500000,1625099311467,False,True
2737643,11.85100000,109.45800000,1297.18675800,1625099566564,False,True
2737644,11.86600000,25.00000000,296.65000000,1625099611565,False,True
2737645,11.87300000,139.51300000,1656.43784900,1625099626255,False,True
2737646,11.87700000,1.52500000,18.11242500,1625099659896,False,True
2737647,11.88200000,1.86400000,22.14804800,1625099687673,False,True
2737648,11.88700000,2.29100000,27.23311700,1625099688371,False,True
2737649,11.87600000,1.68400000,19.99918400,1625099718796,True,True
2737650,11.87600000,0.92600000,10.99717600,1625099718796,True,True
2737651,11.86800000,1.17800000,13.98050400,1625099719378,True,True
2737652,11.86800000,1.17800000,13.98050400,1625099719378,True,True
2737653,11.86800000,1.17800000,13.98050400,1625099719378,True,True
2737654,11.86800000,1.17800000,13.98050400,1625099719378,True,True
2737655,11.86800000,1.17800000,13.98050400,1625099719378,True,True
2737656,11.86800000,1.17800000,13.98050400,1625099719378,True,True
2737657,11.86800000,1.17800000,13.98050400,1625099719378,True,True
2737658,11.86800000,1.17800000,13.98050400,1625099719378,True,True
2737659,11.86800000,0.67500000,8.01090000,1625099719378,True,True
2737660,11.86300000,5.00900000,59.42176700,1625099719459,True,True
2737661,11.88300000,1.40000000,16.63620000,1625099773665,False,True
2737662,11.88300000,6.17300000,73.35375900,1625099773731,False,True
2737663,11.88300000,0.84600000,10.05301800,1625100095496,False,True
2737664,11.84400000,8.74500000,103.57578000,1625100171209,True,True
2737665,11.84400000,0.84500000,10.00818000,1625100192151,True,True
2737666,11.86100000,0.90400000,10.72234400,1625100243779,False,True
2737667,11.86800000,10.92100000,129.61042800,1625100322029,False,True
2737668,11.90000000,193.52900000,2302.99510000,1625100563108,False,True
2737669,11.90000000,0.84500000,10.05550000,1625100670509,False,True
2737670,11.90600000,1.50000000,17.85900000,1625100726941,True,True
2737671,11.87700000,11.82500000,140.44552500,1625100776125,True,True
2737672,11.87700000,0.84500000,10.03606500,1625100776135,True,True
2737673,11.86900000,1.18000000,14.00542000,1625100901845,False,True
2737674,11.86900000,1.18000000,14.00542000,1625100901845,False,True
2737675,11.86900000,1.18000000,14.00542000,1625100901845,False,True
2737676,11.86900000,1.18000000,14.00542000,1625100901845,False,True
2737677,11.86900000,1.18000000,14.00542000,1625100901845,False,True
2737678,11.86900000,1.18000000,14.00542000,1625100901845,False,True
2737679,11.86900000,1.18000000,14.00542000,1625100901845,False,True
2737680,11.86900000,1.18000000,14.00542000,1625100901845,False,True
2737681,11.86900000,0.67800000,8.04718200,1625100901845,False,True
2737682,11.88000000,1.17900000,14.00652000,1625100903459,False,True
2737683,11.88000000,0.52800000,6.27264000,1625100903459,False,True
2737684,11.85900000,8.98600000,106.56497400,1625101028469,True,True
2737685,11.85000000,0.84400000,10.00140000,1625101087749,False,True
2737686,11.83100000,2.83900000,33.58820900,1625101138621,True,True
2737687,11.86000000,11.82500000,140.24450000,1625101286616,False,True
2737688,11.86000000,1.84900000,21.92914000,1625101298656,False,True
2737689,11.86000000,8.42000000,99.86120000,1625101298710,False,True
2737690,11.86000000,3.40500000,40.38330000,1625101298781,False,True
2737691,11.90700000,1.17600000,14.00263200,1625101433245,False,True
2737692,11.94100000,1.00000000,11.94100000,1625101660994,False,True
2737693,11.93200000,2.83900000,33.87494800,1625101698815,False,True
2737694,11.94100000,0.84400000,10.07820400,1625101766642,False,True
2737695,11.93400000,10.51000000,125.42634000,1625101769218,True,True
2737696,11.93400000,10.05200000,119.96056800,1625101769246,True,True
2737697,11.93100000,2.44900000,29.21901900,1625101795952,True,True
2737698,11.91400000,8.42000000,100.31588000,1625101797410,True,True
2737699,11.91400000,3.40500000,40.56717000,1625101797412,True,True
2737700,11.91400000,9.37600000,111.70566400,1625101797412,True,True
2737701,11.92400000,11.82500000,141.00130000,1625101900223,False,True
2737702,11.90000000,1.18100000,14.05390000,1625102004451,False,True
2737703,11.91500000,70.51700000,840.21005500,1625102045320,True,True
2737704,11.91400000,22.00000000,262.10800000,1625102045320,True,True
2737705,11.91200000,15.85700000,188.88858400,1625102045320,True,True
2737706,11.90600000,16.08400000,191.49610400,1625102045320,True,True
2737707,11.90100000,14.50700000,172.64780700,1625102045320,True,True
2737708,11.89700000,14.97100000,178.10998700,1625102045320,True,True
2737709,11.89000000,96.06400000,1142.20096000,1625102045320,True,True
2737710,11.91600000,22.00000000,262.15200000,1625102103751,False,True
2737711,11.91600000,19.96100000,237.85527600,1625102103751,False,True
2737712,11.91200000,1.17600000,14.00851200,1625102206016,False,True
2737713,11.91200000,1.17600000,14.00851200,1625102206016,False,True
2737714,11.91200000,1.17600000,14.00851200,1625102206016,False,True
2737715,11.91200000,1.17600000,14.00851200,1625102206016,False,True
2737716,11.91200000,1.17600000,14.00851200,1625102206016,False,True
2737717,11.91200000,1.17600000,14.00851200,1625102206016,False,True
2737718,11.91200000,1.17600000,14.00851200,1625102206016,False,True
2737719,11.91200000,0.16200000,1.92974400,1625102206016,False,True
2737720,11.91200000,1.01400000,12.07876800,1625102206018,False,True
2737721,11.91200000,0.67600000,8.05251200,1625102206018,False,True
2737722,11.94800000,1.51600000,18.11316800,1625102320365,False,True
2737723,11.94800000,1.17200000,14.00305600,1625102320365,False,True
2737724,11.94800000,1.17200000,14.00305600,1625102320378,False,True
2737725,11.94800000,1.17200000,14.00305600,1625102320378,False,True
2737726,11.94800000,1.17200000,14.00305600,1625102320378,False,True
2737727,11.94800000,1.17200000,14.00305600,1625102320378,False,True
2737728,11.94800000,1.17200000,14.00305600,1625102320378,False,True
2737729,11.94800000,1.17200000,14.00305600,1625102320378,False,True
2737730,11.94800000,1.17200000,14.00305600,1625102320378,False,True
2737731,11.94800000,0.21600000,2.58076800,1625102320378,False,True
2737732,11.97200000,6.00000000,71.83200000,1625102354931,False,True
2737733,11.98300000,2.29100000,27.45305300,1625102367682,False,True
2737734,11.98500000,1.16900000,14.01046500,1625102368201,False,True
2737735,11.98500000,1.16900000,14.01046500,1625102368201,False,True
2737736,11.98500000,1.16900000,14.01046500,1625102368201,False,True
2737737,11.98500000,1.16900000,14.01046500,1625102368201,False,True
2737738,11.98500000,1.16900000,14.01046500,1625102368201,False,True
2737739,11.98500000,1.16900000,14.01046500,1625102368201,False,True
2737740,11.98500000,1.16900000,14.01046500,1625102368201,False,True
2737741,11.98500000,0.16000000,1.91760000,1625102368201,False,True
2737742,11.98500000,1.00900000,12.09286500,1625102368288,False,True
2737743,11.98500000,0.66800000,8.00598000,1625102368288,False,True
2737744,11.98800000,1.13800000,13.64234400,1625102368627,False,True
2737745,12.01500000,6.31400000,75.86271000,1625102376428,False,True
2737746,12.02000000,1.50700000,18.11414000,1625102376582,False,True
2737747,12.02400000,3.68700000,44.33248800,1625102376600,False,True
2737748,12.02400000,1.05300000,12.66127200,1625102376600,False,True
2737749,12.02900000,1.00000000,12.02900000,1625102377004,False,True
2737750,12.03300000,8.42000000,101.31786000,1625102377037,False,True
2737751,12.03900000,21.65600000,260.71658400,1625102377579,False,True
2737752,12.04800000,2.10800000,25.39718400,1625102378120,False,True
2737753,12.06700000,0.83700000,10.10007900,1625102379628,False,True
2737754,12.05700000,1.24600000,15.02302200,1625102385617,False,True
2737755,12.02600000,2.53200000,30.44983200,1625102408299,True,True
2737756,12.02600000,0.91400000,10.99176400,1625102413477,True,True
2737757,12.01300000,1.68400000,20.22989200,1625102414042,True,True
2737758,12.02800000,0.84000000,10.10352000,1625102464729,False,True
2737759,12.00900000,51.30800000,616.15777200,1625102467719,True,True
2737760,12.00800000,22.00000000,264.17600000,1625102467719,True,True
2737761,12.00600000,21.65600000,260.00193600,1625102467719,True,True
2737762,12.00500000,1.89400000,22.73747000,1625102467719,True,True
2737763,12.00500000,28.62800000,343.67914000,1625102467719,True,True
2737764,12.02600000,22.00000000,264.57200000,1625102505672,False,True
2737765,12.04100000,8.52200000,102.61340200,1625102567615,False,True
2737766,12.06000000,0.83900000,10.11834000,1625102647775,True,True
2737767,12.07000000,2.49400000,30.10258000,1625102649721,False,True
2737768,12.07000000,2.53500000,30.59745000,1625102649721,False,True
2737769,12.07300000,0.83700000,10.10510100,1625102651022,False,True
2737770,12.07300000,0.83700000,10.10510100,1625102651275,False,True
2737771,12.07300000,0.42400000,5.11895200,1625102656175,False,True
2737772,12.08000000,0.83700000,10.11096000,1625102657814,False,True
2737773,12.05800000,10.00000000,120.58000000,1625102711006,True,True
2737774,12.02200000,22.00000000,264.48400000,1625102727496,True,True
2737775,12.02000000,15.06600000,181.09332000,1625102727496,True,True
2737776,12.01900000,4.85300000,58.32820700,1625102727496,True,True
2737777,12.01500000,1.82500000,21.92737500,1625102767511,True,True
2737778,11.94800000,1.50700000,18.00563600,1625103019866,True,True
2737779,11.94100000,1.00000000,11.94100000,1625103043045,True,True
2737780,11.94100000,5.91300000,70.60713300,1625103069783,True,True
2737781,11.94100000,43.58200000,520.41266200,1625103069784,True,True
2737782,11.92900000,0.92200000,10.99853800,1625103100017,True,True
2737783,11.92200000,1.58900000,18.94405800,1625103103273,False,True
2737784,11.90300000,1.08900000,12.96236700,1625103137237,False,True
2737785,11.90300000,15.00000000,178.54500000,1625103143644,False,True
2737786,11.89900000,2.75900000,32.82934100,1625103160455,True,True
2737787,11.89900000,8.42000000,100.18958000,1625103160466,False,True
2737788,11.89900000,3.82100000,45.46607900,1625103160473,False,True
2737789,11.92700000,21.60000000,257.62320000,1625103172529,False,True
2737790,11.92700000,0.05600000,0.66791200,1625103172561,False,True
2737791,11.93000000,22.00000000,262.46000000,1625103294435,True,True
2737792,11.92800000,18.11600000,216.08764800,1625103294435,True,True
2737793,11.92700000,9.37900000,111.86333300,1625103294441,False,True
2737794,11.94100000,4.40000000,52.54040000,1625103325788,False,True
2737795,11.93400000,17.60000000,210.03840000,1625103339784,False,True
2737796,11.93400000,0.83800000,10.00069200,1625103489327,True,True
2737797,11.91600000,7.55200000,89.98963200,1625103530628,True,True
2737798,11.91500000,117.04800000,1394.62692000,1625103530628,True,True
2737799,11.91500000,7.58200000,90.33953000,1625103530685,True,True
2737800,11.91500000,5.08600000,60.59969000,1625103530692,True,True
2737801,11.91500000,80.10300000,954.42724500,1625103531240,True,True
2737802,11.89400000,4.74600000,56.44892400,1625103644664,True,True
2737803,11.88700000,2.29100000,27.23311700,1625103692863,True,True
2737804,11.91200000,11.76900000,140.19232800,1625103894664,False,True
2737805,11.93900000,7.53800000,89.99618200,1625103987279,False,True
2737806,11.92400000,1.17300000,13.98685200,1625104060957,True,True
2737807,11.92400000,1.17300000,13.98685200,1625104060957,True,True
2737808,11.92400000,1.17300000,13.98685200,1625104060957,True,True
2737809,11.92400000,1.17300000,13.98685200,1625104060957,True,True
2737810,11.92400000,1.17300000,13.98685200,1625104060957,True,True
2737811,11.92400000,1.17300000,13.98685200,1625104060957,True,True
2737812,11.92400000,1.17300000,13.98685200,1625104060957,True,True
2737813,11.92400000,1.17300000,13.98685200,1625104060957,True,True
2737814,11.92400000,0.67200000,8.01292800,1625104060957,True,True
2737815,11.92500000,1.17200000,13.97610000,1625104094978,True,True
2737816,11.92500000,1.17200000,13.97610000,1625104094978,True,True
2737817,11.92500000,1.17200000,13.97610000,1625104094978,True,True
2737818,11.92500000,1.17200000,13.97610000,1625104094978,True,True
2737819,11.92500000,1.17200000,13.97610000,1625104094978,True,True
2737820,11.92500000,1.17200000,13.97610000,1625104094978,True,True
2737821,11.92500000,1.17200000,13.97610000,1625104094978,True,True
2737822,11.92500000,1.17200000,13.97610000,1625104094978,True,True
2737823,11.92500000,0.67600000,8.06130000,1625104094978,True,True
2737824,11.92400000,9.79100000,116.74788400,1625104094978,True,True
2737825,11.92800000,1.90000000,22.66320000,1625104162018,False,True
2737826,11.92800000,4.40000000,52.48320000,1625104162366,False,True
2737827,11.93400000,24.00000000,286.41600000,1625104206783,False,True
2737828,11.93400000,37.10000000,442.75140000,1625104206783,False,True
2737829,11.94600000,14.22200000,169.89601200,1625104259413,False,True
2737830,11.94900000,50.00000000,597.45000000,1625104346613,False,True
2737831,11.92600000,1.76900000,21.09709400,1625104371070,True,True
2737832,11.92600000,1.94200000,23.16029200,1625104374352,True,True
2737833,11.92600000,1.76900000,21.09709400,1625104379120,True,True
2737834,11.92600000,11.82500000,141.02495000,1625104590161,False,True
2737835,11.92600000,8.42000000,100.41692000,1625104618254,False,True
2737836,11.92600000,4.26200000,50.82861200,1625104620615,False,True
2737837,11.92600000,11.82500000,141.02495000,1625104624326,False,True
2737838,11.92300000,7.54800000,89.99480400,1625104671351,True,True
2737839,11.91900000,4.27700000,50.97756300,1625104671351,True,True
2737840,11.92200000,54.03000000,644.14566000,1625104757226,True,True
2737841,11.94300000,1.17300000,14.00913900,1625104812347,False,True
2737842,11.94300000,1.17300000,14.00913900,1625104812347,False,True
2737843,11.94300000,1.17300000,14.00913900,1625104812347,False,True
2737844,11.94300000,1.17300000,14.00913900,1625104812347,False,True
2737845,11.94300000,1.17300000,14.00913900,1625104812347,False,True
2737846,11.94300000,1.17300000,14.00913900,1625104812347,False,True
2737847,11.94300000,1.17300000,14.00913900,1625104812347,False,True
2737848,11.94300000,1.17300000,14.00913900,1625104812347,False,True
2737849,11.94300000,0.67000000,8.00181000,1625104812347,False,True
2737850,11.94500000,1.77100000,21.15459500,1625104812347,False,True
2737851,11.92200000,0.00600000,0.07153200,1625104830559,True,True
2737852,11.91100000,11.81900000,140.77610900,1625104883574,True,True
2737853,11.88100000,2.15600000,25.61543600,1625105091224,True,True
2737854,11.87700000,1.51600000,18.00553200,1625105092179,True,True
2737855,11.87100000,0.84200000,9.99538200,1625105167785,False,True
2737856,11.84800000,1.90000000,22.51120000,1625105214824,True,True
2737857,11.84700000,1.26700000,15.01014900,1625105251470,True,True
2737858,11.84600000,0.92800000,10.99308800,1625105251969,True,True
2737859,11.84000000,1.69000000,20.00960000,1625105266311,True,True
2737860,11.84000000,1.69000000,20.00960000,1625105266311,True,True
2737861,11.83400000,1.26800000,15.00551200,1625105266835,True,True
2737862,11.81900000,1.28500000,15.18741500,1625105270054,True,True
2737863,11.81900000,3.43000000,40.53917000,1625105270294,True,True
2737864,11.81900000,1.28500000,15.18741500,1625105270331,True,True
2737865,11.82600000,1.18400000,14.00198400,1625105341207,False,True
2737866,11.82600000,1.18400000,14.00198400,1625105341207,False,True
2737867,11.82600000,1.18400000,14.00198400,1625105341207,False,True
2737868,11.82600000,1.18400000,14.00198400,1625105341207,False,True
2737869,11.82600000,1.18400000,14.00198400,1625105341207,False,True
2737870,11.82600000,1.18400000,14.00198400,1625105341207,False,True
2737871,11.82600000,1.18400000,14.00198400,1625105341207,False,True
2737872,11.82600000,0.13200000,1.56103200,1625105341207,False,True
2737873,11.81600000,1.18300000,13.97832800,1625105342470,True,True
2737874,11.81600000,1.18300000,13.97832800,1625105342470,True,True
2737875,11.81600000,1.18300000,13.97832800,1625105342470,True,True
2737876,11.81600000,1.18300000,13.97832800,1625105342470,True,True
2737877,11.81600000,1.18300000,13.97832800,1625105342470,True,True
2737878,11.81600000,1.18300000,13.97832800,1625105342470,True,True
2737879,11.81600000,1.18300000,13.97832800,1625105342470,True,True
2737880,11.81600000,0.13900000,1.64242400,1625105342470,True,True
2737881,11.80600000,1.52500000,18.00415000,1625105407936,True,True
2737882,11.80600000,0.93200000,11.00319200,1625105412331,False,True
2737883,11.80600000,26.28000000,310.26168000,1625105413529,False,True
2737884,11.79700000,1.90000000,22.41430000,1625105430792,True,True
2737885,11.79600000,1.69600000,20.00601600,1625105430807,True,True
2737886,11.79900000,0.84800000,10.00555200,1625105468732,True,True
2737887,11.79100000,2.29100000,27.01318100,1625105471065,True,True
2737888,11.81000000,1.18600000,14.00666000,1625105483846,False,True
2737889,11.81000000,10.63900000,125.64659000,1625105483846,False,True
2737890,11.78100000,5.43100000,63.98261100,1625105535084,True,True
2737891,11.78000000,1.05300000,12.40434000,1625105541483,True,True
2737892,11.77900000,0.93400000,11.00158600,1625105541706,True,True
2737893,11.76600000,1.42200000,16.73125200,1625105542712,True,True
2737894,11.76300000,0.93500000,10.99840500,1625105542712,True,True
2737895,11.76100000,6.52600000,76.75228600,1625105542712,True,True
2737896,11.75900000,2.00800000,23.61207200,1625105542712,True,True
2737897,11.75900000,10.00000000,117.59000000,1625105543663,True,True
2737898,11.75900000,11.23300000,132.08884700,1625105543665,True,True
2737899,11.75900000,22.62600000,266.05913400,1625105543667,True,True
2737900,11.75900000,10.00000000,117.59000000,1625105543669,True,True
2737901,11.75900000,10.00000000,117.59000000,1625105543848,True,True
2737902,11.75900000,45.86700000,539.35005300,1625105543890,True,True
2737903,11.75900000,55.86700000,656.94005300,1625105544156,True,True
2737904,11.75900000,37.50000000,440.96250000,1625105544268,True,True
2737905,11.75900000,9.82400000,115.52041600,1625105544397,True,True
2737906,11.75900000,4.09000000,48.09431000,1625105544794,True,True
2737907,11.75900000,4.45300000,52.36282700,1625105544837,True,True
2737908,11.75900000,55.86700000,656.94005300,1625105544847,True,True
2737909,11.75900000,51.41400000,604.57722600,1625105544863,True,True
2737910,11.75900000,4.45300000,52.36282700,1625105544892,True,True
2737911,11.75900000,51.41400000,604.57722600,1625105544892,True,True
2737912,11.75900000,3.70000000,43.50830000,1625105545100,True,True
2737913,11.75900000,0.75300000,8.85452700,1625105545296,True,True
2737914,11.75900000,16.44700000,193.40027300,1625105545296,True,True
2737915,11.75900000,39.42000000,463.53978000,1625105545307,True,True
2737916,11.75900000,16.44700000,193.40027300,1625105545318,True,True
2737917,11.75900000,30.00000000,352.77000000,1625105545583,True,True
2737918,11.75900000,9.42000000,110.76978000,1625105545633,True,True
2737919,11.75900000,55.86100000,656.86949900,1625105545650,True,True
2737920,11.75800000,15.16800000,178.34534400,1625105545669,True,True
2737921,11.75600000,1.00000000,11.75600000,1625105546955,True,True
2737922,11.75400000,7.65600000,89.98862400,1625105547030,True,True
2737923,11.75600000,14.00000000,164.58400000,1625105547784,False,True
2737924,11.76500000,26.38000000,310.36070000,1625105549285,False,True
2737925,11.73600000,1.53400000,18.00302400,1625105623624,True,True
2737926,11.73000000,129.54400000,1519.55112000,1625105625530,True,True
2737927,11.72700000,1.00900000,11.83254300,1625105630044,True,True
2737928,11.70900000,77.50500000,907.50604500,1625105640860,True,True
2737929,11.70900000,77.50500000,907.50604500,1625105641238,True,True
2737930,11.70900000,20.24300000,237.02528700,1625105641359,True,True
2737931,11.70800000,0.94000000,11.00552000,1625105641499,True,True
2737932,11.69400000,2.29100000,26.79095400,1625105642117,True,True
2737933,11.70200000,1.19700000,14.00729400,1625105653385,False,True
2737934,11.72500000,7.67500000,89.98937500,1625105664520,False,True
2737935,11.72700000,1.90000000,22.28130000,1625105664817,False,True
2737936,11.73100000,9.92500000,116.43017500,1625105664817,False,True
2737937,11.70300000,1.70800000,19.98872400,1625105719656,True,True
2737938,11.69900000,7.69200000,89.98870800,1625105719656,True,True
2737939,11.68500000,1.90000000,22.20150000,1625105728316,True,True
2737940,11.68100000,0.52500000,6.13252500,1625105728316,True,True
2737941,11.68900000,16.50000000,192.86850000,1625105728370,False,True
2737942,11.67800000,1.71300000,20.00441400,1625105729349,True,True
2737943,11.68700000,0.93200000,10.89228400,1625105746012,False,True
2737944,11.66600000,6.00000000,69.99600000,1625105761925,True,True
2737945,11.66600000,1.54300000,18.00063800,1625105761925,True,True
2737946,11.66000000,1.90000000,22.15400000,1625105767471,True,True
2737947,11.66000000,0.56500000,6.58790000,1625105769650,True,True
2737948,11.66200000,16.40000000,191.25680000,1625105821195,False,True
2737949,11.66200000,0.85800000,10.00599600,1625105834880,True,True
2737950,11.63600000,22.00000000,255.99200000,1625105852282,True,True
2737951,11.63500000,1.80500000,21.00117500,1625105852282,True,True
2737952,11.63500000,4.51300000,52.50875500,1625105852282,True,True
2737953,11.63200000,14.44100000,167.97771200,1625105852282,True,True
2737954,11.62900000,7.24100000,84.20558900,1625105852282,True,True
2737955,11.66400000,1.38400000,16.14297600,1625105884563,False,True
2737956,11.64200000,1.20100000,13.98204200,1625105914215,True,True
2737957,11.67700000,1.19900000,14.00072300,1625106014436,False,True
2737958,11.67700000,1.19900000,14.00072300,1625106014436,False,True
2737959,11.67700000,1.19900000,14.00072300,1625106014436,False,True
2737960,11.67700000,1.19900000,14.00072300,1625106014436,False,True
2737961,11.67700000,1.19900000,14.00072300,1625106014436,False,True
2737962,11.67700000,1.19900000,14.00072300,1625106014436,False,True
2737963,11.67700000,1.19900000,14.00072300,1625106014436,False,True
2737964,11.67700000,0.17200000,2.00844400,1625106014436,False,True
2737965,11.67700000,1.02700000,11.99227900,1625106014437,False,True
2737966,11.67700000,0.69300000,8.09216100,1625106014437,False,True
2737967,11.68900000,0.06600000,0.77147400,1625106021771,False,True
2737968,11.66700000,22.00000000,256.67400000,1625106028950,True,True
2737969,11.66700000,1.43900000,16.78881300,1625106028950,True,True
2737970,11.66600000,15.90900000,185.59439400,1625106028950,True,True
2737971,11.66200000,16.43900000,191.71161800,1625106028950,True,True
2737972,11.65900000,1.19800000,13.96748200,1625106028950,True,True
2737973,11.65900000,1.19800000,13.96748200,1625106028950,True,True
2737974,11.65900000,1.19800000,13.96748200,1625106028950,True,True
2737975,11.65900000,1.19800000,13.96748200,1625106028950,True,True
2737976,11.65900000,1.19800000,13.96748200,1625106028950,True,True
2737977,11.65900000,1.19800000,13.96748200,1625106028950,True,True
2737978,11.65900000,1.19800000,13.96748200,1625106028950,True,True
2737979,11.65900000,1.19800000,13.96748200,1625106028950,True,True
2737980,11.65900000,0.69000000,8.04471000,1625106028950,True,True
2737981,11.65800000,60.25900000,702.49942200,1625106028950,True,True
2737982,11.65600000,15.23700000,177.60247200,1625106028950,True,True
2737983,11.64700000,26.88300000,313.10630100,1625106028950,True,True
2737984,11.68600000,1.19900000,14.01151400,1625106035272,False,True
2737985,11.68600000,1.19900000,14.01151400,1625106035272,False,True
2737986,11.68600000,1.19900000,14.01151400,1625106035272,False,True
2737987,11.68600000,1.19900000,14.01151400,1625106035272,False,True
2737988,11.68600000,1.19900000,14.01151400,1625106035272,False,True
2737989,11.68600000,1.19900000,14.01151400,1625106035272,False,True
2737990,11.68600000,1.19900000,14.01151400,1625106035272,False,True
2737991,11.68600000,0.17100000,1.99830600,1625106035272,False,True
2737992,11.68600000,1.02800000,12.01320800,1625106035274,False,True
2737993,11.68600000,0.68800000,8.03996800,1625106035274,False,True
2737994,11.68700000,22.00000000,257.11400000,1625106035297,False,True
2737995,11.65700000,26.92600000,313.87638200,1625106219220,False,True
2737996,11.63000000,7.73800000,89.99294000,1625106228200,True,True
2737997,11.62600000,0.90400000,10.50990400,1625106253661,True,True
2737998,11.63900000,21.60000000,251.40240000,1625106266172,False,True
2737999,11.63900000,0.05600000,0.65178400,1625106270136,False,True
2738000,11.64000000,7.73100000,89.98884000,1625106270148,False,True
2738001,11.64200000,5.20000000,60.53840000,1625106310097,False,True
2738002,11.65100000,11.82500000,137.77307500,1625106310601,False,True
2738003,11.65400000,10.09900000,117.69374600,1625106321753,False,True
2738004,11.63800000,22.00000000,256.03600000,1625106388969,False,True
2738005,11.63700000,11.82500000,137.60752500,1625106444157,True,True
2738006,11.64100000,11.82500000,137.65482500,1625106537043,False,True
2738007,11.61800000,1.72100000,19.99457800,1625106604881,True,True
2738008,11.61700000,10.10400000,117.37816800,1625106604881,True,True
2738009,11.61700000,5.06300000,58.81687100,1625106605128,True,True
2738010,11.61200000,7.75000000,89.99300000,1625106607573,True,True
2738011,11.61200000,0.94400000,10.96172800,1625106613261,False,True
2738012,11.61200000,5.36200000,62.26354400,1625106615333,False,True
2738013,11.61200000,0.94400000,10.96172800,1625106615755,False,True
2738014,11.61000000,1.08100000,12.55041000,1625106616754,True,True
2738015,11.61000000,0.81900000,9.50859000,1625106630457,True,True
2738016,11.60700000,10.00000000,116.07000000,1625106630488,True,True
2738017,11.60500000,1.33200000,15.45786000,1625106630496,True,True
2738018,11.60500000,1.35800000,15.75959000,1625106630496,True,True
2738019,11.60300000,0.94800000,10.99964400,1625106631371,True,True
2738020,11.59900000,0.94800000,10.99585200,1625106632579,True,True
2738021,11.59800000,2.29100000,26.57101800,1625106632941,True,True
2738022,11.59800000,1.81100000,21.00397800,1625106632941,True,True
2738023,11.59800000,1.81100000,21.00397800,1625106632941,True,True
2738024,11.59600000,1.55200000,17.99699200,1625106632982,True,True
2738025,11.59400000,21.65600000,251.07966400,1625106633110,True,True
2738026,11.59300000,0.92600000,10.73511800,1625106633646,True,True
2738027,11.59300000,0.43300000,5.01976900,1625106638540,True,True
2738028,11.57900000,1.00000000,11.57900000,1625106639290,True,True
2738029,11.57900000,1.81400000,21.00430600,1625106639290,True,True
2738030,11.57900000,2.72100000,31.50645900,1625106639290,True,True
2738031,11.56600000,0.95200000,11.01083200,1625106654189,True,True
2738032,11.56800000,20.30000000,234.83040000,1625106655287,False,True
2738033,11.56800000,0.06200000,0.71721600,1625106656036,False,True
2738034,11.57600000,0.93300000,10.80040800,1625106671248,False,True
2738035,11.56600000,0.93300000,10.79107800,1625106680412,True,True
2738036,11.56600000,1.80100000,20.83036600,1625106681668,True,True
2738037,11.56600000,0.93300000,10.79107800,1625106721385,True,True
2738038,11.55600000,27.12200000,313.42183200,1625106726153,True,True
2738039,11.55500000,1.81800000,21.00699000,1625106726196,True,True
2738040,11.54400000,1.17500000,13.56420000,1625106741636,True,True
2738041,11.53600000,1.05300000,12.14740800,1625106741636,True,True
2738042,11.53000000,0.24400000,2.81332000,1625106741636,True,True
2738043,11.53000000,53.49700000,616.82041000,1625106741636,True,True
2738044,11.55000000,17.16700000,198.27885000,1625106763175,False,True
2738045,11.55100000,2.40100000,27.73395100,1625106763494,False,True
2738046,11.55700000,21.65600000,250.27839200,1625106772935,False,True
2738047,11.56100000,7.78400000,89.99082400,1625106773263,False,True
2738048,11.56400000,60.20000000,696.15280000,1625106773319,False,True
2738049,11.56400000,0.04000000,0.46256000,1625106773320,False,True
2738050,11.56600000,41.47000000,479.64202000,1625106773320,False,True
2738051,11.56500000,20.00000000,231.30000000,1625106773516,False,True
2738052,11.56600000,16.66000000,192.68956000,1625106773518,False,True
2738053,11.56500000,20.00000000,231.30000000,1625106773547,False,True
2738054,11.56600000,181.87000000,2103.50842000,1625106773656,False,True
2738055,11.56700000,240.00000000,2776.08000000,1625106774336,False,True
2738056,11.56700000,0.86500000,10.00545500,1625106878448,True,True
2738057,11.60900000,8.42000000,97.74778000,1625107063071,False,True
2738058,11.59500000,4.70400000,54.54288000,1625107081920,True,True
2738059,11.60100000,1.20500000,13.97920500,1625107143865,True,True
2738060,11.60100000,1.20500000,13.97920500,1625107149386,True,True
2738061,11.60100000,1.20500000,13.97920500,1625107149386,True,True
2738062,11.60100000,1.20500000,13.97920500,1625107149386,True,True
2738063,11.60100000,1.20500000,13.97920500,1625107149386,True,True
2738064,11.60100000,1.20500000,13.97920500,1625107149386,True,True
2738065,11.60100000,1.20500000,13.97920500,1625107149386,True,True
2738066,11.60100000,1.20500000,13.97920500,1625107149386,True,True
2738067,11.60100000,0.18800000,2.18098800,1625107149386,True,True
2738068,11.60100000,0.50500000,5.85850500,1625107149386,True,True
2738069,11.60000000,200.00000000,2320.00000000,1625107149402,True,True
2738070,11.54200000,1.90000000,21.92980000,1625107308860,False,True
2738071,11.58400000,11.82500000,136.98080000,1625107324395,False,True
2738072,11.58100000,1.20900000,14.00142900,1625107454273,False,True
2738073,11.58100000,1.20900000,14.00142900,1625107454273,False,True
2738074,11.58100000,1.20900000,14.00142900,1625107454273,False,True
2738075,11.58100000,1.20900000,14.00142900,1625107454273,False,True
2738076,11.58100000,1.20900000,14.00142900,1625107454273,False,True
2738077,11.58100000,1.20900000,14.00142900,1625107454273,False,True
2738078,11.58100000,1.20900000,14.00142900,1625107454273,False,True
2738079,11.58100000,1.20900000,14.00142900,1625107454273,False,True
2738080,11.58100000,0.69800000,8.08353800,1625107454273,False,True
2738081,11.60000000,9.80000000,113.68000000,1625107469843,False,True
2738082,11.59400000,0.94800000,10.99111200,1625107488446,True,True
2738083,11.59800000,10.87700000,126.15144600,1625107594686,True,True
2738084,11.59400000,102.80000000,1191.86320000,1625107837024,False,True
2738085,11.55300000,7.79000000,89.99787000,1625107967645,True,True
2738086,11.56200000,11.82500000,136.72065000,1625108044113,False,True
2738087,11.56300000,7.78300000,89.99482900,1625108044154,False,True
2738088,11.55800000,6.31400000,72.97721200,1625108055053,True,True
2738089,11.58300000,6.88900000,79.79528700,1625108087126,False,True
2738090,11.58300000,6.31400000,73.13506200,1625108087134,False,True
2738091,11.56100000,7.78400000,89.99082400,1625108137639,True,True
2738092,11.55800000,4.70000000,54.32260000,1625108143523,True,True
2738093,11.52700000,1.56200000,18.00517400,1625108184391,True,True
2738094,11.51900000,5.56300000,64.08019700,1625108198629,True,True
2738095,11.51900000,1.24600000,14.35267400,1625108198629,True,True
2738096,11.53700000,11.82500000,136.42502500,1625108260715,False,True
2738097,11.52600000,11.82500000,136.29495000,1625108371090,True,True
2738098,11.51800000,0.95500000,10.99969000,1625108396849,True,True
2738099,11.51500000,1.73600000,19.99004000,1625108399182,True,True
2738100,11.51400000,21.65600000,249.34718400,1625108399182,True,True
2738101,11.51300000,5.90800000,68.01880400,1625108399182,True,True
2738102,11.53500000,11.82500000,136.40137500,1625108417003,False,True
2738103,11.55400000,11.82500000,136.62605000,1625108778569,True,True
2738104,11.56800000,11.82500000,136.79160000,1625108927425,False,True
2738105,11.56900000,7.78400000,90.05309600,1625108927891,False,True
2738106,11.56900000,6.01700000,69.61067300,1625108927891,False,True
2738107,11.55400000,11.82500000,136.62605000,1625109086661,True,True
2738108,11.55400000,8.17500000,94.45395000,1625109086736,True,True
2738109,11.53300000,13.80100000,159.16693300,1625109142703,True,True
2738110,11.53000000,19.99900000,230.58847000,1625109142703,True,True
2738111,11.51300000,0.09200000,1.05919600,1625109155568,True,True
2738112,11.50100000,2.29100000,26.34879100,1625109157412,True,True
2738113,11.50100000,1.90000000,21.85190000,1625109157412,True,True
2738114,11.50000000,0.95600000,10.99400000,1625109157952,True,True
2738115,11.49900000,1.07500000,12.36142500,1625109158518,True,True
2738116,11.49900000,4.08000000,46.91592000,1625109159082,True,True
2738117,11.49900000,1.90000000,21.84810000,1625109187620,False,True
2738118,11.48700000,1.90000000,21.82530000,1625109233195,True,True
2738119,11.48000000,19.00000000,218.12000000,1625109233393,True,True
2738120,11.47400000,15.16800000,174.03763200,1625109235082,True,True
2738121,11.46200000,15.00000000,171.93000000,1625109237026,True,True
2738122,11.48000000,4.40000000,50.51200000,1625109251644,False,True
2738123,11.51400000,7.42500000,85.49145000,1625109282639,False,True
2738124,11.50000000,1.90000000,21.85000000,1625109283418,True,True
2738125,11.53800000,6.01000000,69.34338000,1625109325838,False,True
2738126,11.54400000,52.24600000,603.12782400,1625109330783,True,True
2738127,11.54400000,22.00000000,253.96800000,1625109330783,True,True
2738128,11.53800000,10.21300000,117.83759400,1625109330789,False,True
2738129,11.54000000,20.36200000,234.97748000,1625109335008,True,True
2738130,11.56800000,15.00000000,173.52000000,1625109627374,False,True
2738131,11.52600000,6.25500000,72.09513000,1625109706158,True,True
2738132,11.49200000,1.17000000,13.44564000,1625110072801,True,True
2738133,11.49200000,4.81100000,55.28801200,1625110072801,True,True
2738134,11.49200000,16.25000000,186.74500000,1625110072804,True,True
2738135,11.49200000,11.82500000,135.89290000,1625110072842,True,True
2738136,11.49200000,30.00000000,344.76000000,1625110075780,True,True
2738137,11.49200000,10.00000000,114.92000000,1625110075781,True,True
2738138,11.49200000,80.89500000,929.64534000,1625110075781,True,True
2738139,11.49200000,39.44500000,453.30194000,1625110075788,True,True
2738140,11.49200000,100.00000000,1149.20000000,1625110075790,True,True
2738141,11.49200000,20.00000000,229.84000000,1625110075797,True,True
2738142,11.49200000,17.10100000,196.52469200,1625110075797,True,True
2738143,11.49200000,73.79400000,848.04064800,1625110075798,True,True
2738144,11.51000000,11.82500000,136.10575000,1625110101749,False,True
2738145,11.49200000,0.87100000,10.00953200,1625110175084,True,True
2738146,11.51000000,0.87100000,10.02521000,1625110218402,False,True
2738147,11.51000000,0.69200000,7.96492000,1625110218433,False,True
2738148,11.51700000,7.72800000,89.00337600,1625110219100,False,True
2738149,11.51700000,0.08600000,0.99046200,1625110219279,False,True
2738150,11.49200000,7.83100000,89.99385200,1625110244416,True,True
2738151,11.45800000,1.74600000,20.00566800,1625110272851,True,True
2738152,11.45100000,1.90000000,21.75690000,1625110273351,True,True
2738153,11.44600000,8.17900000,93.61683400,1625110273351,True,True
2738154,11.45000000,1.38400000,15.84680000,1625110288277,True,True
2738155,11.48800000,11.82500000,135.84560000,1625110335533,False,True
2738156,11.50000000,7.82600000,89.99900000,1625110378649,False,True
2738157,11.52700000,1.74600000,20.12614200,1625110408482,False,True
2738158,11.52700000,5.24000000,60.40148000,1625110424875,True,True
2738159,11.52700000,4.33700000,49.99259900,1625110508130,False,True
2738160,11.51000000,11.82500000,136.10575000,1625110673112,True,True
2738161,11.51000000,3.17500000,36.54425000,1625110673131,True,True
2738162,11.53200000,8.20000000,94.56240000,1625110753085,False,True
2738163,11.50600000,7.82200000,89.99993200,1625110788760,True,True
2738164,11.45800000,1.74600000,20.00566800,1625111059241,True,True
2738165,11.44700000,1.22100000,13.97678700,1625111151636,True,True
2738166,11.44700000,1.22100000,13.97678700,1625111155626,True,True
2738167,11.44700000,1.22100000,13.97678700,1625111155626,True,True
2738168,11.44700000,1.22100000,13.97678700,1625111155626,True,True
2738169,11.44700000,1.22100000,13.97678700,1625111155626,True,True
2738170,11.44700000,1.22100000,13.97678700,1625111155626,True,True
2738171,11.44700000,1.22100000,13.97678700,1625111155626,True,True
2738172,11.44700000,1.22100000,13.97678700,1625111155626,True,True
2738173,11.44700000,0.19000000,2.17493000,1625111155626,True,True
2738174,11.44700000,0.51500000,5.89520500,1625111155627,True,True
2738175,11.44600000,113.98600000,1304.68375600,1625111155678,True,True
2738176,11.44600000,52.56800000,601.69332800,1625111155678,True,True
2738177,11.43700000,2.53900000,29.03854300,1625111163892,True,True
2738178,11.43700000,0.96100000,10.99095700,1625111163892,True,True
2738179,11.43400000,1.11700000,12.77177800,1625111166038,True,True
2738180,11.43200000,1.74900000,19.99456800,1625111166403,True,True
2738181,11.42000000,22.00000000,251.24000000,1625111179967,False,True
2738182,11.42100000,22.00000000,251.26200000,1625111179989,False,True
2738183,11.42800000,22.00000000,251.41600000,1625111187971,False,True
2738184,11.45300000,1.72000000,19.69916000,1625111254164,False,True
2738185,11.45400000,10.10500000,115.74267000,1625111254164,False,True
2738186,11.45400000,3.21400000,36.81315600,1625111391118,True,True
2738187,11.45600000,1.22200000,13.99923200,1625111467968,False,True
2738188,11.45600000,1.22200000,13.99923200,1625111467968,False,True
2738189,11.45600000,0.77000000,8.82112000,1625111467968,False,True
2738190,11.45600000,0.45200000,5.17811200,1625111468032,False,True
2738191,11.45600000,1.22200000,13.99923200,1625111468032,False,True
2738192,11.45600000,1.22200000,13.99923200,1625111468032,False,True
2738193,11.45600000,1.22200000,13.99923200,1625111468032,False,True
2738194,11.45600000,1.22200000,13.99923200,1625111468032,False,True
2738195,11.45600000,1.22200000,13.99923200,1625111468032,False,True
2738196,11.45600000,0.70600000,8.08793600,1625111468032,False,True
2738197,11.46400000,11.55100000,132.42066400,1625111475134,False,True
2738198,11.45400000,2.08600000,23.89304400,1625111619728,False,True
2738199,11.48600000,1.15200000,13.23187200,1625111786317,False,True
2738200,11.48600000,6.68300000,76.76093800,1625111786327,False,True
2738201,11.45100000,7.85900000,89.99340900,1625111825584,True,True
2738202,11.44800000,3.96600000,45.40276800,1625111825584,True,True
2738203,11.45400000,11.82500000,135.44355000,1625111857614,False,True
2738204,11.46400000,7.85000000,89.99240000,1625111899906,False,True
2738205,11.43200000,8.42000000,96.25744000,1625111997533,True,True
2738206,11.43200000,11.58000000,132.38256000,1625111997533,True,True
2738207,11.42300000,7.87800000,89.99039400,1625111998841,True,True
2738208,11.43900000,7.86700000,89.99061300,1625112076702,False,True
2738209,11.45500000,3.96600000,45.43053000,1625112090715,False,True
2738210,11.45000000,1.90000000,21.75500000,1625112103416,True,True
2738211,11.45000000,0.97500000,11.16375000,1625112142431,True,True
2738212,11.45000000,0.24600000,2.81670000,1625112145933,True,True
2738213,11.45000000,0.72700000,8.32415000,1625112145933,True,True
2738214,11.47500000,1.14400000,13.12740000,1625112148644,False,True
2738215,11.42700000,7.87600000,89.99905200,1625112286489,True,True
2738216,11.42700000,3.12500000,35.70937500,1625112338620,False,True
2738217,11.44600000,7.86300000,89.99989800,1625112362786,False,True
2738218,11.50000000,4.62900000,53.23350000,1625112422993,False,True
2738219,11.52700000,1.74600000,20.12614200,1625112514466,False,True
2738220,11.52800000,3.90000000,44.95920000,1625112514524,False,True
2738221,11.49200000,4.87400000,56.01200800,1625112554345,True,True
2738222,11.47900000,1.14300000,13.12049700,1625112569098,True,True
2738223,11.47800000,5.80000000,66.57240000,1625112627199,True,True
2738224,11.45800000,1.74600000,20.00566800,1625112792405,True,True
2738225,11.46100000,1.91900000,21.99365900,1625112862416,False,True
2738226,11.45700000,1.92000000,21.99744000,1625112884121,False,True
2738227,11.47900000,4.87400000,55.94864600,1625112925440,False,True
2738228,11.48200000,4.87400000,55.96326800,1625113192934,True,True
2738229,11.50300000,14.10100000,162.20380300,1625113241092,False,True
2738230,11.47500000,6.32600000,72.59085000,1625113581847,False,True
2738231,11.47000000,11.08500000,127.14495000,1625113710613,True,True
2738232,11.45300000,2.92600000,33.51147800,1625113826869,True,True
2738233,11.46800000,20.00000000,229.36000000,1625114046009,True,True
2738234,11.46000000,52.00000000,595.92000000,1625114046009,True,True
2738235,11.45400000,21.65600000,248.04782400,1625114078986,True,True
2738236,11.45600000,40.00000000,458.24000000,1625114110857,True,True
2738237,11.45600000,73.70000000,844.30720000,1625114110857,True,True
2738238,11.45600000,140.00000000,1603.84000000,1625114110859,True,True
2738239,11.45600000,110.00000000,1260.16000000,1625114110861,True,True
2738240,11.45600000,36.30000000,415.85280000,1625114110861,True,True
2738241,11.45300000,0.87400000,10.00992200,1625114110888,True,True
2738242,11.44300000,52.10000000,596.18030000,1625114110888,True,True
2738243,11.43500000,23.28400000,266.25254000,1625114110888,True,True
2738244,11.50000000,21.65600000,249.04400000,1625114396881,False,True
2738245,11.52700000,1.74600000,20.12614200,1625114521591,False,True
2738246,11.52700000,3.66700000,42.26950900,1625114533915,False,True
2738247,11.53800000,11.82500000,136.43685000,1625114557940,False,True
2738248,11.53800000,8.42000000,97.14996000,1625114557986,False,True
2738249,11.53400000,0.87400000,10.08071600,1625114752252,False,True
2738250,11.55400000,10.00000000,115.54000000,1625114754817,True,True
2738251,11.55400000,4.50000000,51.99300000,1625114754876,True,True
2738252,11.55400000,4.50000000,51.99300000,1625114754925,True,True
2738253,11.55400000,14.27600000,164.94490400,1625114758224,True,True
2738254,11.55400000,10.00000000,115.54000000,1625114763091,True,True
2738255,11.54000000,54.09000000,624.19860000,1625114806266,True,True
2738256,11.52800000,197.08100000,2271.94976800,1625114806266,True,True
2738257,11.54100000,1.73200000,19.98901200,1625114980759,False,True
2738258,11.54100000,0.87100000,10.05221100,1625115128623,False,True
2738259,11.54300000,1.90500000,21.98941500,1625115178607,False,True
2738260,11.57000000,1.30000000,15.04100000,1625115382330,True,True
2738261,11.58000000,20.00000000,231.60000000,1625115440342,False,True
2738262,11.57300000,1.20800000,13.98018400,1625115561726,True,True
2738263,11.57300000,1.20800000,13.98018400,1625115561726,True,True
2738264,11.57300000,1.20800000,13.98018400,1625115561726,True,True
2738265,11.57300000,1.20800000,13.98018400,1625115561726,True,True
2738266,11.57300000,1.20800000,13.98018400,1625115561726,True,True
2738267,11.57300000,1.20800000,13.98018400,1625115561726,True,True
2738268,11.57300000,1.20800000,13.98018400,1625115561726,True,True
2738269,11.57300000,1.20800000,13.98018400,1625115561726,True,True
2738270,11.57300000,0.69600000,8.05480800,1625115561726,True,True
2738271,11.57200000,1.46500000,16.95298000,1625115561726,True,True
2738272,11.57000000,8.42000000,97.41940000,1625115561760,True,True
2738273,11.59300000,54.50500000,631.87646500,1625115644153,False,True
2738274,11.59100000,1.20900000,14.01351900,1625115789193,False,True
2738275,11.59100000,1.20900000,14.01351900,1625115789193,False,True
2738276,11.59100000,1.20900000,14.01351900,1625115789193,False,True
2738277,11.59100000,1.20900000,14.01351900,1625115789193,False,True
2738278,11.59100000,1.20900000,14.01351900,1625115789193,False,True
2738279,11.59100000,1.20900000,14.01351900,1625115789193,False,True
2738280,11.59100000,1.16600000,13.51510600,1625115789193,False,True
2738281,11.59100000,0.04300000,0.49841300,1625115789195,False,True
2738282,11.59100000,1.20900000,14.01351900,1625115789195,False,True
2738283,11.59100000,0.69100000,8.00938100,1625115789195,False,True
2738284,11.59600000,1.56200000,18.11295200,1625115790483,False,True
2738285,11.59700000,2.29100000,26.56872700,1625115790483,False,True
2738286,11.60000000,6.02900000,69.93640000,1625115790483,False,True
2738287,11.59000000,10.00000000,115.90000000,1625115866669,False,True
2738288,11.56200000,11.82500000,136.72065000,1625115980182,True,True
2738289,11.56600000,1.90200000,21.99853200,1625116115991,False,True
2738290,11.53200000,56.34600000,649.78207200,1625116249302,True,True
2738291,11.53200000,117.08400000,1350.21268800,1625116249309,False,True
2738292,11.56800000,1.29700000,15.00369600,1625116379870,True,True
2738293,11.56800000,0.32200000,3.72489600,1625116499812,False,True
2738294,11.52700000,1.73500000,19.99934500,1625116532880,True,True
2738295,11.52900000,6.22800000,71.80261200,1625116671089,False,True
2738296,11.52700000,0.86800000,10.00543600,1625116703266,True,True
2738297,11.50100000,2.29100000,26.34879100,1625116830983,True,True
2738298,11.49300000,2.22900000,25.61789700,1625116838659,True,True
2738299,11.49600000,0.87000000,10.00152000,1625116867777,False,True
2738300,11.49600000,55.90800000,642.71836800,1625116870384,False,True
2738301,11.49700000,20.00000000,229.94000000,1625116870398,False,True
2738302,11.49800000,8.42000000,96.81316000,1625116870428,False,True
2738303,11.49800000,11.82500000,135.96385000,1625116870445,False,True
2738304,11.50800000,10.41000000,119.79828000,1625116954308,True,True
2738305,11.52800000,7.11300000,81.99866400,1625116984806,False,True
2738306,11.51100000,1.90000000,21.87090000,1625117019079,True,True
2738307,11.49500000,1.41500000,16.26542500,1625117099362,True,True
2738308,11.55200000,11.82500000,136.60240000,1625117185733,False,True
2738309,11.54600000,0.88100000,10.17202600,1625117253904,False,True
2738310,11.52700000,20.00000000,230.54000000,1625117359039,True,True
2738311,11.53600000,20.00000000,230.72000000,1625117465488,True,True
2738312,11.53600000,57.61200000,664.61203200,1625117465488,True,True
2738313,11.53200000,203.73800000,2349.50661600,1625117465488,True,True
2738314,11.54400000,64.04000000,739.27776000,1625117521085,False,True
2738315,11.54500000,20.00000000,230.90000000,1625117521085,False,True
2738316,11.54800000,13.71300000,158.35772400,1625117521085,False,True
2738317,11.54900000,6.31400000,72.92038600,1625117521085,False,True
2738318,11.55200000,15.39300000,177.81993600,1625117521085,False,True
2738319,11.55600000,7.98200000,92.23999200,1625117521085,False,True
2738320,11.54500000,11.47100000,132.43269500,1625117524979,False,True
2738321,11.54300000,1.06600000,12.30483800,1625117527812,False,True
2738322,11.52200000,8.42000000,97.01524000,1625117530799,True,True
2738323,11.52200000,11.58000000,133.42476000,1625117530816,True,True
2738324,11.54200000,11.58000000,133.65636000,1625117542612,False,True
2738325,11.54900000,1.87700000,21.67747300,1625117619202,True,True
2738326,11.56800000,20.00000000,231.36000000,1625117687770,False,True
2738327,11.56800000,51.28500000,593.26488000,1625117687770,False,True
2738328,11.57000000,3.47600000,40.21732000,1625117687770,False,True
2738329,11.54500000,10.00000000,115.45000000,1625118011682,True,True
2738330,11.54000000,11.82500000,136.46050000,1625118076684,True,True
2738331,11.52800000,21.65600000,249.65036800,1625118083296,True,True
2738332,11.54200000,2.97300000,34.31436600,1625118160291,False,True
2738333,11.54400000,8.85200000,102.18748800,1625118160291,False,True
2738334,11.56900000,0.87000000,10.06503000,1625118203121,False,True
2738335,11.58900000,3.90000000,45.19710000,1625118358530,False,True
2738336,11.59600000,1.73500000,20.11906000,1625118368758,False,True
2738337,11.59700000,2.29100000,26.56872700,1625118368763,False,True
2738338,11.61300000,12.80400000,148.69285200,1625118445580,False,True
2738339,11.61300000,7.74900000,89.98913700,1625118445580,False,True
2738340,11.62200000,5.00400000,58.15648800,1625118464241,False,True
2738341,11.62400000,2.20000000,25.57280000,1625118478387,True,True
2738342,11.62500000,4.77000000,55.45125000,1625118553917,True,True
2738343,11.62100000,7.74400000,89.99302400,1625118592476,True,True
2738344,11.62100000,0.86500000,10.05216500,1625118667916,False,True
2738345,11.63200000,6.87900000,80.01652800,1625118684847,False,True
2738346,11.63600000,3.47000000,40.37692000,1625118934740,True,True
2738347,11.64500000,6.00000000,69.87000000,1625119038306,True,True
2738348,11.66300000,7.71600000,89.99170800,1625119040090,False,True
2738349,11.65300000,24.00000000,279.67200000,1625119074269,False,True
2738350,11.65400000,16.10100000,187.64105400,1625119074269,False,True
2738351,11.65900000,2.66600000,31.08289400,1625119074269,False,True
2738352,11.66000000,25.86500000,301.58590000,1625119074269,False,True
2738353,11.63600000,24.00000000,279.26400000,1625119112612,True,True
2738354,11.65700000,14.64900000,170.76339300,1625119144572,False,True
2738355,11.65700000,8.69000000,101.29933000,1625119144572,False,True
2738356,11.66000000,38.49600000,448.86336000,1625119144588,False,True
2738357,11.66000000,3.26200000,38.03492000,1625119144588,False,True
2738358,11.66600000,6.00000000,69.99600000,1625119144612,False,True
2738359,11.66600000,1.55200000,18.10563200,1625119144612,False,True
2738360,11.67500000,4.68000000,54.63900000,1625119144901,False,True
2738361,11.66800000,24.00000000,280.03200000,1625119150121,True,True
2738362,11.66600000,2.76000000,32.19816000,1625119150121,True,True
2738363,11.64800000,1.87400000,21.82835200,1625119221062,True,True
2738364,11.64400000,7.03100000,81.86896400,1625119244441,True,True
2738365,11.64400000,11.82500000,137.69030000,1625119320539,True,True
2738366,11.65300000,11.75600000,136.99266800,1625119382991,False,True
2738367,11.64400000,24.00000000,279.45600000,1625119409870,True,True
2738368,11.64400000,65.80000000,766.17520000,1625119409870,True,True
2738369,11.68300000,15.00000000,175.24500000,1625119480625,False,True
2738370,11.69400000,2.29100000,26.79095400,1625119614354,False,True
2738371,11.69500000,1.19500000,13.97552500,1625119805288,True,True
2738372,11.69500000,1.19500000,13.97552500,1625119805288,True,True
2738373,11.69500000,1.19500000,13.97552500,1625119805288,True,True
2738374,11.69500000,1.19500000,13.97552500,1625119805288,True,True
2738375,11.69500000,1.19500000,13.97552500,1625119805288,True,True
2738376,11.69500000,1.19500000,13.97552500,1625119805288,True,True
2738377,11.69500000,1.19500000,13.97552500,1625119805288,True,True
2738378,11.69500000,1.19500000,13.97552500,1625119805288,True,True
2738379,11.69500000,0.68900000,8.05785500,1625119805288,True,True
2738380,11.69100000,7.71600000,90.20775600,1625119805368,True,True
2738381,11.70600000,8.54300000,100.00435800,1625119809221,False,True
2738382,11.70600000,0.85800000,10.04374800,1625119987681,False,True
2738383,11.70600000,3.10000000,36.28860000,1625119987823,True,True
2738384,11.67200000,78.92200000,921.17758400,1625120268183,True,True
2738385,11.67100000,21.00000000,245.09100000,1625120268183,True,True
2738386,11.66700000,8.42000000,98.23614000,1625120268183,True,True
2738387,11.66600000,37.90800000,442.23472800,1625120268190,False,True
2738388,11.66600000,93.89600000,1095.39073600,1625120268190,False,True
2738389,11.66800000,0.85800000,10.01114400,1625120314794,True,True
2738390,11.66700000,0.64900000,7.57188300,1625120314794,True,True
2738391,11.65200000,11.82500000,137.78490000,1625120539007,False,True
2738392,11.62900000,11.82500000,137.51292500,1625120560202,True,True
2738393,11.62600000,11.07300000,128.73469800,1625120570700,True,True
2738394,11.64400000,21.00000000,244.52400000,1625120725431,False,True
2738395,11.59800000,2.29100000,26.57101800,1625120814849,True,True
2738396,11.59600000,1.72500000,20.00310000,1625120815372,True,True
2738397,11.59400000,10.48000000,121.50512000,1625120823700,True,True
2738398,11.58800000,1.20900000,14.00989200,1625120826717,False,True
2738399,11.58800000,1.20900000,14.00989200,1625120826717,False,True
2738400,11.58800000,1.20900000,14.00989200,1625120826717,False,True
2738401,11.58800000,1.20900000,14.00989200,1625120826717,False,True
2738402,11.58800000,1.20900000,14.00989200,1625120826717,False,True
2738403,11.58800000,1.20900000,14.00989200,1625120826717,False,True
2738404,11.58800000,1.20900000,14.00989200,1625120826717,False,True
2738405,11.58800000,1.20900000,14.00989200,1625120826717,False,True
2738406,11.58800000,0.69100000,8.00730800,1625120826717,False,True
2738407,11.59000000,0.86300000,10.00217000,1625120887816,True,True
2738408,11.60700000,11.82500000,137.25277500,1625121075465,False,True
2738409,11.58700000,11.82500000,137.01627500,1625121427703,True,True
2738410,11.56000000,3.56700000,41.23452000,1625121556339,True,True
2738411,11.58300000,11.82500000,136.96897500,1625121629107,False,True
2738412,11.58600000,7.76700000,89.98846200,1625121629834,False,True
2738413,11.57700000,7.76700000,89.91855900,1625121658034,True,True
2738414,11.57700000,2.57900000,29.85708300,1625121658088,True,True
2738415,11.57700000,11.45600000,132.62611200,1625121684545,False,True
2738416,11.57700000,10.00000000,115.77000000,1625121684556,False,True
2738417,11.57700000,10.00000000,115.77000000,1625121684577,False,True
2738418,11.57700000,10.00000000,115.77000000,1625121684577,False,True
2738419,11.57700000,20.00000000,231.54000000,1625121684585,False,True
2738420,11.57700000,10.00000000,115.77000000,1625121684585,False,True
2738421,11.57700000,30.00000000,347.31000000,1625121684588,False,True
2738422,11.57700000,10.00000000,115.77000000,1625121684588,False,True
2738423,11.57700000,10.00000000,115.77000000,1625121684590,False,True
2738424,11.57700000,10.00000000,115.77000000,1625121684590,False,True
2738425,11.57700000,10.00000000,115.77000000,1625121684591,False,True
2738426,11.57700000,60.00000000,694.62000000,1625121684596,False,True
2738427,11.57700000,5.26100000,60.90659700,1625121684599,False,True
2738428,11.57700000,10.00000000,115.77000000,1625121684602,False,True
2738429,11.57700000,40.00000000,463.08000000,1625121685398,False,True
2738430,11.58900000,2.57900000,29.88803100,1625121808059,False,True
2738431,11.57700000,1.00000000,11.57700000,1625121900709,True,True
2738432,11.55700000,9.83100000,113.61686700,1625121943450,True,True
2738433,11.52700000,0.99400000,11.45783800,1625121955147,True,True
2738434,11.52700000,0.74100000,8.54150700,1625121955576,True,True
2738435,11.51300000,6.00000000,69.07800000,1625121957932,True,True
2738436,11.51100000,19.00000000,218.70900000,1625121962691,False,True
2738437,11.50100000,2.29100000,26.34879100,1625121964770,True,True
2738438,11.50000000,6.12700000,70.46050000,1625121964889,True,True
2738439,11.50000000,6.86200000,78.91300000,1625121965118,True,True
2738440,11.50000000,1.70800000,19.64200000,1625121965548,True,True
2738441,11.50000000,2.45100000,28.18650000,1625121965667,True,True
2738442,11.48800000,19.00000000,218.27200000,1625121970977,False,True
2738443,11.49000000,70.99700000,815.75553000,1625121970977,False,True
2738444,11.48700000,19.00000000,218.25300000,1625121972007,False,True
2738445,11.48600000,19.00000000,218.23400000,1625121975777,False,True
2738446,11.48300000,54.13400000,621.62072200,1625121976291,False,True
2738447,11.48300000,19.00000000,218.17700000,1625121976291,False,True
2738448,11.47000000,1.59100000,18.24877000,1625121980018,True,True
2738449,11.47000000,19.00000000,217.93000000,1625121980018,True,True
2738450,11.46100000,1.08800000,12.46956800,1625121985140,True,True
2738451,11.45800000,1.74600000,20.00566800,1625121985412,True,True
2738452,11.45000000,0.96000000,10.99200000,1625121998108,True,True
2738453,11.44300000,19.00000000,217.41700000,1625121999464,True,True
2738454,11.44000000,45.50100000,520.53144000,1625122000161,True,True
2738455,11.43200000,15.00000000,171.48000000,1625122002073,True,True
2738456,11.40700000,0.87700000,10.00393900,1625122030211,True,True
2738457,11.40500000,2.29100000,26.12885500,1625122030384,True,True
2738458,11.40100000,1.00000000,11.40100000,1625122030992,True,True
2738459,11.39200000,4.83900000,55.12588800,1625122031138,True,True
2738460,11.39200000,1.93600000,22.05491200,1625122031138,True,True
2738461,11.39200000,19.00000000,216.44800000,1625122031138,True,True
2738462,11.39200000,19.00000000,216.44800000,1625122031173,True,True
2738463,11.38800000,0.95300000,10.85276400,1625122032499,True,True
2738464,11.38400000,0.96900000,11.03109600,1625122033307,True,True
2738465,11.37900000,7.90900000,89.99651100,1625122034013,True,True
2738466,11.38500000,19.00000000,216.31500000,1625122035272,False,True
2738467,11.38600000,2.16100000,24.60514600,1625122035272,False,True
2738468,11.38700000,6.00900000,68.42448300,1625122035272,False,True
2738469,11.37300000,1.40000000,15.92220000,1625122036653,True,True
2738470,11.38200000,14.88700000,169.44383400,1625122040906,False,True
2738471,11.38800000,0.88600000,10.08976800,1625122041839,False,True
2738472,11.39900000,7.89500000,89.99510500,1625122042632,False,True
2738473,11.36900000,1.11900000,12.72191100,1625122051253,True,True
2738474,11.38700000,19.00000000,216.35300000,1625122058081,True,True
2738475,11.36300000,1.45600000,16.54452800,1625122073017,True,True
2738476,11.36200000,7.92100000,89.99840200,1625122073290,True,True
2738477,11.36100000,6.00000000,68.16600000,1625122073832,True,True
2738478,11.35700000,1.94200000,22.05529400,1625122076348,True,True
2738479,11.35700000,1.94200000,22.05529400,1625122076348,True,True
2738480,11.35700000,0.96800000,10.99357600,1625122076348,True,True
2738481,11.36400000,1.75600000,19.95518400,1625122079778,False,True
2738482,11.37400000,0.88000000,10.00912000,1625122087754,False,True
2738483,11.35600000,19.00000000,215.76400000,1625122093307,True,True
2738484,11.35500000,6.31400000,71.69547000,1625122093307,True,True
2738485,11.35100000,1.45700000,16.53840700,1625122093307,True,True
2738486,11.35000000,0.96900000,10.99815000,1625122093307,True,True
2738487,11.34800000,2.91500000,33.07942000,1625122093307,True,True
2738488,11.34700000,1.09600000,12.43631200,1625122093307,True,True
2738489,11.34700000,6.02900000,68.41106300,1625122093307,True,True
2738490,11.34600000,0.98600000,11.18715600,1625122093307,True,True
2738491,11.34300000,1.76300000,19.99770900,1625122093307,True,True
2738492,11.33900000,14.52500000,164.69897500,1625122093307,True,True
2738493,11.33800000,1.94500000,22.05241000,1625122093307,True,True
2738494,11.33500000,14.21700000,161.14969500,1625122093307,True,True
2738495,11.33300000,10.00000000,113.33000000,1625122093307,True,True
2738496,11.33200000,1.76400000,19.98964800,1625122093307,True,True
2738497,11.32700000,0.97100000,10.99851700,1625122093307,True,True
2738498,11.32400000,1.23000000,13.92852000,1625122093307,True,True
2738499,11.32400000,1.23000000,13.92852000,1625122093307,True,True
2738500,11.32400000,1.23000000,13.92852000,1625122093307,True,True
2738501,11.32400000,1.23000000,13.92852000,1625122093307,True,True
2738502,11.32400000,1.23000000,13.92852000,1625122093307,True,True
2738503,11.32400000,1.23000000,13.92852000,1625122093307,True,True
2738504,11.32400000,1.23000000,13.92852000,1625122093307,True,True
2738505,11.32400000,1.23000000,13.92852000,1625122093307,True,True
2738506,11.32400000,0.70700000,8.00606800,1625122093307,True,True
2738507,11.32300000,110.30200000,1248.94954600,1625122093307,True,True
2738508,11.35000000,45.13800000,512.31630000,1625122093315,False,True
2738509,11.35000000,0.97100000,11.02085000,1625122094579,True,True
2738510,11.34700000,0.94900000,10.76830300,1625122095166,True,True
2738511,11.35300000,19.00000000,215.70700000,1625122115009,True,True
2738512,11.35100000,58.19900000,660.61684900,1625122115009,True,True
2738513,11.35500000,18.36100000,208.48915500,1625122129448,True,True
2738514,11.35000000,0.88600000,10.05610000,1625122153217,True,True
2738515,11.35000000,100.00000000,1135.00000000,1625122153269,True,True
2738516,11.35000000,60.00000000,681.00000000,1625122153271,True,True
2738517,11.35000000,38.22800000,433.88780000,1625122153275,True,True
2738518,11.35000000,0.88600000,10.05610000,1625122153283,True,True
2738519,11.32200000,1.21400000,13.74490800,1625122159607,True,True
2738520,11.32200000,1.76600000,19.99465200,1625122159607,True,True
2738521,11.31700000,1.76800000,20.00845600,1625122159622,True,True
2738522,11.31400000,1.94900000,22.05098600,1625122159800,True,True
2738523,11.30800000,2.31500000,26.17802000,1625122163135,True,True
2738524,11.29600000,15.16800000,171.33772800,1625122198269,True,True
2738525,11.29300000,1.05300000,11.89152900,1625122198339,True,True
2738526,11.29600000,15.00000000,169.44000000,1625122203991,False,True
2738527,11.28500000,2.78400000,31.41744000,1625122225839,True,True
2738528,11.28300000,0.97500000,11.00092500,1625122226171,True,True
2738529,11.28300000,1.77200000,19.99347600,1625122226171,True,True
2738530,11.28300000,8.86200000,99.98994600,1625122233916,False,True
2738531,11.32400000,7.94700000,89.99182800,1625122235785,False,True
2738532,11.32500000,3.87800000,43.91835000,1625122235785,False,True
2738533,11.32500000,1.00000000,11.32500000,1625122266557,True,True
2738534,11.33000000,19.00000000,215.27000000,1625122281317,False,True
2738535,11.32900000,1.23600000,14.00264400,1625122281391,False,True
2738536,11.32900000,1.23600000,14.00264400,1625122281391,False,True
2738537,11.32900000,1.23600000,14.00264400,1625122281391,False,True
2738538,11.32900000,1.23600000,14.00264400,1625122281391,False,True
2738539,11.32900000,1.23600000,14.00264400,1625122281391,False,True
2738540,11.32900000,1.23600000,14.00264400,1625122281391,False,True
2738541,11.32900000,1.00400000,11.37431600,1625122281391,False,True
2738542,11.36100000,1.00000000,11.36100000,1625122430385,False,True
2738543,11.36800000,3.87800000,44.08510400,1625122441434,True,True
2738544,11.34700000,11.82500000,134.17827500,1625122445460,True,True
2738545,11.36200000,19.00000000,215.87800000,1625122449518,False,True
2738546,11.34500000,4.54200000,51.52899000,1625122525562,True,True
2738547,11.34500000,4.27200000,48.46584000,1625122525764,True,True
2738548,11.33400000,7.94000000,89.99196000,1625122526790,True,True
2738549,11.33000000,76.56000000,867.42480000,1625122574518,False,True
2738550,11.33100000,3.16000000,35.80596000,1625122574619,False,True
2738551,11.33000000,10.33400000,117.08422000,1625122603314,False,True
2738552,11.34300000,1.49100000,16.91241300,1625122605526,False,True
2738553,11.34300000,6.44300000,73.08294900,1625122605617,False,True
2738554,11.33800000,10.56700000,119.80864600,1625122697085,True,True
2738555,11.30600000,10.00000000,113.06000000,1625122757568,True,True
2738556,11.35000000,0.96900000,10.99815000,1625122818711,False,True
2738557,11.31200000,14.32800000,162.07833600,1625122821906,True,True
2738558,11.28500000,19.00000000,214.41500000,1625122834478,True,True
2738559,11.28100000,1.00000000,11.28100000,1625122834509,True,True
2738560,11.27700000,0.82500000,9.30352500,1625122834509,True,True
2738561,11.33400000,11.82500000,134.02455000,1625122876348,False,True
2738562,11.36200000,2.59400000,29.47302800,1625122920886,True,True
2738563,11.36200000,10.54800000,119.84637600,1625123012344,True,True
2738564,11.37100000,10.54800000,119.94130800,1625123037512,False,True
2738565,11.37600000,19.00000000,216.14400000,1625123079881,False,True
2738566,11.37700000,14.26800000,162.32703600,1625123079881,False,True
2738567,11.38100000,14.96300000,170.29390300,1625123079881,False,True
2738568,11.38400000,15.45800000,175.97387200,1625123079881,False,True
2738569,11.35800000,2.58600000,29.37178800,1625123169464,True,True
2738570,11.36200000,4.30900000,48.95885800,1625123224223,True,True
2738571,11.37500000,1.97700000,22.48837500,1625123227425,False,True
2738572,11.37500000,1.51400000,17.22175000,1625123229112,False,True
2738573,11.36500000,11.82500000,134.39112500,1625123300108,True,True
2738574,11.36500000,8.42000000,95.69330000,1625123300233,True,True
2738575,11.35500000,5.87100000,66.66520500,1625123301185,True,True
2738576,11.35500000,0.28700000,3.25888500,1625123301189,True,True
2738577,11.35700000,11.82500000,134.29652500,1625123364343,False,True
2738578,11.28500000,1.23900000,13.98211500,1625123537437,True,True
2738579,11.28500000,1.23900000,13.98211500,1625123537437,True,True
2738580,11.28500000,1.23900000,13.98211500,1625123537437,True,True
2738581,11.28500000,1.23900000,13.98211500,1625123537437,True,True
2738582,11.28500000,1.23900000,13.98211500,1625123537437,True,True
2738583,11.28500000,1.23900000,13.98211500,1625123537437,True,True
2738584,11.28500000,1.23900000,13.98211500,1625123537437,True,True
2738585,11.28500000,1.23900000,13.98211500,1625123537437,True,True
2738586,11.28500000,0.71400000,8.05749000,1625123537437,True,True
2738587,11.28400000,24.79300000,279.76421200,1625123537437,True,True
2738588,11.27700000,0.12800000,1.44345600,1625123539005,True,True
2738589,11.27700000,0.97500000,10.99507500,1625123539005,True,True
2738590,11.27400000,10.12000000,114.09288000,1625123539241,True,True
2738591,11.26200000,0.98900000,11.13811800,1625123548422,True,True
2738592,11.26200000,1.07800000,12.14043600,1625123548422,True,True
2738593,11.32400000,1.14400000,12.95465600,1625123653554,False,True
2738594,11.32700000,1.22500000,13.87557500,1625123673773,False,True
2738595,11.32700000,1.15100000,13.03737700,1625123711889,False,True
2738596,11.32700000,510.00000000,5776.77000000,1625123711920,False,True
2738597,11.32700000,13.81400000,156.47117800,1625123711922,False,True
2738598,11.32700000,90.00000000,1019.43000000,1625123711922,False,True
2738599,11.32700000,100.00000000,1132.70000000,1625123711924,False,True
2738600,11.32700000,10.00000000,113.27000000,1625123711925,False,True
2738601,11.32700000,20.00000000,226.54000000,1625123711926,False,True
2738602,11.32700000,90.00000000,1019.43000000,1625123711926,False,True
2738603,11.32700000,140.00000000,1585.78000000,1625123711928,False,True
2738604,11.32700000,1700.07300000,19256.72687100,1625123711931,False,True
2738605,11.32700000,257.87600000,2920.96145200,1625123711931,False,True
2738606,11.32000000,4.71100000,53.32852000,1625123882928,True,True
2738607,11.35700000,21.00000000,238.49700000,1625123963222,True,True
2738608,11.35200000,14.97200000,169.96214400,1625123963234,True,True
2738609,11.35200000,210.00000000,2383.92000000,1625123974385,True,True
2738610,11.35200000,730.00000000,8286.96000000,1625123974386,True,True
2738611,11.35200000,10.00000000,113.52000000,1625123974387,True,True
2738612,11.35200000,10.00000000,113.52000000,1625123974388,True,True
2738613,11.35200000,20.00000000,227.04000000,1625123974390,True,True
2738614,11.35200000,30.00000000,340.56000000,1625123974391,True,True
2738615,11.35200000,10.00000000,113.52000000,1625123974393,True,True
2738616,11.35200000,200.00000000,2270.40000000,1625123974393,True,True
2738617,11.35200000,110.00000000,1248.72000000,1625123974397,True,True
2738618,11.35200000,30.00000000,340.56000000,1625123974406,True,True
2738619,11.35200000,10.00000000,113.52000000,1625123974408,True,True
2738620,11.35200000,330.00000000,3746.16000000,1625123974408,True,True
2738621,11.35200000,60.00000000,681.12000000,1625123974409,True,True
2738622,11.35200000,30.00000000,340.56000000,1625123974409,True,True
2738623,11.35200000,20.00000000,227.04000000,1625123974411,True,True
2738624,11.35200000,70.00000000,794.64000000,1625123974412,True,True
2738625,11.35200000,70.00000000,794.64000000,1625123974434,True,True
2738626,11.35200000,70.00000000,794.64000000,1625123974435,True,True
2738627,11.35200000,110.00000000,1248.72000000,1625123974438,True,True
2738628,11.35200000,40.00000000,454.08000000,1625123974442,True,True
2738629,11.35200000,50.00000000,567.60000000,1625123974445,True,True
2738630,11.35200000,706.45500000,8019.67716000,1625123974511,True,True
2738631,11.34000000,1.23500000,14.00490000,1625123976644,False,True
2738632,11.34000000,1.23500000,14.00490000,1625123976644,False,True
2738633,11.34000000,1.23500000,14.00490000,1625123976644,False,True
2738634,11.34000000,1.23500000,14.00490000,1625123976644,False,True
2738635,11.34000000,1.23500000,14.00490000,1625123976644,False,True
2738636,11.34000000,1.23500000,14.00490000,1625123976644,False,True
2738637,11.34000000,1.23500000,14.00490000,1625123976644,False,True
2738638,11.34000000,0.17200000,1.95048000,1625123976644,False,True
2738639,11.34000000,1.06300000,12.05442000,1625123976645,False,True
2738640,11.34000000,0.70900000,8.04006000,1625123976645,False,True
2738641,11.37300000,21.00600000,238.90123800,1625124002916,False,True
2738642,11.36600000,5.00000000,56.83000000,1625124022917,False,True
2738643,11.38200000,1.15200000,13.11206400,1625124091693,False,True
2738644,11.38400000,1.01000000,11.49784000,1625124173405,False,True
2738645,11.37800000,94.79500000,1078.57751000,1625124183477,True,True
2738646,11.37800000,15.20500000,173.00249000,1625124183484,False,True
2738647,11.38800000,0.95300000,10.85276400,1625124199360,False,True
2738648,11.39000000,1.76600000,20.11474000,1625124276433,False,True
2738649,11.39600000,21.00000000,239.31600000,1625124306187,False,True
2738650,11.39600000,104.02400000,1185.45750400,1625124306187,False,True
2738651,11.39800000,20.36200000,232.08607600,1625124306187,False,True
2738652,11.40400000,2.31500000,26.40026000,1625124306187,False,True
2738653,11.40400000,15.96300000,182.04205200,1625124306187,False,True
2738654,11.40900000,15.00000000,171.13500000,1625124306187,False,True
2738655,11.40900000,16.28200000,185.76133800,1625124306187,False,True
2738656,11.41000000,8.42000000,96.07220000,1625124306187,False,True
2738657,11.41000000,10.80300000,123.26223000,1625124306187,False,True
2738658,11.41100000,2.05400000,23.43819400,1625124306187,False,True
2738659,11.41100000,1.70400000,19.44434400,1625124306187,False,True
2738660,11.41200000,38.36200000,437.78714400,1625124306187,False,True
2738661,11.39300000,8.42000000,95.92906000,1625124377808,False,True
2738662,11.37000000,3.49300000,39.71541000,1625124402733,True,True
2738663,11.35900000,8.42000000,95.64278000,1625124405141,True,True
2738664,11.35900000,6.31400000,71.72072600,1625124433426,False,True
2738665,11.35000000,21.00000000,238.35000000,1625124456921,True,True
2738666,11.35000000,109.58500000,1243.78975000,1625124456921,True,True
2738667,11.34200000,15.30000000,173.53260000,1625124456921,True,True
2738668,11.34200000,114.44200000,1298.00116400,1625124456921,True,True
2738669,11.35900000,11.32300000,128.61795700,1625124458084,False,True
2738670,11.35900000,11.92000000,135.39928000,1625124484623,False,True
2738671,11.35900000,30.00000000,340.77000000,1625124486605,False,True
2738672,11.35900000,30.00000000,340.77000000,1625124486606,False,True
2738673,11.35900000,30.00000000,340.77000000,1625124486607,False,True
2738674,11.35900000,110.00000000,1249.49000000,1625124486607,False,True
2738675,11.35900000,50.00000000,567.95000000,1625124486609,False,True
2738676,11.35900000,250.00000000,2839.75000000,1625124486667,False,True
2738677,11.35900000,80.00000000,908.72000000,1625124487066,False,True
2738678,11.35900000,10.00000000,113.59000000,1625124487069,False,True
2738679,11.35900000,10.00000000,113.59000000,1625124487274,False,True
2738680,11.35900000,30.00000000,340.77000000,1625124487276,False,True
2738681,11.35900000,10.00000000,113.59000000,1625124487277,False,True
2738682,11.35900000,20.00000000,227.18000000,1625124487296,False,True
2738683,11.35900000,30.00000000,340.77000000,1625124487414,False,True
2738684,11.35900000,30.00000000,340.77000000,1625124487414,False,True
2738685,11.35900000,30.00000000,340.77000000,1625124487595,False,True
2738686,11.35900000,50.00000000,567.95000000,1625124487596,False,True
2738687,11.35900000,10.00000000,113.59000000,1625124487597,False,True
2738688,11.35900000,360.00000000,4089.24000000,1625124487599,False,True
2738689,11.35900000,140.00000000,1590.26000000,1625124487648,False,True
2738690,11.35900000,50.00000000,567.95000000,1625124487649,False,True
2738691,11.35900000,520.00000000,5906.68000000,1625124487650,False,True
2738692,11.35900000,50.00000000,567.95000000,1625124487653,False,True
2738693,11.35900000,624.53500000,7094.09306500,1625124487667,False,True
2738694,11.35900000,360.00000000,4089.24000000,1625124487675,False,True
2738695,11.37200000,21.00000000,238.81200000,1625124536356,True,True
2738696,11.37200000,1.23000000,13.98756000,1625124536356,True,True
2738697,11.37200000,1.23000000,13.98756000,1625124536356,True,True
2738698,11.37200000,1.23000000,13.98756000,1625124536356,True,True
2738699,11.37200000,1.23000000,13.98756000,1625124536356,True,True
2738700,11.37200000,1.23000000,13.98756000,1625124536356,True,True
2738701,11.37200000,1.23000000,13.98756000,1625124536356,True,True
2738702,11.37200000,1.23000000,13.98756000,1625124536356,True,True
2738703,11.37200000,1.23000000,13.98756000,1625124536356,True,True
2738704,11.37200000,0.70300000,7.99451600,1625124536356,True,True
2738705,11.37100000,33.56300000,381.64487300,1625124536356,True,True
2738706,11.36000000,1.23300000,14.00688000,1625124563856,False,True
2738707,11.36000000,0.49600000,5.63456000,1625124563856,False,True
2738708,11.34800000,1.23200000,13.98073600,1625124570559,True,True
2738709,11.34800000,47.54600000,539.55200800,1625124570559,True,True
2738710,11.33100000,5.01100000,56.77964100,1625124623889,True,True
2738711,11.33100000,7.57500000,85.83232500,1625124623890,True,True
2738712,11.32200000,1.76600000,19.99465200,1625124624220,True,True
2738713,11.32000000,5.87200000,66.47104000,1625124624220,True,True
2738714,11.32000000,4.18700000,47.39684000,1625124624220,True,True
2738715,11.32700000,21.00000000,237.86700000,1625124632175,False,True
2738716,11.32700000,2.00000000,22.65400000,1625124764400,False,True
2738717,11.34100000,9.82500000,111.42532500,1625124795099,False,True
2738718,11.34900000,8.80000000,99.87120000,1625124800615,False,True
2738719,11.34900000,3.50000000,39.72150000,1625124800667,False,True
2738720,11.34900000,9.30000000,105.54570000,1625124800717,False,True
2738721,11.33900000,1.23500000,14.00366500,1625124854517,False,True
2738722,11.33900000,87.56500000,992.89953500,1625124854517,False,True
2738723,11.33900000,19.21200000,217.84486800,1625124861686,False,True
2738724,11.33900000,0.62100000,7.04151900,1625124861686,False,True
2738725,11.32100000,7.00000000,79.24700000,1625124940711,True,True
2738726,11.36600000,4.18700000,47.58944200,1625125043284,False,True
2738727,11.36600000,17.61300000,200.18935800,1625125217653,True,True
2738728,11.35000000,17.61300000,199.90755000,1625125217671,True,True
2738729,11.34400000,107.12800000,1215.26003200,1625125239491,False,True
2738730,11.34500000,21.00000000,238.24500000,1625125239491,False,True
2738731,11.34800000,13.91600000,157.91876800,1625125239491,False,True
2738732,11.35000000,77.72800000,882.21280000,1625125239505,True,True
2738733,11.35000000,4.18700000,47.52245000,1625125239510,True,True
2738734,11.35000000,1232.91800000,13993.61930000,1625125239511,True,True
2738735,11.35000000,561.24500000,6370.13075000,1625125239512,True,True
2738736,11.35000000,160.00000000,1816.00000000,1625125239515,True,True
2738737,11.35000000,100.00000000,1135.00000000,1625125239516,True,True
2738738,11.35000000,44.53500000,505.47225000,1625125239518,True,True
2738739,11.35000000,317.00000000,3597.95000000,1625125239520,True,True
2738740,11.35000000,289.11900000,3281.50065000,1625125239520,True,True
2738741,11.35100000,6.30700000,71.59075700,1625125239523,False,True
2738742,11.32800000,154.09900000,1745.63347200,1625125239525,True,True
2738743,11.33700000,2.20200000,24.96407400,1625125286878,True,True
2738744,11.32700000,3.00000000,33.98100000,1625125317074,True,True
2738745,11.33900000,2.20200000,24.96847800,1625125328624,False,True
2738746,11.33900000,8.42000000,95.47438000,1625125328638,False,True
2738747,11.33900000,8.42000000,95.47438000,1625125345445,True,True
2738748,11.33900000,11.82500000,134.08367500,1625125345455,True,True
2738749,11.33900000,1.80200000,20.43287800,1625125361435,True,True
2738750,11.34600000,2.20200000,24.98389200,1625125369426,False,True
2738751,11.34800000,9.62300000,109.20180400,1625125369426,False,True
2738752,11.34900000,1.23400000,14.00466600,1625125369451,False,True
2738753,11.34900000,1.23400000,14.00466600,1625125369451,False,True
2738754,11.34900000,1.23400000,14.00466600,1625125369451,False,True
2738755,11.34900000,1.23400000,14.00466600,1625125369451,False,True
2738756,11.34900000,1.23400000,14.00466600,1625125369451,False,True
2738757,11.34900000,1.23400000,14.00466600,1625125369451,False,True
2738758,11.34900000,1.01600000,11.53058400,1625125369451,False,True
2738759,11.34900000,8.42000000,95.55858000,1625125453278,True,True
2738760,11.34000000,1.90000000,21.54600000,1625125464230,True,True
2738761,11.35700000,0.26700000,3.03231900,1625125472314,False,True
2738762,11.33900000,21.00000000,238.11900000,1625125529028,True,True
2738763,11.34100000,6.20700000,70.39358700,1625125533945,True,True
2738764,11.33700000,1.23300000,13.97852100,1625125593045,True,True
2738765,11.33700000,1.23300000,13.97852100,1625125593045,True,True
2738766,11.33700000,1.23300000,13.97852100,1625125593045,True,True
2738767,11.33700000,1.23300000,13.97852100,1625125593045,True,True
2738768,11.33700000,1.23300000,13.97852100,1625125593045,True,True
2738769,11.33700000,1.23300000,13.97852100,1625125593045,True,True
2738770,11.33700000,1.23300000,13.97852100,1625125593045,True,True
2738771,11.33700000,1.23300000,13.97852100,1625125593045,True,True
2738772,11.33700000,0.71100000,8.06060700,1625125593045,True,True
2738773,11.30800000,2.31500000,26.17802000,1625125605737,True,True
2738774,11.31900000,8.42000000,95.30598000,1625125620944,False,True
2738775,11.31900000,10.57500000,119.69842500,1625125620997,False,True
2738776,11.31900000,1.23500000,13.97896500,1625125662653,True,True
2738777,11.31900000,1.23500000,13.97896500,1625125662653,True,True
2738778,11.31900000,1.23500000,13.97896500,1625125662653,True,True
2738779,11.31900000,1.23500000,13.97896500,1625125662653,True,True
2738780,11.31900000,1.23500000,13.97896500,1625125662653,True,True
2738781,11.31900000,1.23500000,13.97896500,1625125662653,True,True
2738782,11.31900000,1.23500000,13.97896500,1625125662653,True,True
2738783,11.31900000,0.18900000,2.13929100,1625125662653,True,True
2738784,11.31900000,1.04600000,11.83967400,1625125662657,True,True
2738785,11.31900000,0.70900000,8.02517100,1625125662657,True,True
2738786,11.31900000,2.51900000,28.51256100,1625125696145,False,True
2738787,11.30400000,17.49200000,197.72956800,1625125798038,True,True
2738788,11.30400000,1.10800000,12.52483200,1625125798041,True,True
2738789,11.30400000,0.88500000,10.00404000,1625125814606,True,True
2738790,11.29100000,1.90000000,21.45290000,1625125851827,True,True
2738791,11.27800000,13.36200000,150.69663600,1625125932893,True,True
2738792,11.27700000,0.95300000,10.74698100,1625125933290,True,True
2738793,11.25700000,109.82200000,1236.26625400,1625125934611,True,True
2738794,11.29100000,0.95300000,10.76032300,1625125961469,False,True
2738795,11.29000000,1.24100000,14.01089000,1625126087935,False,True
2738796,11.29000000,1.24100000,14.01089000,1625126087935,False,True
2738797,11.29000000,0.30300000,3.42087000,1625126087935,False,True
2738798,11.28300000,2.18000000,24.59694000,1625126090112,True,True
2738799,11.28100000,1.24000000,13.98844000,1625126108101,True,True
2738800,11.28100000,1.24000000,13.98844000,1625126108101,True,True
2738801,11.28100000,1.24000000,13.98844000,1625126108101,True,True
2738802,11.28100000,1.24000000,13.98844000,1625126108101,True,True
2738803,11.28100000,1.24000000,13.98844000,1625126108101,True,True
2738804,11.28100000,1.24000000,13.98844000,1625126108101,True,True
2738805,11.28100000,1.24000000,13.98844000,1625126108101,True,True
2738806,11.28100000,1.24000000,13.98844000,1625126108101,True,True
2738807,11.28100000,0.70900000,7.99822900,1625126108101,True,True
2738808,11.28000000,204.50700000,2306.83896000,1625126108110,True,True
2738809,11.28000000,65.49300000,738.76104000,1625126108115,True,True
2738810,11.27700000,6.31400000,71.20297800,1625126113662,True,True
2738811,11.30100000,2.64200000,29.85724200,1625126148106,False,True
2738812,11.26800000,114.43000000,1289.39724000,1625126189176,True,True
2738813,11.25600000,1.24200000,13.97995200,1625126190482,True,True
2738814,11.25600000,1.24200000,13.97995200,1625126190482,True,True
2738815,11.25600000,1.24200000,13.97995200,1625126190482,True,True
2738816,11.25600000,1.24200000,13.97995200,1625126190482,True,True
2738817,11.25600000,1.24200000,13.97995200,1625126190482,True,True
2738818,11.25600000,1.24200000,13.97995200,1625126190482,True,True
2738819,11.25600000,1.24200000,13.97995200,1625126190482,True,True
2738820,11.25600000,0.19100000,2.14989600,1625126190482,True,True
2738821,11.25600000,1.05100000,11.83005600,1625126190483,True,True
2738822,11.25600000,0.71400000,8.03678400,1625126190483,True,True
2738823,11.25400000,1.77700000,19.99835800,1625126190498,True,True
2738824,11.25100000,1.00000000,11.25100000,1625126190807,True,True
2738825,11.25100000,5.29700000,59.59654700,1625126190813,True,True
2738826,11.25100000,4.50600000,50.69700600,1625126190819,True,True
2738827,11.25000000,0.97700000,10.99125000,1625126190819,True,True
2738828,11.25000000,0.97700000,10.99125000,1625126190819,True,True
2738829,11.24400000,21.00000000,236.12400000,1625126210912,True,True
2738830,11.24400000,7.49400000,84.26253600,1625126210912,True,True
2738831,11.23100000,1.08200000,12.15194200,1625126218355,True,True
2738832,11.22600000,5.36500000,60.22749000,1625126222103,True,True
2738833,11.22600000,8.42000000,94.52292000,1625126222113,True,True
2738834,11.22600000,16.55100000,185.80152600,1625126222116,True,True
2738835,11.22400000,1.00000000,11.22400000,1625126222234,True,True
2738836,11.21500000,15.00000000,168.22500000,1625126223418,True,True
2738837,11.21200000,2.33400000,26.16880800,1625126231543,True,True
2738838,11.20800000,3.98000000,44.60784000,1625126232538,True,True
2738839,11.23700000,11.82500000,132.87752500,1625126265792,False,True
2738840,11.23000000,45.87100000,515.13133000,1625126282562,True,True
2738841,11.23100000,30.80600000,345.98218600,1625126289546,False,True
2738842,11.20800000,2.02000000,22.64016000,1625126387515,True,True
2738843,11.20800000,2.18200000,24.45585600,1625126404850,True,True
2738844,11.20800000,0.89300000,10.00874400,1625126405064,True,True
2738845,11.19900000,15.20000000,170.22480000,1625126406310,True,True
2738846,11.19900000,9.80500000,109.80619500,1625126406310,True,True
2738847,11.19800000,0.98200000,10.99643600,1625126406377,True,True
2738848,11.21700000,4.45700000,49.99416900,1625126449074,False,True
2738849,11.21900000,21.00000000,235.59900000,1625126461428,False,True
2738850,11.21700000,1.24900000,14.01003300,1625126471827,False,True
2738851,11.23000000,1.24700000,14.00381000,1625126483420,False,True
2738852,11.23000000,1.24700000,14.00381000,1625126483420,False,True
2738853,11.23000000,1.24700000,14.00381000,1625126483420,False,True
2738854,11.23000000,1.24700000,14.00381000,1625126483420,False,True
2738855,11.23000000,1.24700000,14.00381000,1625126483420,False,True
2738856,11.23000000,1.24700000,14.00381000,1625126483420,False,True
2738857,11.23000000,1.24700000,14.00381000,1625126483420,False,True
2738858,11.23000000,1.24700000,14.00381000,1625126483420,False,True
2738859,11.23000000,0.71700000,8.05191000,1625126483420,False,True
2738860,11.23100000,1.13200000,12.71349200,1625126483420,False,True
2738861,11.24200000,1.24600000,14.00753200,1625126485540,False,True
2738862,11.24200000,1.24600000,14.00753200,1625126485540,False,True
2738863,11.24200000,1.24600000,14.00753200,1625126485540,False,True
2738864,11.24200000,1.24600000,14.00753200,1625126485540,False,True
2738865,11.24200000,1.24600000,14.00753200,1625126485540,False,True
2738866,11.24200000,1.24600000,14.00753200,1625126485540,False,True
2738867,11.24200000,0.94400000,10.61244800,1625126485540,False,True
2738868,11.24600000,0.93000000,10.45878000,1625126508406,True,True
2738869,11.24600000,0.31300000,3.51999800,1625126508938,True,True
2738870,11.24600000,0.61600000,6.92753600,1625126508938,True,True
2738871,11.24600000,0.62700000,7.05124200,1625126509405,True,True
2738872,11.24600000,0.31900000,3.58747400,1625126509405,True,True
2738873,11.24600000,0.92400000,10.39130400,1625126509940,True,True
2738874,11.24600000,0.07400000,0.83220400,1625126509940,True,True
2738875,11.24700000,0.90100000,10.13354700,1625126510432,True,True
2738876,11.24500000,4.49300000,50.52378500,1625126510908,True,True
2738877,11.24500000,0.98800000,11.11006000,1625126511407,True,True
2738878,11.24500000,2.83600000,31.89082000,1625126511941,True,True
2738879,11.24500000,1.03400000,11.62733000,1625126512439,True,True
2738880,11.24500000,0.92800000,10.43536000,1625126512902,True,True
2738881,11.24500000,0.96500000,10.85142500,1625126512934,True,True
2738882,11.26000000,178.00000000,2004.28000000,1625126513117,False,True
2738883,11.24700000,7.48300000,84.16130100,1625126513404,True,True
2738884,11.24700000,0.99800000,11.22450600,1625126513433,True,True
2738885,11.24700000,0.99800000,11.22450600,1625126513934,True,True
2738886,11.25100000,0.94600000,10.64344600,1625126514435,True,True
2738887,11.25600000,9.60200000,108.08011200,1625126514940,True,True
2738888,11.25600000,7.48900000,84.29618400,1625126515432,True,True
2738889,11.25900000,0.92900000,10.45961100,1625126515938,True,True
2738890,11.25900000,1.12300000,12.64385700,1625126516446,True,True
2738891,11.26300000,0.93000000,10.47459000,1625126516937,True,True
2738892,11.26200000,2.21900000,24.99037800,1625126517431,True,True
2738893,11.25000000,0.50800000,5.71500000,1625126517431,True,True
2738894,11.24700000,0.92900000,10.44846300,1625126517935,True,True
2738895,11.24700000,0.99800000,11.22450600,1625126518430,True,True
2738896,11.24700000,1.23600000,13.90129200,1625126518932,True,True
2738897,11.23500000,2.24000000,25.16640000,1625126518932,True,True
2738898,11.25200000,4.40000000,49.50880000,1625126519073,False,True
2738899,11.23500000,1.24400000,13.97634000,1625126519434,True,True
2738900,11.23500000,1.24400000,13.97634000,1625126519434,True,True
2738901,11.23500000,0.76400000,8.58354000,1625126519434,True,True
2738902,11.23500000,0.48000000,5.39280000,1625126519937,True,True
2738903,11.23500000,1.24400000,13.97634000,1625126519937,True,True
2738904,11.23500000,0.52200000,5.86467000,1625126519937,True,True
2738905,11.23500000,0.72200000,8.11167000,1625126520147,True,True
2738906,11.23500000,0.19100000,2.14588500,1625126520147,True,True
2738907,11.23500000,0.99800000,11.21253000,1625126520643,True,True
2738908,11.23500000,0.05500000,0.61792500,1625126520955,True,True
2738909,11.23500000,1.24400000,13.97634000,1625126520955,True,True
2738910,11.23500000,1.24400000,13.97634000,1625126520955,True,True
2738911,11.23500000,0.71200000,7.99932000,1625126520955,True,True
2738912,11.21800000,1.09000000,12.22762000,1625126521145,True,True
2738913,11.21700000,0.40700000,4.56531900,1625126521145,True,True
2738914,11.23900000,4.50000000,50.57550000,1625126521367,False,True
2738915,11.21700000,1.07700000,12.08070900,1625126521646,True,True
2738916,11.22100000,2.99500000,33.60689500,1625126522146,True,True
2738917,11.21300000,0.99800000,11.19057400,1625126522649,True,True
2738918,11.20900000,0.92000000,10.31228000,1625126523147,True,True
2738919,11.23100000,4.50000000,50.53950000,1625126523165,False,True
2738920,11.20900000,1.12300000,12.58770700,1625126523646,True,True
2738921,11.20900000,0.99800000,11.18658200,1625126524225,True,True
2738922,11.20900000,1.12300000,12.58770700,1625126524648,True,True
2738923,11.21300000,0.99800000,11.19057400,1625126525146,True,True
2738924,11.21300000,0.89900000,10.08048700,1625126525657,True,True
2738925,11.22600000,2.21900000,24.91049400,1625126526149,False,True
2738926,11.22700000,1.24700000,14.00006900,1625126526149,False,True
2738927,11.22700000,1.24700000,14.00006900,1625126526149,False,True
2738928,11.22700000,1.24700000,14.00006900,1625126526149,False,True
2738929,11.22700000,1.24700000,14.00006900,1625126526149,False,True
2738930,11.22700000,1.24700000,14.00006900,1625126526149,False,True
2738931,11.22700000,1.24700000,14.00006900,1625126526149,False,True
2738932,11.22700000,1.24700000,14.00006900,1625126526149,False,True
2738933,11.22700000,1.24700000,14.00006900,1625126526149,False,True
2738934,11.22700000,0.72000000,8.08344000,1625126526149,False,True
2738935,11.22800000,11.48500000,128.95358000,1625126526149,False,True
2738936,11.21300000,1.12300000,12.59219900,1625126526149,True,True
2738937,11.22800000,9.51500000,106.83442000,1625126526650,False,True
2738938,11.21500000,0.96300000,10.80004500,1625126527437,True,True
2738939,11.21000000,1.12400000,12.60004000,1625126528942,True,True
2738940,11.21000000,0.13500000,1.51335000,1625126529939,True,True
2738941,11.20900000,0.94300000,10.57008700,1625126529939,True,True
2738942,11.20000000,1.24700000,13.96640000,1625126530437,True,True
2738943,11.20000000,1.24700000,13.96640000,1625126530437,True,True
2738944,11.20000000,1.24700000,13.96640000,1625126530437,True,True
2738945,11.20000000,1.24700000,13.96640000,1625126530437,True,True
2738946,11.20000000,1.24700000,13.96640000,1625126530437,True,True
2738947,11.20000000,1.24700000,13.96640000,1625126530437,True,True
2738948,11.20000000,1.24700000,13.96640000,1625126530437,True,True
2738949,11.20000000,1.24700000,13.96640000,1625126530437,True,True
2738950,11.20000000,0.71900000,8.05280000,1625126530437,True,True
2738951,11.19900000,0.96400000,10.79583600,1625126530437,True,True
2738952,11.19900000,1.61200000,18.05278800,1625126530437,True,True
2738953,11.19900000,0.89300000,10.00070700,1625126530437,True,True
2738954,11.19900000,3.64400000,40.80915600,1625126530437,True,True
2738955,11.19900000,1.15700000,12.95724300,1625126530437,True,True
2738956,11.19900000,1.58200000,17.71681800,1625126530437,True,True
2738957,11.19900000,17.04100000,190.84215900,1625126530437,True,True
2738958,11.19900000,1.06600000,11.93813400,1625126530437,True,True
2738959,11.19900000,1.04500000,11.70295500,1625126530437,True,True
2738960,11.19900000,1.02200000,11.44537800,1625126530437,True,True
2738961,11.19900000,0.98100000,10.98621900,1625126530437,True,True
2738962,11.19900000,0.94300000,10.56065700,1625126530437,True,True
2738963,11.19900000,4.47400000,50.10432600,1625126530437,True,True
2738964,11.19900000,0.90000000,10.07910000,1625126530437,True,True
2738965,11.19900000,3.08100000,34.50411900,1625126530437,True,True
2738966,11.19900000,0.96900000,10.85183100,1625126530437,True,True
2738967,11.19900000,1.02200000,11.44537800,1625126530437,True,True
2738968,11.19900000,0.93200000,10.43746800,1625126530437,True,True
2738969,11.19900000,24.90000000,278.85510000,1625126530437,True,True
2738970,11.21600000,21.00000000,235.53600000,1625126530567,False,True
2738971,11.19900000,2.24900000,25.18655100,1625126532449,True,True
2738972,11.19900000,8.57000000,95.97543000,1625126533703,True,True
2738973,11.19900000,34.64000000,387.93336000,1625126533720,True,True
2738974,11.19900000,0.93700000,10.49346300,1625126533720,True,True
2738975,11.19900000,0.99400000,11.13180600,1625126533720,True,True
2738976,11.19900000,0.99300000,11.12060700,1625126533720,True,True
2738977,11.18700000,1.78800000,20.00235600,1625126535387,True,True
2738978,11.17300000,1.79000000,19.99967000,1625126539087,True,True
2738979,11.18400000,20.36200000,227.72860800,1625126540036,False,True
2738980,11.18300000,2.22200000,24.84862600,1625126540550,False,True
2738981,11.17600000,3.27300000,36.57904800,1625126542055,True,True
