39508216,15.94000000,4.42000000,70.45480000,1665619246433,True,True
39508217,15.94000000,0.74000000,11.79560000,1665619246433,True,True
39508218,15.95000000,1.00000000,15.95000000,1665619259992,False,True
39508219,15.94000000,6.28000000,100.10320000,1665619304768,True,True
39508220,15.94000000,7.08000000,112.85520000,1665619304768,True,True
39508221,15.94000000,7.11000000,113.33340000,1665619304768,True,True
39508222,15.94000000,5.78000000,92.13320000,1665619304768,True,True
39508223,15.94000000,5.78000000,92.13320000,1665619304780,True,True
39508224,15.94000000,5.78000000,92.13320000,1665619304780,True,True
39508225,15.94000000,5.78000000,92.13320000,1665619304780,True,True
39508226,15.94000000,5.78000000,92.13320000,1665619304780,True,True
39508227,15.94000000,5.78000000,92.13320000,1665619304780,True,True
39508228,15.94000000,5.78000000,92.13320000,1665619304780,True,True
39508229,15.94000000,5.78000000,92.13320000,1665619304780,True,True
39508230,15.94000000,5.78000000,92.13320000,1665619304780,True,True
39508231,15.94000000,5.77000000,91.97380000,1665619304780,True,True
39508232,15.94000000,10.00000000,159.40000000,1665619330745,False,True
39508233,15.94000000,38.28000000,610.18320000,1665619331129,False,True
39508234,15.94000000,10.00000000,159.40000000,1665619331140,False,True
39508235,15.95000000,7.20000000,114.84000000,1665619416660,False,True
39508236,15.95000000,1.64000000,26.15800000,1665619416710,False,True
39508237,15.95000000,1.46000000,23.28700000,1665619416710,False,True
39508238,15.96000000,10.10000000,161.19600000,1665619440978,False,True
39508239,15.96000000,5.63000000,89.85480000,1665619476504,False,True
39508240,15.96000000,1.60000000,25.53600000,1665619490308,False,True
39508241,15.96000000,0.89000000,14.20440000,1665619494767,False,True
39508242,15.96000000,2.00000000,31.92000000,1665619494767,False,True
39508243,15.96000000,3.13000000,49.95480000,1665619494767,False,True
39508244,15.96000000,3.30000000,52.66800000,1665619494767,False,True
39508245,15.96000000,1.46000000,23.30160000,1665619494767,False,True
39508246,15.96000000,22.66000000,361.65360000,1665619494767,False,True
39508247,15.96000000,6.48000000,103.42080000,1665619494797,False,True
39508248,15.96000000,33.29000000,531.30840000,1665619494808,False,True
39508249,15.96000000,28.88000000,460.92480000,1665619494816,False,True
39508250,15.96000000,30.08000000,480.07680000,1665619494816,False,True
39508251,15.96000000,19.46000000,310.58160000,1665619494837,False,True
39508252,15.96000000,9.05000000,144.43800000,1665619494838,False,True
39508253,15.96000000,10.00000000,159.60000000,1665619494977,False,True
39508254,15.96000000,6.25000000,99.75000000,1665619495200,False,True
39508255,15.96000000,3.75000000,59.85000000,1665619495300,False,True
39508256,15.96000000,6.26000000,99.90960000,1665619495418,False,True
39508257,15.96000000,3.74000000,59.69040000,1665619495544,False,True
39508258,15.96000000,10.00000000,159.60000000,1665619495738,False,True
39508259,15.96000000,10.00000000,159.60000000,1665619495834,False,True
39508260,15.96000000,10.00000000,159.60000000,1665619495971,False,True
39508261,15.96000000,10.00000000,159.60000000,1665619496027,False,True
39508262,15.96000000,10.00000000,159.60000000,1665619496135,False,True
39508263,15.96000000,7.56000000,120.65760000,1665619496312,False,True
39508264,15.97000000,1.11000000,17.72670000,1665619539115,False,True
39508265,15.97000000,15.11000000,241.30670000,1665619539115,False,True
39508266,15.97000000,3.30000000,52.70100000,1665619539125,False,True
39508267,15.97000000,1.46000000,23.31620000,1665619539125,False,True
39508268,15.97000000,10.00000000,159.70000000,1665619539125,False,True
39508269,15.97000000,2.58000000,41.20260000,1665619549077,True,True
39508270,15.97000000,14.76000000,235.71720000,1665619556489,True,True
39508271,15.97000000,19.36000000,309.17920000,1665619556489,True,True
39508272,15.97000000,11.50000000,183.65500000,1665619556496,True,True
39508273,15.97000000,25.11000000,401.00670000,1665619556496,True,True
39508274,15.97000000,4.39000000,70.10830000,1665619556496,True,True
39508275,15.97000000,25.11000000,401.00670000,1665619557656,True,True
39508276,15.97000000,25.11000000,401.00670000,1665619560284,True,True
39508277,15.97000000,7.31000000,116.74070000,1665619560295,True,True
39508278,15.97000000,17.80000000,284.26600000,1665619560303,True,True
39508279,15.97000000,7.31000000,116.74070000,1665619560303,True,True
39508280,15.97000000,7.14000000,114.02580000,1665619560306,True,True
39508281,15.97000000,10.65000000,170.08050000,1665619560317,True,True
39508282,15.97000000,118.58000000,1893.72260000,1665619562954,False,True
39508283,15.96000000,5.51000000,87.93960000,1665619569077,True,True
39508284,15.96000000,5.06000000,80.75760000,1665619609094,True,True
39508285,15.96000000,4.47000000,71.34120000,1665619634077,True,True
39508286,15.96000000,7.61000000,121.45560000,1665619659077,True,True
39508287,15.96000000,0.78000000,12.44880000,1665619659077,True,True
39508288,15.96000000,2.38000000,37.98480000,1665619669077,True,True
39508289,15.96000000,3.93000000,62.72280000,1665619684077,True,True
39508290,15.96000000,0.54000000,8.61840000,1665619684077,True,True
39508291,15.96000000,4.48000000,71.50080000,1665619686617,True,True
39508292,15.96000000,0.46000000,7.34160000,1665619714077,True,True
39508293,15.96000000,5.85000000,93.36600000,1665619714077,True,True
39508294,15.96000000,4.90000000,78.20400000,1665619729078,True,True
39508295,15.97000000,52.52000000,838.74440000,1665619741099,False,True
39508296,15.97000000,68.57000000,1095.06290000,1665619741099,False,True
39508297,15.97000000,3.12000000,49.82640000,1665619741099,False,True
39508298,15.97000000,27.37000000,437.09890000,1665619741099,False,True
39508299,15.96000000,6.24000000,99.59040000,1665619764077,True,True
39508300,15.96000000,5.99000000,95.60040000,1665619789079,True,True
39508301,15.96000000,6.12000000,97.67520000,1665619829093,True,True
39508302,15.96000000,3.61000000,57.61560000,1665619849077,True,True
39508303,15.96000000,44.75000000,714.21000000,1665619859939,True,True
39508304,15.96000000,0.03000000,0.47880000,1665619874113,True,True
39508305,15.96000000,4.25000000,67.83000000,1665619874113,True,True
39508306,15.96000000,17.78000000,283.76880000,1665619901477,True,True
39508307,15.96000000,3.17000000,50.59320000,1665619909079,True,True
39508308,15.96000000,4.92000000,78.52320000,1665619939077,True,True
39508309,15.96000000,5.21000000,83.15160000,1665619969078,True,True
39508310,15.96000000,3.40000000,54.26400000,1665620019079,True,True
39508311,15.96000000,1.16000000,18.51360000,1665620019079,True,True
39508312,15.96000000,1.98000000,31.60080000,1665620029077,True,True
39508313,15.96000000,3.06000000,48.83760000,1665620044654,True,True
39508314,15.96000000,24.27000000,387.34920000,1665620044654,True,True
39508315,15.96000000,12.34000000,196.94640000,1665620044654,True,True
39508316,15.96000000,15.23000000,243.07080000,1665620044708,True,True
39508317,15.96000000,34.09000000,544.07640000,1665620044708,True,True
39508318,15.96000000,1.08000000,17.23680000,1665620044708,True,True
39508319,15.96000000,42.21000000,673.67160000,1665620044708,True,True
39508320,15.95000000,2.78000000,44.34100000,1665620049077,True,True
39508321,15.95000000,3.68000000,58.69600000,1665620074078,True,True
39508322,15.95000000,8.18000000,130.47100000,1665620083342,True,True
39508323,15.95000000,11.16000000,178.00200000,1665620083352,True,True
39508324,15.95000000,8.28000000,132.06600000,1665620083356,True,True
39508325,15.95000000,15.13000000,241.32350000,1665620083356,True,True
39508326,15.95000000,1.46000000,23.28700000,1665620083356,True,True
39508327,15.94000000,5.65000000,90.06100000,1665620089078,True,True
39508328,15.94000000,2.50000000,39.85000000,1665620124223,True,True
39508329,15.94000000,626.72000000,9989.91680000,1665620124223,True,True
39508330,15.94000000,3.30000000,52.60200000,1665620124223,True,True
39508331,15.94000000,5.79000000,92.29260000,1665620124223,True,True
39508332,15.94000000,1.46000000,23.27240000,1665620124223,True,True
39508333,15.94000000,5.79000000,92.29260000,1665620124235,True,True
39508334,15.94000000,5.79000000,92.29260000,1665620124244,True,True
39508335,15.94000000,5.79000000,92.29260000,1665620124281,True,True
39508336,15.94000000,5.79000000,92.29260000,1665620124294,True,True
39508337,15.94000000,5.79000000,92.29260000,1665620124353,True,True
39508338,15.94000000,5.79000000,92.29260000,1665620124353,True,True
39508339,15.94000000,5.79000000,92.29260000,1665620124360,True,True
39508340,15.94000000,5.79000000,92.29260000,1665620124413,True,True
39508341,15.94000000,5.70000000,90.85800000,1665620124421,True,True
39508342,15.93000000,1.11000000,17.68230000,1665620129087,True,True
39508343,15.93000000,4.85000000,77.26050000,1665620129087,True,True
39508344,15.94000000,18.69000000,297.91860000,1665620136420,False,True
39508345,15.94000000,5.35000000,85.27900000,1665620136463,False,True
39508346,15.94000000,8.30000000,132.30200000,1665620149077,True,True
39508347,15.95000000,22.37000000,356.80150000,1665620177197,False,True
39508348,15.95000000,7.09000000,113.08550000,1665620177197,False,True
39508349,15.95000000,2.50000000,39.87500000,1665620177197,False,True
39508350,15.95000000,1.10000000,17.54500000,1665620177197,False,True
39508351,15.95000000,33.68000000,537.19600000,1665620177319,False,True
39508352,15.95000000,16.93000000,270.03350000,1665620177319,False,True
39508353,15.95000000,6.92000000,110.37400000,1665620177328,False,True
39508354,15.95000000,7.12000000,113.56400000,1665620177332,False,True
39508355,15.95000000,21.79000000,347.55050000,1665620177383,False,True
39508356,15.95000000,7.09000000,113.08550000,1665620177383,False,True
39508357,15.95000000,1.73000000,27.59350000,1665620177383,False,True
39508358,15.95000000,16.39000000,261.42050000,1665620177383,False,True
39508359,15.95000000,7.82000000,124.72900000,1665620179077,True,True
39508360,15.95000000,8.44000000,134.61800000,1665620209077,True,True
39508361,15.95000000,22.68000000,361.74600000,1665620213420,True,True
39508362,15.95000000,14.17000000,226.01150000,1665620213420,True,True
39508363,15.94000000,3.23000000,51.48620000,1665620244077,True,True
39508364,15.95000000,10.64000000,169.70800000,1665620251454,False,True
39508365,15.95000000,9.52000000,151.84400000,1665620251458,False,True
39508366,15.95000000,7.08000000,112.92600000,1665620251676,False,True
39508367,15.95000000,8.78000000,140.04100000,1665620259077,True,True
39508368,15.95000000,7.56000000,120.58200000,1665620269078,True,True
39508369,15.95000000,3.82000000,60.92900000,1665620269528,True,True
39508370,15.95000000,14.17000000,226.01150000,1665620269528,True,True
39508371,15.95000000,24.87000000,396.67650000,1665620269528,True,True
39508372,15.95000000,7.07000000,112.76650000,1665620269540,True,True
39508373,15.95000000,13.57000000,216.44150000,1665620289838,True,True
39508374,15.95000000,2.34000000,37.32300000,1665620289879,False,True
39508375,15.95000000,11.17000000,178.16150000,1665620297955,False,True
39508376,15.94000000,7.53000000,120.02820000,1665620309089,True,True
39508377,15.95000000,2.34000000,37.32300000,1665620316011,False,True
39508378,15.95000000,15.27000000,243.55650000,1665620328118,False,True
39508379,15.95000000,14.16000000,225.85200000,1665620328118,False,True
39508380,15.95000000,8.12000000,129.51400000,1665620329077,True,True
39508381,15.95000000,6.90000000,110.05500000,1665620369087,True,True
39508382,15.95000000,0.83000000,13.23850000,1665620384025,True,True
39508383,15.95000000,1.43000000,22.80850000,1665620384025,True,True
39508384,15.95000000,8.03000000,128.07850000,1665620389077,True,True
39508385,15.95000000,5.35000000,85.33250000,1665620429117,True,True
39508386,15.94000000,2.81000000,44.79140000,1665620429117,True,True
39508387,15.95000000,4.49000000,71.61550000,1665620449078,True,True
39508388,15.96000000,3.50000000,55.86000000,1665620455203,False,True
39508389,15.96000000,38.32000000,611.58720000,1665620455241,False,True
39508390,15.96000000,41.83000000,667.60680000,1665620455251,False,True
39508391,15.96000000,7.61000000,121.45560000,1665620455772,False,True
39508392,15.96000000,2.95000000,47.08200000,1665620455896,False,True
39508393,15.95000000,2.02000000,32.21900000,1665620489090,True,True
39508394,15.96000000,14.18000000,226.31280000,1665620497161,False,True
39508395,15.96000000,20.00000000,319.20000000,1665620497304,False,True
39508396,15.96000000,60.00000000,957.60000000,1665620497305,False,True
39508397,15.96000000,28.69000000,457.89240000,1665620497306,False,True
39508398,15.96000000,280.00000000,4468.80000000,1665620497307,False,True
39508399,15.96000000,20.44000000,326.22240000,1665620497317,False,True
39508400,15.96000000,142.61000000,2276.05560000,1665620497320,False,True
39508401,15.96000000,6.94000000,110.76240000,1665620497327,False,True
39508402,15.96000000,1.31000000,20.90760000,1665620497330,False,True
39508403,15.96000000,9.49000000,151.46040000,1665620509078,True,True
39508404,15.96000000,10.20000000,162.79200000,1665620544077,True,True
39508405,15.97000000,0.83000000,13.25510000,1665620562754,False,True
39508406,15.97000000,0.83000000,13.25510000,1665620562754,False,True
39508407,15.97000000,3.30000000,52.70100000,1665620562754,False,True
39508408,15.97000000,1.11000000,17.72670000,1665620562754,False,True
39508409,15.97000000,27.62000000,441.09140000,1665620562754,False,True
39508410,15.97000000,1.46000000,23.31620000,1665620562754,False,True
39508411,15.97000000,3.65000000,58.29050000,1665620569078,True,True
39508412,15.97000000,3.88000000,61.96360000,1665620594077,True,True
39508413,15.97000000,3.02000000,48.22940000,1665620629078,True,True
39508414,15.97000000,2.42000000,38.64740000,1665620644078,True,True
39508415,15.97000000,5.48000000,87.51560000,1665620664079,True,True
39508416,15.97000000,2.34000000,37.36980000,1665620679799,True,True
39508417,15.97000000,4.89000000,78.09330000,1665620689079,True,True
39508418,15.97000000,5.80000000,92.62600000,1665620724078,True,True
39508419,15.97000000,7.98000000,127.44060000,1665620742477,True,True
39508420,15.97000000,28.75000000,459.13750000,1665620742477,True,True
39508421,15.97000000,5.88000000,93.90360000,1665620749078,True,True
39508422,15.98000000,1.34000000,21.41320000,1665620778845,False,True
39508423,15.98000000,1.11000000,17.73780000,1665620778845,False,True
39508424,15.98000000,0.69000000,11.02620000,1665620778845,False,True
39508425,15.98000000,3.13000000,50.01740000,1665620778845,False,True
39508426,15.98000000,6.52000000,104.18960000,1665620778845,False,True
39508427,15.98000000,2.21000000,35.31580000,1665620778845,False,True
39508428,15.97000000,6.19000000,98.85430000,1665620784078,True,True
39508429,15.97000000,7.33000000,117.06010000,1665620800077,True,True
39508430,15.97000000,1.81000000,28.90570000,1665620809078,True,True
39508431,15.97000000,3.84000000,61.32480000,1665620824079,True,True
39508432,15.97000000,2.57000000,41.04290000,1665620854079,True,True
39508433,15.97000000,33.36000000,532.75920000,1665620865689,True,True
39508434,15.97000000,1.96000000,31.30120000,1665620869079,True,True
39508435,15.97000000,3.62000000,57.81140000,1665620889078,True,True
39508436,15.97000000,3.25000000,51.90250000,1665620929079,True,True
39508437,15.98000000,5.15000000,82.29700000,1665620961862,False,True
39508438,15.97000000,3.03000000,48.38910000,1665620964078,True,True
39508439,15.97000000,3.37000000,53.81890000,1665620989080,True,True
39508440,15.97000000,29.10000000,464.72700000,1665621005098,True,True
39508441,15.97000000,21.58000000,344.63260000,1665621005098,True,True
39508442,15.97000000,3.24000000,51.74280000,1665621024077,True,True
39508443,15.97000000,2.40000000,38.32800000,1665621049079,True,True
39508444,15.97000000,2.37000000,37.84890000,1665621074078,True,True
39508445,15.97000000,4.93000000,78.73210000,1665621089089,True,True
39508446,15.97000000,1.72000000,27.46840000,1665621109081,True,True
39508447,15.97000000,2.61000000,41.68170000,1665621129079,True,True
39508448,15.97000000,3.13000000,49.98610000,1665621154079,True,True
39508449,15.98000000,3.30000000,52.73400000,1665621161875,False,True
39508450,15.98000000,33.34000000,532.77320000,1665621161875,False,True
39508451,15.98000000,1.46000000,23.33080000,1665621161875,False,True
39508452,15.98000000,13.16000000,210.29680000,1665621163648,True,True
39508453,15.98000000,4.52000000,72.22960000,1665621169078,True,True
39508454,15.98000000,4.55000000,72.70900000,1665621229079,True,True
39508455,15.99000000,7.65000000,122.32350000,1665621252866,False,True
39508456,15.99000000,1.11000000,17.74890000,1665621252866,False,True
39508457,15.99000000,1.64000000,26.22360000,1665621252866,False,True
39508458,15.99000000,0.83000000,13.27170000,1665621252866,False,True
39508459,15.99000000,1.27000000,20.30730000,1665621252866,False,True
39508460,15.98000000,2.01000000,32.11980000,1665621269093,True,True
39508461,15.98000000,4.58000000,73.18840000,1665621289078,True,True
39508462,15.98000000,1.89000000,30.20220000,1665621300049,True,True
39508463,15.98000000,4.32000000,69.03360000,1665621329089,True,True
39508464,15.98000000,1.85000000,29.56300000,1665621349077,True,True
39508465,15.99000000,5.00000000,79.95000000,1665621351216,False,True
39508466,15.98000000,2.60000000,41.54800000,1665621369090,True,True
39508467,15.99000000,1.57000000,25.10430000,1665621383159,False,True
39508468,15.98000000,2.18000000,34.83640000,1665621394078,True,True
39508469,15.99000000,3.83000000,61.24170000,1665621405451,False,True
39508470,15.98000000,2.20000000,35.15600000,1665621409078,True,True
39508471,15.98000000,4.26000000,68.07480000,1665621434096,True,True
39508472,15.98000000,2.33000000,37.23340000,1665621469078,True,True
39508473,15.98000000,6.99000000,111.70020000,1665621487820,True,True
39508474,15.98000000,63.44000000,1013.77120000,1665621491606,True,True
39508475,15.98000000,43.03000000,687.61940000,1665621491606,True,True
39508476,15.98000000,6.25000000,99.87500000,1665621491606,True,True
39508477,15.98000000,14.85000000,237.30300000,1665621491606,True,True
39508478,15.97000000,3.82000000,61.00540000,1665621494089,True,True
39508479,15.97000000,3.08000000,49.18760000,1665621529077,True,True
39508480,15.98000000,4.42000000,70.63160000,1665621545262,False,True
39508481,15.97000000,2.00000000,31.94000000,1665621554093,True,True
39508482,15.97000000,5.51000000,87.99470000,1665621574080,True,True
39508483,15.97000000,9.32000000,148.84040000,1665621578675,True,True
39508484,15.97000000,6.14000000,98.05580000,1665621578675,True,True
39508485,15.97000000,3.18000000,50.78460000,1665621578675,True,True
39508486,15.97000000,4.47000000,71.38590000,1665621578683,True,True
39508487,15.97000000,4.50000000,71.86500000,1665621578683,True,True
39508488,15.97000000,8.97000000,143.25090000,1665621578686,True,True
39508489,15.97000000,3.82000000,61.00540000,1665621589079,True,True
39508490,15.97000000,3.74000000,59.72780000,1665621624079,True,True
39508491,15.98000000,3.16000000,50.49680000,1665621628545,False,True
39508492,15.97000000,1.11000000,17.72670000,1665621649078,True,True
39508493,15.97000000,0.52000000,8.30440000,1665621649078,True,True
39508494,15.97000000,1.71000000,27.30870000,1665621669078,True,True
39508495,15.97000000,4.29000000,68.51130000,1665621670591,True,True
39508496,15.97000000,13.18000000,210.48460000,1665621670591,True,True
39508497,15.97000000,6.20000000,99.01400000,1665621670591,True,True
39508498,15.97000000,8.64000000,137.98080000,1665621670591,True,True
39508499,15.97000000,1.37000000,21.87890000,1665621670591,True,True
39508500,15.97000000,41.30000000,659.56100000,1665621670712,True,True
39508501,15.97000000,77.58000000,1238.95260000,1665621670712,True,True
39508502,15.97000000,38.91000000,621.39270000,1665621670712,True,True
39508503,15.97000000,8.13000000,129.83610000,1665621737307,False,True
39508504,15.96000000,1.00000000,15.96000000,1665621747179,True,True
39508505,15.97000000,1.00000000,15.97000000,1665621751005,False,True
39508506,15.97000000,8.57000000,136.86290000,1665621802895,False,True
39508507,15.97000000,9.01000000,143.88970000,1665621884655,False,True
39508508,15.97000000,7.89000000,126.00330000,1665621884655,False,True
39508509,15.97000000,14.40000000,229.96800000,1665621884655,False,True
39508510,15.96000000,36.23000000,578.23080000,1665622007900,True,True
39508511,15.96000000,32.94000000,525.72240000,1665622007908,True,True
39508512,15.96000000,9.35000000,149.22600000,1665622007910,True,True
39508513,15.96000000,2.50000000,39.90000000,1665622007910,True,True
39508514,15.96000000,16.39000000,261.58440000,1665622007910,True,True
39508515,15.96000000,1.46000000,23.30160000,1665622007910,True,True
39508516,15.96000000,6.09000000,97.19640000,1665622015611,True,True
39508517,15.96000000,25.03000000,399.47880000,1665622104017,True,True
39508518,15.95000000,5.86000000,93.46700000,1665622106233,True,True
39508519,15.95000000,1.79000000,28.55050000,1665622129180,True,True
39508520,15.95000000,2.98000000,47.53100000,1665622129180,True,True
39508521,15.95000000,1.00000000,15.95000000,1665622150891,True,True
39508522,15.96000000,31.12000000,496.67520000,1665622160650,False,True
39508523,15.96000000,1.00000000,15.96000000,1665622160650,False,True
39508524,15.96000000,1.53000000,24.41880000,1665622160650,False,True
39508525,15.96000000,2.04000000,32.55840000,1665622335783,False,True
39508526,15.96000000,0.84000000,13.40640000,1665622376771,False,True
39508527,15.96000000,3.74000000,59.69040000,1665622376771,False,True
39508528,15.96000000,3.90000000,62.24400000,1665622376771,False,True
39508529,15.96000000,1.34000000,21.38640000,1665622376965,True,True
39508530,15.96000000,36.76000000,586.68960000,1665622376965,True,True
39508531,15.96000000,5.35000000,85.38600000,1665622387047,True,True
39508532,15.96000000,11.99000000,191.36040000,1665622413644,True,True
39508533,15.96000000,2.34000000,37.34640000,1665622473373,False,True
39508534,15.96000000,9.66000000,154.17360000,1665622474963,False,True
39508535,15.96000000,12.13000000,193.59480000,1665622474963,False,True
39508536,15.96000000,76.94000000,1227.96240000,1665622553567,False,True
39508537,15.96000000,1.57000000,25.05720000,1665622553567,False,True
39508538,15.96000000,5.35000000,85.38600000,1665622609497,True,True
39508539,15.96000000,5.17000000,82.51320000,1665622685525,True,True
39508540,15.97000000,4.13000000,65.95610000,1665622775944,False,True
39508541,15.97000000,18.94000000,302.47180000,1665622782511,False,True
39508542,15.97000000,0.46000000,7.34620000,1665622784516,False,True
39508543,15.97000000,18.49000000,295.28530000,1665622784516,False,True
39508544,15.97000000,18.95000000,302.63150000,1665622785515,False,True
39508545,15.97000000,18.91000000,301.99270000,1665622809461,False,True
39508546,15.97000000,0.84000000,13.41480000,1665622809461,False,True
39508547,15.97000000,30.97000000,494.59090000,1665622809461,False,True
39508548,15.96000000,5.90000000,94.16400000,1665622857948,True,True
39508549,15.96000000,5.07000000,80.91720000,1665622861729,True,True
39508550,15.96000000,4.93000000,78.68280000,1665622861729,True,True
39508551,15.96000000,1.01000000,16.11960000,1665622863084,True,True
39508552,15.96000000,1.33000000,21.22680000,1665622863178,True,True
39508553,15.96000000,1.83000000,29.20680000,1665622865139,True,True
39508554,15.96000000,7.04000000,112.35840000,1665622865295,True,True
39508555,15.96000000,1.09000000,17.39640000,1665622894679,True,True
39508556,15.96000000,0.81000000,12.92760000,1665622894679,True,True
39508557,15.96000000,2.00000000,31.92000000,1665622894679,True,True
39508558,15.96000000,18.06000000,288.23760000,1665622894679,True,True
39508559,15.96000000,3.24000000,51.71040000,1665622901158,True,True
39508560,15.96000000,2.43000000,38.78280000,1665622901218,True,True
39508561,15.96000000,2.38000000,37.98480000,1665622901275,True,True
39508562,15.96000000,2.33000000,37.18680000,1665622901315,True,True
39508563,15.96000000,2.09000000,33.35640000,1665622901373,True,True
39508564,15.96000000,1.85000000,29.52600000,1665622901435,True,True
39508565,15.96000000,1.64000000,26.17440000,1665622901491,True,True
39508566,15.96000000,7.35000000,117.30600000,1665622955423,True,True
39508567,15.96000000,6.43000000,102.62280000,1665622982062,True,True
39508568,15.97000000,49.05000000,783.32850000,1665623198056,False,True
39508569,15.97000000,1.08000000,17.24760000,1665623204471,False,True
39508570,15.97000000,7.28000000,116.26160000,1665623221261,False,True
39508571,15.97000000,4.49000000,71.70530000,1665623221261,False,True
39508572,15.96000000,17.72000000,282.81120000,1665623265346,True,True
39508573,15.96000000,34.73000000,554.29080000,1665623318149,True,True
39508574,15.96000000,31.13000000,496.83480000,1665623318149,True,True
39508575,15.96000000,10.68000000,170.45280000,1665623318149,True,True
39508576,15.96000000,6.20000000,98.95200000,1665623318149,True,True
39508577,15.96000000,17.21000000,274.67160000,1665623318149,True,True
39508578,15.96000000,1.31000000,20.90760000,1665623318149,True,True
39508579,15.96000000,12.35000000,197.10600000,1665623318618,True,True
39508580,15.96000000,5.04000000,80.43840000,1665623319034,True,True
39508581,15.96000000,0.80000000,12.76800000,1665623319175,True,True
39508582,15.96000000,3.30000000,52.66800000,1665623319175,True,True
39508583,15.96000000,0.78000000,12.44880000,1665623319175,True,True
39508584,15.97000000,2.00000000,31.94000000,1665623320102,False,True
39508585,15.96000000,3.70000000,59.05200000,1665623324407,True,True
39508586,15.96000000,2.34000000,37.34640000,1665623383962,True,True
39508587,15.96000000,5.35000000,85.38600000,1665623386526,True,True
39508588,15.96000000,2.34000000,37.34640000,1665623412435,True,True
39508589,15.96000000,6.25000000,99.75000000,1665623422468,True,True
39508590,15.96000000,2.98000000,47.56080000,1665623422595,True,True
39508591,15.96000000,2.86000000,45.64560000,1665623422651,True,True
39508592,15.96000000,2.17000000,34.63320000,1665623422727,True,True
39508593,15.96000000,9.00000000,143.64000000,1665623456736,True,True
39508594,15.96000000,12.52000000,199.81920000,1665623579901,True,True
39508595,15.96000000,0.73000000,11.65080000,1665623584072,True,True
39508596,15.96000000,0.73000000,11.65080000,1665623584079,True,True
39508597,15.96000000,0.73000000,11.65080000,1665623584079,True,True
39508598,15.96000000,0.73000000,11.65080000,1665623584080,True,True
39508599,15.96000000,0.73000000,11.65080000,1665623584082,True,True
39508600,15.96000000,2.34000000,37.34640000,1665623584082,True,True
39508601,15.96000000,0.73000000,11.65080000,1665623584084,True,True
39508602,15.96000000,0.92000000,14.68320000,1665623584089,True,True
39508603,15.96000000,0.92000000,14.68320000,1665623584091,True,True
39508604,15.96000000,0.92000000,14.68320000,1665623584093,True,True
39508605,15.96000000,0.92000000,14.68320000,1665623584093,True,True
39508606,15.96000000,0.92000000,14.68320000,1665623584094,True,True
39508607,15.96000000,0.92000000,14.68320000,1665623584105,True,True
39508608,15.96000000,5.04000000,80.43840000,1665623584396,True,True
39508609,15.96000000,4.96000000,79.16160000,1665623584396,True,True
39508610,15.96000000,1.24000000,19.79040000,1665623587985,True,True
39508611,15.96000000,10.45000000,166.78200000,1665623587985,True,True
39508612,15.95000000,1.11000000,17.70450000,1665623597402,True,True
39508613,15.95000000,0.14000000,2.23300000,1665623597402,True,True
39508614,15.96000000,5.05000000,80.59800000,1665623619718,False,True
39508615,15.96000000,1.21000000,19.31160000,1665623619718,False,True
39508616,15.95000000,1.41000000,22.48950000,1665623641316,True,True
39508617,15.95000000,5.04000000,80.38800000,1665623670572,True,True
39508618,15.95000000,27.65000000,441.01750000,1665623670572,True,True
39508619,15.95000000,7.09000000,113.08550000,1665623670572,True,True
39508620,15.95000000,5.40000000,86.13000000,1665623670572,True,True
39508621,15.95000000,3.30000000,52.63500000,1665623670572,True,True
39508622,15.95000000,1.46000000,23.28700000,1665623670572,True,True
39508623,15.95000000,3.13000000,49.92350000,1665623670572,True,True
39508624,15.94000000,5.91000000,94.20540000,1665623751377,True,True
39508625,15.94000000,13.66000000,217.74040000,1665623771628,True,True
39508626,15.94000000,13.11000000,208.97340000,1665623776252,True,True
39508627,15.94000000,3.55000000,56.58700000,1665623780728,True,True
39508628,15.94000000,3.15000000,50.21100000,1665623780796,True,True
39508629,15.94000000,3.09000000,49.25460000,1665623780860,True,True
39508630,15.94000000,3.04000000,48.45760000,1665623780925,True,True
39508631,15.94000000,2.94000000,46.86360000,1665623781008,True,True
39508632,15.94000000,2.89000000,46.06660000,1665623781182,True,True
39508633,15.94000000,2.89000000,46.06660000,1665623781246,True,True
39508634,15.94000000,2.80000000,44.63200000,1665623781301,True,True
39508635,15.94000000,2.80000000,44.63200000,1665623781363,True,True
39508636,15.94000000,2.75000000,43.83500000,1665623781425,True,True
39508637,15.94000000,2.71000000,43.19740000,1665623781481,True,True
39508638,15.94000000,2.66000000,42.40040000,1665623781544,True,True
39508639,15.94000000,2.62000000,41.76280000,1665623781733,True,True
39508640,15.94000000,2.57000000,40.96580000,1665623781783,True,True
39508641,15.94000000,2.53000000,40.32820000,1665623781846,True,True
39508642,15.94000000,2.49000000,39.69060000,1665623781907,True,True
39508643,15.94000000,2.41000000,38.41540000,1665623781969,True,True
39508644,15.94000000,2.41000000,38.41540000,1665623782025,True,True
39508645,15.94000000,13.07000000,208.33580000,1665623782094,True,True
39508646,15.94000000,2.29000000,36.50260000,1665623782274,True,True
39508647,15.94000000,2.29000000,36.50260000,1665623782325,True,True
39508648,15.94000000,2.21000000,35.22740000,1665623783928,True,True
39508649,15.94000000,3.01000000,47.97940000,1665623784688,True,True
39508650,15.94000000,2.92000000,46.54480000,1665623784749,True,True
39508651,15.94000000,2.87000000,45.74780000,1665623784808,True,True
39508652,15.94000000,2.83000000,45.11020000,1665623784866,True,True
39508653,15.94000000,2.78000000,44.31320000,1665623785038,True,True
39508654,15.94000000,2.73000000,43.51620000,1665623785096,True,True
39508655,15.94000000,2.69000000,42.87860000,1665623785149,True,True
39508656,15.94000000,2.60000000,41.44400000,1665623785738,True,True
39508657,15.94000000,2.55000000,40.64700000,1665623785803,True,True
39508658,15.94000000,2.51000000,40.00940000,1665623785863,True,True
39508659,15.94000000,10.00000000,159.40000000,1665623787415,True,True
39508660,15.94000000,10.00000000,159.40000000,1665623790792,True,True
39508661,15.94000000,10.70000000,170.55800000,1665623791443,True,True
39508662,15.94000000,63.00000000,1004.22000000,1665623792165,True,True
39508663,15.94000000,6.00000000,95.64000000,1665623792327,True,True
39508664,15.94000000,10.00000000,159.40000000,1665623969029,True,True
39508665,15.94000000,7.67000000,122.25980000,1665624157040,True,True
39508666,15.94000000,144.28000000,2299.82320000,1665624163102,True,True
39508667,15.94000000,1.11000000,17.69340000,1665624175243,True,True
39508668,15.94000000,1.23000000,19.60620000,1665624175243,True,True
39508669,15.94000000,0.41000000,6.53540000,1665624195186,True,True
39508670,15.94000000,1.99000000,31.72060000,1665624195186,True,True
39508671,15.94000000,0.14000000,2.23160000,1665624195306,True,True
39508672,15.94000000,3.30000000,52.60200000,1665624195306,True,True
39508673,15.94000000,9.72000000,154.93680000,1665624195306,True,True
39508674,15.94000000,13.23000000,210.88620000,1665624195318,True,True
39508675,15.94000000,19.06000000,303.81640000,1665624195318,True,True
39508676,15.94000000,11.51000000,183.46940000,1665624195375,True,True
39508677,15.94000000,5.00000000,79.70000000,1665624195375,True,True
39508678,15.94000000,6.83000000,108.87020000,1665624195375,True,True
39508679,15.94000000,2.88000000,45.90720000,1665624195375,True,True
39508680,15.94000000,6.20000000,98.82800000,1665624195375,True,True
39508681,15.94000000,1.46000000,23.27240000,1665624195375,True,True
39508682,15.93000000,5.38000000,85.70340000,1665624195610,True,True
39508683,15.93000000,1.11000000,17.68230000,1665624209936,True,True
39508684,15.93000000,0.69000000,10.99170000,1665624209936,True,True
39508685,15.93000000,76.98000000,1226.29140000,1665624209936,True,True
39508686,15.93000000,31.01000000,493.98930000,1665624209936,True,True
39508687,15.93000000,32.01000000,509.91930000,1665624209936,True,True
39508688,15.93000000,96.87000000,1543.13910000,1665624209936,True,True
39508689,15.93000000,283.56000000,4517.11080000,1665624209936,True,True
39508690,15.94000000,50.00000000,797.00000000,1665624240981,False,True
39508691,15.94000000,22.86000000,364.38840000,1665624240981,False,True
39508692,15.94000000,2.50000000,39.85000000,1665624240981,False,True
39508693,15.94000000,10.90000000,173.74600000,1665624241163,True,True
39508694,15.95000000,3.55000000,56.62250000,1665624246804,False,True
39508695,15.93000000,2.34000000,37.27620000,1665624286771,True,True
39508696,15.93000000,10.00000000,159.30000000,1665624286972,True,True
39508697,15.93000000,49.74000000,792.35820000,1665624344293,True,True
39508698,15.93000000,0.80000000,12.74400000,1665624344293,True,True
39508699,15.93000000,17.96000000,286.10280000,1665624344293,True,True
39508700,15.93000000,3.30000000,52.56900000,1665624344293,True,True
39508701,15.93000000,10.00000000,159.30000000,1665624344293,True,True
39508702,15.93000000,6.20000000,98.76600000,1665624344293,True,True
39508703,15.93000000,2.50000000,39.82500000,1665624344293,True,True
39508704,15.93000000,1.09000000,17.36370000,1665624344293,True,True
39508705,15.93000000,1.46000000,23.25780000,1665624344293,True,True
39508706,15.93000000,12.55000000,199.92150000,1665624344669,False,True
39508707,15.93000000,10.00000000,159.30000000,1665624345087,True,True
39508708,15.93000000,10.00000000,159.30000000,1665624345179,True,True
39508709,15.93000000,10.00000000,159.30000000,1665624345842,True,True
39508710,15.94000000,2.00000000,31.88000000,1665624421050,False,True
39508711,15.94000000,6.35000000,101.21900000,1665624440154,False,True
39508712,15.93000000,27.00000000,430.11000000,1665624465254,True,True
39508713,15.93000000,2.34000000,37.27620000,1665624577783,True,True
39508714,15.93000000,4.29000000,68.33970000,1665624585754,True,True
39508715,15.93000000,1.20000000,19.11600000,1665624601313,True,True
39508716,15.93000000,1.20000000,19.11600000,1665624601317,True,True
39508717,15.93000000,1.20000000,19.11600000,1665624601317,True,True
39508718,15.93000000,1.20000000,19.11600000,1665624601318,True,True
39508719,15.93000000,1.20000000,19.11600000,1665624601319,True,True
39508720,15.93000000,1.20000000,19.11600000,1665624601322,True,True
39508721,15.93000000,9.47000000,150.85710000,1665624601628,True,True
39508722,15.93000000,9.40000000,149.74200000,1665624601679,True,True
39508723,15.93000000,4.20000000,66.90600000,1665624601736,True,True
39508724,15.93000000,4.29000000,68.33970000,1665624601849,True,True
39508725,15.93000000,4.29000000,68.33970000,1665624601903,True,True
39508726,15.93000000,1.98000000,31.54140000,1665624602113,True,True
39508727,15.93000000,2.24000000,35.68320000,1665624602206,True,True
39508728,15.93000000,3.00000000,47.79000000,1665624602269,True,True
39508729,15.93000000,1.12000000,17.84160000,1665624602331,True,True
39508730,15.93000000,4.03000000,64.19790000,1665624602396,True,True
39508731,15.93000000,13.95000000,222.22350000,1665624602456,True,True
39508732,15.93000000,3.95000000,62.92350000,1665624602514,True,True
39508733,15.93000000,3.88000000,61.80840000,1665624602685,True,True
39508734,15.93000000,3.61000000,57.50730000,1665624602784,True,True
39508735,15.93000000,3.55000000,56.55150000,1665624602832,True,True
39508736,15.93000000,3.43000000,54.63990000,1665624602937,True,True
39508737,15.93000000,7.65000000,121.86450000,1665624603026,True,True
39508738,15.93000000,3.43000000,54.63990000,1665624603252,True,True
39508739,15.93000000,3.32000000,52.88760000,1665624603300,True,True
39508740,15.93000000,3.32000000,52.88760000,1665624603358,True,True
39508741,15.93000000,3.26000000,51.93180000,1665624603419,True,True
39508742,15.93000000,49.67000000,791.24310000,1665624603437,True,True
39508743,15.93000000,3.16000000,50.33880000,1665624603481,True,True
39508744,15.93000000,3.16000000,50.33880000,1665624603553,True,True
39508745,15.93000000,3.10000000,49.38300000,1665624603763,True,True
39508746,15.93000000,3.10000000,49.38300000,1665624603817,True,True
39508747,15.93000000,3.05000000,48.58650000,1665624603878,True,True
39508748,15.93000000,3.10000000,49.38300000,1665624603942,True,True
39508749,15.93000000,3.05000000,48.58650000,1665624604000,True,True
39508750,15.93000000,3.05000000,48.58650000,1665624604422,True,True
39508751,15.93000000,3.00000000,47.79000000,1665624604477,True,True
39508752,15.93000000,2.91000000,46.35630000,1665624604546,True,True
39508753,15.93000000,2.91000000,46.35630000,1665624604621,True,True
39508754,15.93000000,2.86000000,45.55980000,1665624604673,True,True
39508755,15.93000000,2.81000000,44.76330000,1665624604721,True,True
39508756,15.93000000,30.73000000,489.52890000,1665624604933,True,True
39508757,15.93000000,10.00000000,159.30000000,1665624604933,True,True
39508758,15.93000000,9.57000000,152.45010000,1665624604933,True,True
39508759,15.92000000,2.76000000,43.93920000,1665624604958,True,True
39508760,15.92000000,1.34000000,21.33280000,1665624641097,True,True
39508761,15.92000000,0.83000000,13.21360000,1665624642096,True,True
39508762,15.92000000,0.83000000,13.21360000,1665624642100,True,True
39508763,15.92000000,0.83000000,13.21360000,1665624642101,True,True
39508764,15.92000000,0.83000000,13.21360000,1665624642102,True,True
39508765,15.92000000,0.83000000,13.21360000,1665624642102,True,True
39508766,15.92000000,0.83000000,13.21360000,1665624642105,True,True
39508767,15.92000000,21.13000000,336.38960000,1665624642400,True,True
39508768,15.92000000,30.68000000,488.42560000,1665624642400,True,True
39508769,15.92000000,1.11000000,17.67120000,1665624642400,True,True
39508770,15.92000000,0.69000000,10.98480000,1665624642400,True,True
39508771,15.92000000,3.21000000,51.10320000,1665624642400,True,True
39508772,15.92000000,1.21000000,19.26320000,1665624642400,True,True
39508773,15.92000000,10.00000000,159.20000000,1665624642400,True,True
39508774,15.92000000,1.37000000,21.81040000,1665624642400,True,True
39508775,15.92000000,0.72000000,11.46240000,1665624642400,True,True
39508776,15.92000000,2.40000000,38.20800000,1665624642400,True,True
39508777,15.92000000,345.86000000,5506.09120000,1665624642400,True,True
39508778,15.92000000,5.40000000,85.96800000,1665624642400,True,True
39508779,15.92000000,200.00000000,3184.00000000,1665624642400,True,True
39508780,15.92000000,3.30000000,52.53600000,1665624642400,True,True
39508781,15.92000000,5.62000000,89.47040000,1665624642400,True,True
39508782,15.92000000,1.46000000,23.24320000,1665624642400,True,True
39508783,15.92000000,21.16000000,336.86720000,1665624642400,True,True
39508784,15.92000000,1.31000000,20.85520000,1665624642410,True,True
39508785,15.92000000,4.31000000,68.61520000,1665624642411,True,True
39508786,15.92000000,5.62000000,89.47040000,1665624642411,True,True
39508787,15.92000000,5.62000000,89.47040000,1665624642411,True,True
39508788,15.92000000,5.62000000,89.47040000,1665624642411,True,True
39508789,15.92000000,5.62000000,89.47040000,1665624642411,True,True
39508790,15.92000000,5.62000000,89.47040000,1665624642411,True,True
39508791,15.92000000,2.03000000,32.31760000,1665624642411,True,True
39508792,15.92000000,3.59000000,57.15280000,1665624642414,True,True
39508793,15.92000000,2.03000000,32.31760000,1665624642414,True,True
39508794,15.92000000,3.59000000,57.15280000,1665624642422,True,True
39508795,15.92000000,19.28000000,306.93760000,1665624642432,True,True
39508796,15.92000000,5.54000000,88.19680000,1665624642432,True,True
39508797,15.91000000,1.11000000,17.66010000,1665624642594,True,True
39508798,15.91000000,0.48000000,7.63680000,1665624642594,True,True
39508799,15.91000000,0.92000000,14.63720000,1665624645234,True,True
39508800,15.91000000,0.70000000,11.13700000,1665624645234,True,True
39508801,15.91000000,0.42000000,6.68220000,1665624645234,True,True
39508802,15.91000000,2.04000000,32.45640000,1665624645234,True,True
39508803,15.91000000,1.28000000,20.36480000,1665624649580,True,True
39508804,15.91000000,0.94000000,14.95540000,1665624649725,True,True
39508805,15.91000000,0.94000000,14.95540000,1665624649725,True,True
39508806,15.91000000,0.94000000,14.95540000,1665624649725,True,True
39508807,15.91000000,0.94000000,14.95540000,1665624649725,True,True
39508808,15.91000000,0.94000000,14.95540000,1665624649726,True,True
39508809,15.91000000,0.94000000,14.95540000,1665624649726,True,True
39508810,15.91000000,5.71000000,90.84610000,1665624650127,True,True
39508811,15.91000000,219.92000000,3498.92720000,1665624650186,True,True
39508812,15.91000000,1.11000000,17.66010000,1665624650186,True,True
39508813,15.91000000,3.30000000,52.50300000,1665624650186,True,True
39508814,15.91000000,1.46000000,23.22860000,1665624650186,True,True
39508815,15.91000000,5.62000000,89.41420000,1665624650186,True,True
39508816,15.91000000,5.62000000,89.41420000,1665624650209,True,True
39508817,15.91000000,5.62000000,89.41420000,1665624650572,True,True
39508818,15.91000000,2.39000000,38.02490000,1665624650613,True,True
39508819,15.91000000,3.23000000,51.38930000,1665624650623,True,True
39508820,15.91000000,2.39000000,38.02490000,1665624650623,True,True
39508821,15.91000000,2.92000000,46.45720000,1665624650627,True,True
39508822,15.91000000,0.31000000,4.93210000,1665624650628,True,True
39508823,15.91000000,2.61000000,41.52510000,1665624650628,True,True
39508824,15.91000000,0.63000000,10.02330000,1665624668251,True,True
39508825,15.91000000,1.75000000,27.84250000,1665624675146,True,True
39508826,15.91000000,0.63000000,10.02330000,1665624730211,True,True
39508827,15.91000000,5.62000000,89.41420000,1665624730211,True,True
39508828,15.91000000,5.62000000,89.41420000,1665624730211,True,True
39508829,15.91000000,4.93000000,78.43630000,1665624730211,True,True
39508830,15.91000000,0.69000000,10.97790000,1665624759607,True,True
39508831,15.91000000,5.56000000,88.45960000,1665624759607,True,True
39508832,15.90000000,1.11000000,17.64900000,1665624759607,True,True
39508833,15.90000000,1.38000000,21.94200000,1665624759607,True,True
39508834,15.90000000,1.00000000,15.90000000,1665624759607,True,True
39508835,15.90000000,1.60000000,25.44000000,1665624759607,True,True
39508836,15.90000000,1.00000000,15.90000000,1665624759607,True,True
39508837,15.90000000,5.83000000,92.69700000,1665624759607,True,True
39508838,15.90000000,10.06000000,159.95400000,1665624759607,True,True
39508839,15.90000000,0.67000000,10.65300000,1665624759607,True,True
39508840,15.90000000,0.63000000,10.01700000,1665624759607,True,True
39508841,15.90000000,1.24000000,19.71600000,1665624759607,True,True
39508842,15.90000000,12.15000000,193.18500000,1665624759607,True,True
39508843,15.90000000,12.17000000,193.50300000,1665624759607,True,True
39508844,15.90000000,15.68000000,249.31200000,1665624761608,True,True
39508845,15.90000000,8.66000000,137.69400000,1665624761608,True,True
39508846,15.90000000,18.59000000,295.58100000,1665624761608,True,True
39508847,15.90000000,25.08000000,398.77200000,1665624762607,True,True
39508848,15.90000000,7.59000000,120.68100000,1665624762607,True,True
39508849,15.90000000,3.30000000,52.47000000,1665624762607,True,True
39508850,15.90000000,6.96000000,110.66400000,1665624762607,True,True
39508851,15.90000000,20.73000000,329.60700000,1665624790122,True,True
39508852,15.90000000,15.57000000,247.56300000,1665624790122,True,True
39508853,15.90000000,1.09000000,17.33100000,1665624790122,True,True
39508854,15.90000000,1.46000000,23.21400000,1665624790122,True,True
39508855,15.90000000,10.56000000,167.90400000,1665624790184,False,True
39508856,15.90000000,1.09000000,17.33100000,1665624795104,True,True
39508857,15.90000000,10.00000000,159.00000000,1665624837387,False,True
39508858,15.90000000,24.26000000,385.73400000,1665624892106,False,True
39508859,15.90000000,8.36000000,132.92400000,1665624892106,False,True
39508860,15.90000000,18.86000000,299.87400000,1665624892106,False,True
39508861,15.90000000,12.44000000,197.79600000,1665624892106,False,True
39508862,15.90000000,157.63000000,2506.31700000,1665624892106,False,True
39508863,15.90000000,70.83000000,1126.19700000,1665624892106,False,True
39508864,15.90000000,15.43000000,245.33700000,1665624892106,False,True
39508865,15.90000000,31.97000000,508.32300000,1665624892106,False,True
39508866,15.90000000,12.58000000,200.02200000,1665624892311,True,True
39508867,15.90000000,11.11000000,176.64900000,1665624892386,True,True
39508868,15.90000000,36.24000000,576.21600000,1665624893378,True,True
39508869,15.90000000,32.47000000,516.27300000,1665624893387,True,True
39508870,15.90000000,58.05000000,922.99500000,1665624893398,True,True
39508871,15.90000000,32.47000000,516.27300000,1665624893435,True,True
39508872,15.90000000,70.78000000,1125.40200000,1665624965229,False,True
39508873,15.90000000,18.86000000,299.87400000,1665624965229,False,True
39508874,15.91000000,2.50000000,39.77500000,1665624968198,False,True
39508875,15.91000000,23.79000000,378.49890000,1665624994677,True,True
39508876,15.91000000,19.05000000,303.08550000,1665624994677,True,True
39508877,15.91000000,6.12000000,97.36920000,1665624994700,True,True
39508878,15.91000000,19.02000000,302.60820000,1665624994793,True,True
39508879,15.91000000,8.61000000,136.98510000,1665624994793,True,True
39508880,15.91000000,16.56000000,263.46960000,1665624994802,True,True
39508881,15.91000000,3.44000000,54.73040000,1665624994802,True,True
39508882,15.91000000,18.07000000,287.49370000,1665624994803,True,True
39508883,15.91000000,3.66000000,58.23060000,1665624994880,True,True
39508884,15.91000000,18.69000000,297.35790000,1665624994880,True,True
39508885,15.91000000,2.82000000,44.86620000,1665624994958,True,True
39508886,15.91000000,7.18000000,114.23380000,1665625021283,True,True
39508887,15.91000000,5.19000000,82.57290000,1665625021653,True,True
39508888,15.91000000,5.19000000,82.57290000,1665625021733,True,True
39508889,15.91000000,2.00000000,31.82000000,1665625021841,True,True
39508890,15.91000000,2.79000000,44.38890000,1665625021911,True,True
39508891,15.91000000,25.17000000,400.45470000,1665625021930,True,True
39508892,15.91000000,0.01000000,0.15910000,1665625030144,True,True
39508893,15.90000000,2.51000000,39.90900000,1665625042414,True,True
39508894,15.90000000,18.43000000,293.03700000,1665625042414,True,True
39508895,15.89000000,1.11000000,17.63790000,1665625051664,True,True
39508896,15.89000000,1.64000000,26.05960000,1665625051664,True,True
39508897,15.89000000,0.63000000,10.01070000,1665625051664,True,True
39508898,15.89000000,8.21000000,130.45690000,1665625051664,True,True
39508899,15.89000000,5.01000000,79.60890000,1665625088337,True,True
39508900,15.89000000,0.87000000,13.82430000,1665625107338,True,True
39508901,15.89000000,5.40000000,85.80600000,1665625107338,True,True
39508902,15.89000000,18.68000000,296.82520000,1665625107338,True,True
39508903,15.89000000,12.44000000,197.67160000,1665625107338,True,True
39508904,15.89000000,8.36000000,132.84040000,1665625107338,True,True
39508905,15.89000000,5.62000000,89.30180000,1665625107338,True,True
39508906,15.89000000,3.30000000,52.43700000,1665625107338,True,True
39508907,15.89000000,0.94000000,14.93660000,1665625107338,True,True
39508908,15.89000000,1.09000000,17.32010000,1665625107338,True,True
39508909,15.89000000,1.46000000,23.19940000,1665625107338,True,True
39508910,15.89000000,18.84000000,299.36760000,1665625107338,True,True
39508911,15.89000000,70.50000000,1120.24500000,1665625107338,True,True
39508912,15.89000000,5.62000000,89.30180000,1665625111613,True,True
39508913,15.89000000,5.62000000,89.30180000,1665625111680,True,True
39508914,15.89000000,0.67000000,10.64630000,1665625111680,True,True
39508915,15.89000000,4.95000000,78.65550000,1665625111680,True,True
39508916,15.89000000,1.34000000,21.29260000,1665625111680,True,True
39508917,15.89000000,4.28000000,68.00920000,1665625111684,True,True
39508918,15.89000000,2.01000000,31.93890000,1665625111684,True,True
39508919,15.89000000,0.70000000,11.12300000,1665625111687,True,True
39508920,15.89000000,0.70000000,11.12300000,1665625111687,True,True
39508921,15.89000000,0.70000000,11.12300000,1665625111687,True,True
39508922,15.89000000,0.70000000,11.12300000,1665625111687,True,True
39508923,15.89000000,0.81000000,12.87090000,1665625111703,True,True
39508924,15.89000000,5.62000000,89.30180000,1665625111714,True,True
39508925,15.89000000,5.62000000,89.30180000,1665625111805,True,True
39508926,15.89000000,5.62000000,89.30180000,1665625112064,True,True
39508927,15.89000000,5.59000000,88.82510000,1665625112148,True,True
39508928,15.88000000,1.11000000,17.62680000,1665625112259,True,True
39508929,15.88000000,4.05000000,64.31400000,1665625112259,True,True
39508930,15.88000000,3.21000000,50.97480000,1665625112259,True,True
39508931,15.88000000,5.66000000,89.88080000,1665625112259,True,True
39508932,15.88000000,0.66000000,10.48080000,1665625112259,True,True
39508933,15.88000000,0.63000000,10.00440000,1665625112259,True,True
39508934,15.88000000,15.68000000,248.99840000,1665625112259,True,True
39508935,15.89000000,0.81000000,12.87090000,1665625115297,False,True
39508936,15.88000000,70.41000000,1118.11080000,1665625129415,True,True
39508937,15.88000000,138.75000000,2203.35000000,1665625129458,True,True
39508938,15.88000000,4.46000000,70.82480000,1665625129458,True,True
39508939,15.88000000,14.04000000,222.95520000,1665625129467,True,True
39508940,15.88000000,3.30000000,52.40400000,1665625129467,True,True
39508941,15.88000000,1.46000000,23.18480000,1665625129467,True,True
39508942,15.88000000,25.19000000,400.01720000,1665625129467,True,True
39508943,15.88000000,4.09000000,64.94920000,1665625129467,True,True
39508944,15.88000000,25.19000000,400.01720000,1665625129467,True,True
39508945,15.88000000,25.19000000,400.01720000,1665625129467,True,True
39508946,15.88000000,25.19000000,400.01720000,1665625129467,True,True
39508947,15.88000000,25.18000000,399.85840000,1665625129467,True,True
39508948,15.88000000,13.61000000,216.12680000,1665625129558,False,True
39508949,15.88000000,0.81000000,12.86280000,1665625134325,False,True
39508950,15.88000000,0.66000000,10.48080000,1665625159211,False,True
39508951,15.88000000,18.00000000,285.84000000,1665625161552,False,True
39508952,15.88000000,0.74000000,11.75120000,1665625161552,False,True
39508953,15.87000000,1.11000000,17.61570000,1665625193176,True,True
39508954,15.87000000,0.69000000,10.95030000,1665625193176,True,True
39508955,15.87000000,0.88000000,13.96560000,1665625193176,True,True
39508956,15.87000000,0.70000000,11.10900000,1665625193176,True,True
39508957,15.87000000,3.50000000,55.54500000,1665625193176,True,True
39508958,15.87000000,9.27000000,147.11490000,1665625193176,True,True
39508959,15.87000000,1.91000000,30.31170000,1665625193176,True,True
39508960,15.87000000,1.58000000,25.07460000,1665625193176,True,True
39508961,15.87000000,5.40000000,85.69800000,1665625193176,True,True
39508962,15.87000000,3.30000000,52.37100000,1665625193176,True,True
39508963,15.87000000,4.09000000,64.90830000,1665625193176,True,True
39508964,15.87000000,1.46000000,23.17020000,1665625193176,True,True
39508965,15.86000000,4.19000000,66.45340000,1665625195322,True,True
39508966,15.86000000,1.11000000,17.60460000,1665625195322,True,True
39508967,15.86000000,0.69000000,10.94340000,1665625195322,True,True
39508968,15.86000000,14.01000000,222.19860000,1665625195322,True,True
39508969,15.86000000,20.00000000,317.20000000,1665625195325,True,True
39508970,15.86000000,40.00000000,634.40000000,1665625195328,True,True
39508971,15.86000000,20.00000000,317.20000000,1665625195328,True,True
39508972,15.86000000,5.99000000,95.00140000,1665625195329,True,True
39508973,15.86000000,1.51000000,23.94860000,1665625195329,True,True
39508974,15.86000000,3.24000000,51.38640000,1665625195329,True,True
39508975,15.86000000,6.20000000,98.33200000,1665625195329,True,True
39508976,15.86000000,16.24000000,257.56640000,1665625195402,True,True
39508977,15.86000000,2.78000000,44.09080000,1665625195433,True,True
39508978,15.87000000,0.85000000,13.48950000,1665625196240,False,True
39508979,15.86000000,3.30000000,52.33800000,1665625212725,True,True
39508980,15.86000000,1.46000000,23.15560000,1665625212725,True,True
39508981,15.86000000,1.55000000,24.58300000,1665625212725,True,True
39508982,15.86000000,0.68000000,10.78480000,1665625231582,False,True
39508983,15.85000000,1.12000000,17.75200000,1665625239128,True,True
39508984,15.85000000,1.21000000,19.17850000,1665625239128,True,True
39508985,15.85000000,1.38000000,21.87300000,1665625239128,True,True
39508986,15.85000000,1.27000000,20.12950000,1665625239128,True,True
39508987,15.85000000,1.39000000,22.03150000,1665625239128,True,True
39508988,15.86000000,1.58000000,25.05880000,1665625243635,False,True
39508989,15.85000000,11.22000000,177.83700000,1665625245426,True,True
39508990,15.85000000,2.50000000,39.62500000,1665625245426,True,True
39508991,15.85000000,26.15000000,414.47750000,1665625245426,True,True
39508992,15.85000000,23.81000000,377.38850000,1665625245447,True,True
39508993,15.85000000,5.63000000,89.23550000,1665625245447,True,True
39508994,15.85000000,2.84000000,45.01400000,1665625245447,True,True
39508995,15.85000000,3.30000000,52.30500000,1665625245447,True,True
39508996,15.85000000,1.46000000,23.14100000,1665625245447,True,True
39508997,15.85000000,5.63000000,89.23550000,1665625245447,True,True
39508998,15.85000000,5.63000000,89.23550000,1665625245447,True,True
39508999,15.85000000,5.63000000,89.23550000,1665625245447,True,True
39509000,15.85000000,5.63000000,89.23550000,1665625245447,True,True
39509001,15.85000000,5.63000000,89.23550000,1665625245447,True,True
39509002,15.85000000,5.63000000,89.23550000,1665625245447,True,True
39509003,15.85000000,5.63000000,89.23550000,1665625245447,True,True
39509004,15.85000000,5.63000000,89.23550000,1665625245447,True,True
39509005,15.85000000,5.60000000,88.76000000,1665625245447,True,True
39509006,15.85000000,10.00000000,158.50000000,1665625245504,False,True
39509007,15.85000000,0.65000000,10.30250000,1665625245584,False,True
39509008,15.85000000,2.90000000,45.96500000,1665625245587,False,True
39509009,15.85000000,10.00000000,158.50000000,1665625245727,False,True
39509010,15.85000000,10.00000000,158.50000000,1665625246082,False,True
39509011,15.85000000,10.00000000,158.50000000,1665625246209,False,True
39509012,15.85000000,2.62000000,41.52700000,1665625246326,False,True
39509013,15.85000000,7.38000000,116.97300000,1665625246392,False,True
39509014,15.84000000,1.64000000,25.97760000,1665625253089,True,True
39509015,15.84000000,1.12000000,17.74080000,1665625253089,True,True
39509016,15.84000000,3.21000000,50.84640000,1665625253089,True,True
39509017,15.84000000,26.42000000,418.49280000,1665625253089,True,True
39509018,15.84000000,1.52000000,24.07680000,1665625253089,True,True
39509019,15.84000000,2.91000000,46.09440000,1665625253089,True,True
39509020,15.84000000,5.40000000,85.53600000,1665625253089,True,True
39509021,15.84000000,1.59000000,25.18560000,1665625253089,True,True
39509022,15.84000000,6.20000000,98.20800000,1665625254553,True,True
39509023,15.84000000,5.63000000,89.17920000,1665625254553,True,True
39509024,15.84000000,1.46000000,23.12640000,1665625254553,True,True
39509025,15.84000000,25.25000000,399.96000000,1665625254553,True,True
39509026,15.84000000,5.63000000,89.17920000,1665625254553,True,True
39509027,15.84000000,15.75000000,249.48000000,1665625254553,True,True
39509028,15.84000000,9.50000000,150.48000000,1665625259857,True,True
39509029,15.84000000,5.62000000,89.02080000,1665625259857,True,True
39509030,15.84000000,0.01000000,0.15840000,1665625259860,True,True
39509031,15.84000000,15.11000000,239.34240000,1665625259860,True,True
39509032,15.84000000,10.14000000,160.61760000,1665625259861,True,True
39509033,15.84000000,4.98000000,78.88320000,1665625259861,True,True
39509034,15.84000000,0.65000000,10.29600000,1665625259862,True,True
39509035,15.84000000,14.47000000,229.20480000,1665625259862,True,True
39509036,15.84000000,10.78000000,170.75520000,1665625259863,True,True
39509037,15.84000000,4.34000000,68.74560000,1665625259863,True,True
39509038,15.84000000,1.29000000,20.43360000,1665625259869,True,True
39509039,15.84000000,23.97000000,379.68480000,1665625259869,True,True
39509040,15.84000000,1.28000000,20.27520000,1665625259870,True,True
39509041,15.84000000,5.63000000,89.17920000,1665625259870,True,True
39509042,15.84000000,0.01000000,0.15840000,1665625259870,True,True
39509043,15.84000000,5.63000000,89.17920000,1665625259870,True,True
39509044,15.84000000,5.63000000,89.17920000,1665625259870,True,True
39509045,15.84000000,5.63000000,89.17920000,1665625259870,True,True
39509046,15.84000000,1.45000000,22.96800000,1665625259870,True,True
39509047,15.84000000,4.13000000,65.41920000,1665625259872,True,True
39509048,15.84000000,24.74000000,391.88160000,1665625267033,False,True
39509049,15.84000000,17.06000000,270.23040000,1665625268790,False,True
39509050,15.84000000,8.71000000,137.96640000,1665625268790,False,True
39509051,15.84000000,5.70000000,90.28800000,1665625268790,False,True
39509052,15.84000000,9.75000000,154.44000000,1665625268793,False,True
39509053,15.84000000,28.86000000,457.14240000,1665625268793,False,True
39509054,15.84000000,88.35000000,1399.46400000,1665625268793,False,True
39509055,15.84000000,70.80000000,1121.47200000,1665625268793,False,True
39509056,15.84000000,17.24000000,273.08160000,1665625268793,False,True
39509057,15.84000000,33.21000000,526.04640000,1665625268796,False,True
39509058,15.84000000,7.26000000,114.99840000,1665625268800,False,True
39509059,15.84000000,260.19000000,4121.40960000,1665625272401,True,True
39509060,15.84000000,10.00000000,158.40000000,1665625272720,False,True
39509061,15.84000000,22.58000000,357.66720000,1665625282589,False,True
39509062,15.84000000,2.00000000,31.68000000,1665625305377,False,True
39509063,15.84000000,20.15000000,319.17600000,1665625319863,False,True
39509064,15.84000000,9.58000000,151.74720000,1665625319863,False,True
39509065,15.84000000,11.70000000,185.32800000,1665625319866,False,True
39509066,15.84000000,6.20000000,98.20800000,1665625319866,False,True
39509067,15.84000000,43.80000000,693.79200000,1665625325129,True,True
39509068,15.84000000,31.12000000,492.94080000,1665625325181,True,True
39509069,15.84000000,0.67000000,10.61280000,1665625325181,True,True
39509070,15.84000000,0.42000000,6.65280000,1665625325236,True,True
39509071,15.84000000,1.09000000,17.26560000,1665625325236,True,True
39509072,15.84000000,50.00000000,792.00000000,1665625325236,True,True
39509073,15.84000000,12.36000000,195.78240000,1665625328273,False,True
39509074,15.84000000,10.00000000,158.40000000,1665625328400,False,True
39509075,15.84000000,10.00000000,158.40000000,1665625328586,False,True
39509076,15.84000000,3.77000000,59.71680000,1665625328596,False,True
39509077,15.84000000,8.80000000,139.39200000,1665625328596,False,True
39509078,15.84000000,10.00000000,158.40000000,1665625328760,False,True
39509079,15.84000000,10.00000000,158.40000000,1665625329055,False,True
39509080,15.84000000,2.36000000,37.38240000,1665625329146,False,True
39509081,15.84000000,10.00000000,158.40000000,1665625329276,False,True
39509082,15.84000000,29.62000000,469.18080000,1665625329314,False,True
39509083,15.84000000,5.01000000,79.35840000,1665625329314,False,True
39509084,15.84000000,31.12000000,492.94080000,1665625329314,False,True
39509085,15.84000000,0.81000000,12.83040000,1665625333794,True,True
39509086,15.84000000,39.37000000,623.62080000,1665625352299,True,True
39509087,15.84000000,31.12000000,492.94080000,1665625352299,True,True
39509088,15.84000000,77.48000000,1227.28320000,1665625352299,True,True
39509089,15.84000000,50.00000000,792.00000000,1665625352299,True,True
39509090,15.84000000,10.00000000,158.40000000,1665625352347,False,True
39509091,15.84000000,12.84000000,203.38560000,1665625352387,False,True
39509092,15.84000000,2.36000000,37.38240000,1665625352416,False,True
39509093,15.84000000,12.84000000,203.38560000,1665625352449,False,True
39509094,15.84000000,7.64000000,121.01760000,1665625352496,False,True
39509095,15.84000000,8.19000000,129.72960000,1665625352499,False,True
39509096,15.84000000,10.01000000,158.55840000,1665625352562,False,True
39509097,15.84000000,10.00000000,158.40000000,1665625352674,False,True
39509098,15.84000000,22.85000000,361.94400000,1665625352726,False,True
39509099,15.84000000,2.36000000,37.38240000,1665625352810,False,True
39509100,15.84000000,2.36000000,37.38240000,1665625352888,False,True
39509101,15.84000000,0.98000000,15.52320000,1665625352956,False,True
39509102,15.84000000,9.02000000,142.87680000,1665625352956,False,True
39509103,15.84000000,16.38000000,259.45920000,1665625352966,False,True
39509104,15.84000000,5.72000000,90.60480000,1665625352969,False,True
39509105,15.85000000,50.25000000,796.46250000,1665625355225,False,True
39509106,15.85000000,3.21000000,50.87850000,1665625357134,False,True
39509107,15.85000000,10.98000000,174.03300000,1665625357134,False,True
39509108,15.85000000,18.93000000,300.04050000,1665625357134,False,True
39509109,15.85000000,2.69000000,42.63650000,1665625357134,False,True
39509110,15.85000000,20.63000000,326.98550000,1665625405424,True,True
39509111,15.85000000,1.09000000,17.27650000,1665625405424,True,True
39509112,15.85000000,1.09000000,17.27650000,1665625405424,True,True
39509113,15.85000000,10.40000000,164.84000000,1665625405424,True,True
39509114,15.85000000,12.61000000,199.86850000,1665625413241,False,True
39509115,15.85000000,35.83000000,567.90550000,1665625437565,False,True
39509116,15.85000000,33.63000000,533.03550000,1665625437568,False,True
39509117,15.85000000,5.72000000,90.66200000,1665625445091,True,True
39509118,15.85000000,1.09000000,17.27650000,1665625445091,True,True
39509119,15.85000000,1.09000000,17.27650000,1665625445091,True,True
39509120,15.85000000,7.49000000,118.71650000,1665625458294,False,True
39509121,15.85000000,1.09000000,17.27650000,1665625470122,True,True
39509122,15.85000000,0.77000000,12.20450000,1665625470122,True,True
39509123,15.86000000,0.63000000,9.99180000,1665625516580,False,True
39509124,15.86000000,0.68000000,10.78480000,1665625516580,False,True
39509125,15.86000000,6.30000000,99.91800000,1665625525368,False,True
39509126,15.85000000,1.09000000,17.27650000,1665625536108,True,True
39509127,15.85000000,26.82000000,425.09700000,1665625536108,True,True
39509128,15.85000000,0.90000000,14.26500000,1665625536336,False,True
39509129,15.84000000,2.36000000,37.38240000,1665625556038,True,True
39509130,15.84000000,11.81000000,187.07040000,1665625575244,True,True
39509131,15.84000000,24.02000000,380.47680000,1665625575244,True,True
39509132,15.85000000,5.73000000,90.82050000,1665625590354,False,True
39509133,15.85000000,6.20000000,98.27000000,1665625590354,False,True
39509134,15.85000000,21.15000000,335.22750000,1665625590354,False,True
39509135,15.85000000,5.74000000,90.97900000,1665625620827,True,True
39509136,15.85000000,1.09000000,17.27650000,1665625620827,True,True
39509137,15.85000000,0.43000000,6.81550000,1665625620827,True,True
39509138,15.84000000,1.38000000,21.85920000,1665625676397,True,True
39509139,15.84000000,0.87000000,13.78080000,1665625676397,True,True
39509140,15.85000000,2.30000000,36.45500000,1665625733445,False,True
39509141,15.85000000,11.62000000,184.17700000,1665625804316,False,True
39509142,15.85000000,3.50000000,55.47500000,1665625975524,False,True
39509143,15.84000000,1.13000000,17.89920000,1665626037253,True,True
39509144,15.84000000,5.62000000,89.02080000,1665626037253,True,True
39509145,15.84000000,5.62000000,89.02080000,1665626040321,True,True
39509146,15.84000000,5.62000000,89.02080000,1665626057225,True,True
39509147,15.84000000,5.62000000,89.02080000,1665626057291,True,True
39509148,15.84000000,5.62000000,89.02080000,1665626057292,True,True
39509149,15.84000000,5.62000000,89.02080000,1665626057397,True,True
39509150,15.84000000,4.25000000,67.32000000,1665626057403,True,True
39509151,15.84000000,1.37000000,21.70080000,1665626057407,True,True
39509152,15.84000000,4.25000000,67.32000000,1665626057407,True,True
39509153,15.84000000,1.37000000,21.70080000,1665626057422,True,True
39509154,15.84000000,4.94000000,78.24960000,1665626057422,True,True
39509155,15.84000000,0.68000000,10.77120000,1665626057426,True,True
39509156,15.84000000,5.61000000,88.86240000,1665626057426,True,True
39509157,15.84000000,1.00000000,15.84000000,1665626109090,False,True
39509158,15.83000000,0.78000000,12.34740000,1665626112332,True,True
39509159,15.83000000,0.34000000,5.38220000,1665626112332,True,True
39509160,15.83000000,1.00000000,15.83000000,1665626112332,True,True
39509161,15.83000000,1.93000000,30.55190000,1665626112332,True,True
39509162,15.83000000,0.78000000,12.34740000,1665626112332,True,True
39509163,15.83000000,0.78000000,12.34740000,1665626112332,True,True
39509164,15.83000000,0.01000000,0.15830000,1665626112334,True,True
39509165,15.83000000,0.77000000,12.18910000,1665626112334,True,True
39509166,15.83000000,0.78000000,12.34740000,1665626112335,True,True
39509167,15.83000000,0.37000000,5.85710000,1665626112338,True,True
39509168,15.83000000,0.41000000,6.49030000,1665626112338,True,True
39509169,15.84000000,0.74000000,11.72160000,1665626126095,False,True
39509170,15.84000000,1.26000000,19.95840000,1665626126095,False,True
39509171,15.83000000,0.92000000,14.56360000,1665626136079,True,True
39509172,15.83000000,1.41000000,22.32030000,1665626136079,True,True
39509173,15.83000000,3.30000000,52.23900000,1665626136079,True,True
39509174,15.83000000,44.21000000,699.84430000,1665626136079,True,True
39509175,15.83000000,1.09000000,17.25470000,1665626136079,True,True
39509176,15.83000000,5.63000000,89.12290000,1665626136079,True,True
39509177,15.83000000,1.46000000,23.11180000,1665626136079,True,True
39509178,15.83000000,1.58000000,25.01140000,1665626136079,True,True
39509179,15.83000000,5.63000000,89.12290000,1665626136079,True,True
39509180,15.83000000,5.63000000,89.12290000,1665626136079,True,True
39509181,15.83000000,3.29000000,52.08070000,1665626136079,True,True
39509182,15.83000000,2.34000000,37.04220000,1665626136079,True,True
39509183,15.83000000,5.63000000,89.12290000,1665626136079,True,True
39509184,15.83000000,5.63000000,89.12290000,1665626136079,True,True
39509185,15.83000000,5.63000000,89.12290000,1665626136079,True,True
39509186,15.83000000,5.63000000,89.12290000,1665626136079,True,True
39509187,15.83000000,5.63000000,89.12290000,1665626136079,True,True
39509188,15.83000000,5.55000000,87.85650000,1665626136079,True,True
39509189,15.82000000,1.12000000,17.71840000,1665626154748,True,True
39509190,15.82000000,0.69000000,10.91580000,1665626154748,True,True
39509191,15.82000000,5.68000000,89.85760000,1665626154748,True,True
39509192,15.82000000,0.83000000,13.13060000,1665626154748,True,True
39509193,15.82000000,0.68000000,10.75760000,1665626154748,True,True
39509194,15.82000000,2.00000000,31.64000000,1665626154748,True,True
39509195,15.82000000,0.69000000,10.91580000,1665626154748,True,True
39509196,15.82000000,1.41000000,22.30620000,1665626154748,True,True
39509197,15.82000000,148.82000000,2354.33240000,1665626154748,True,True
39509198,15.82000000,5.40000000,85.42800000,1665626154748,True,True
39509199,15.82000000,19.41000000,307.06620000,1665626154748,True,True
39509200,15.82000000,2.56000000,40.49920000,1665626154748,True,True
39509201,15.82000000,3.30000000,52.20600000,1665626154748,True,True
39509202,15.82000000,1.46000000,23.09720000,1665626154748,True,True
39509203,15.82000000,20.95000000,331.42900000,1665626154748,True,True
39509204,15.82000000,1.01000000,15.97820000,1665626154796,True,True
39509205,15.82000000,1.01000000,15.97820000,1665626154799,True,True
39509206,15.82000000,1.01000000,15.97820000,1665626154799,True,True
39509207,15.82000000,1.01000000,15.97820000,1665626154799,True,True
39509208,15.82000000,0.29000000,4.58780000,1665626156557,True,True
39509209,15.82000000,2.56000000,40.49920000,1665626156557,True,True
39509210,15.82000000,3.47000000,54.89540000,1665626156557,True,True
39509211,15.82000000,6.32000000,99.98240000,1665626156559,True,True
39509212,15.82000000,6.32000000,99.98240000,1665626156560,True,True
39509213,15.82000000,6.32000000,99.98240000,1665626156560,True,True
39509214,15.82000000,2.85000000,45.08700000,1665626156563,True,True
39509215,15.82000000,2.56000000,40.49920000,1665626156563,True,True
39509216,15.82000000,0.91000000,14.39620000,1665626156563,True,True
39509217,15.82000000,6.91000000,109.31620000,1665626156649,True,True
39509218,15.82000000,17.46000000,276.21720000,1665626163077,True,True
39509219,15.82000000,2.56000000,40.49920000,1665626163077,True,True
39509220,15.82000000,20.02000000,316.71640000,1665626163077,True,True
39509221,15.82000000,5.26000000,83.21320000,1665626163079,True,True
39509222,15.82000000,2.56000000,40.49920000,1665626163079,True,True
39509223,15.82000000,12.20000000,193.00400000,1665626163079,True,True
39509224,15.82000000,13.08000000,206.92560000,1665626163079,True,True
39509225,15.82000000,2.56000000,40.49920000,1665626163079,True,True
39509226,15.82000000,0.02000000,0.31640000,1665626163079,True,True
39509227,15.82000000,2.56000000,40.49920000,1665626163079,True,True
39509228,15.82000000,1.80000000,28.47600000,1665626163079,True,True
39509229,15.82000000,0.76000000,12.02320000,1665626163080,True,True
39509230,15.82000000,2.56000000,40.49920000,1665626163080,True,True
39509231,15.82000000,2.52000000,39.86640000,1665626163080,True,True
39509232,15.81000000,10.00000000,158.10000000,1665626163184,True,True
39509233,15.81000000,0.69000000,10.90890000,1665626163184,True,True
39509234,15.81000000,1.01000000,15.96810000,1665626163184,True,True
39509235,15.81000000,0.78000000,12.33180000,1665626163184,True,True
39509236,15.81000000,0.14000000,2.21340000,1665626163184,True,True
39509237,15.81000000,1.78000000,28.14180000,1665626163184,True,True
39509238,15.81000000,0.78000000,12.33180000,1665626163184,True,True
39509239,15.81000000,1.78000000,28.14180000,1665626163184,True,True
39509240,15.81000000,4.05000000,64.03050000,1665626163184,True,True
39509241,15.81000000,1.61000000,25.45410000,1665626163184,True,True
39509242,15.81000000,0.39000000,6.16590000,1665626170129,True,True
39509243,15.81000000,0.69000000,10.90890000,1665626170129,True,True
39509244,15.81000000,3.30000000,52.17300000,1665626170129,True,True
39509245,15.81000000,1.46000000,23.08260000,1665626170129,True,True
39509246,15.81000000,25.30000000,399.99300000,1665626170129,True,True
39509247,15.81000000,0.64000000,10.11840000,1665626170129,True,True
39509248,15.81000000,1.70000000,26.87700000,1665626170129,True,True
39509249,15.81000000,9.81000000,155.09610000,1665626170175,True,True
39509250,15.81000000,13.79000000,218.01990000,1665626170423,True,True
39509251,15.81000000,0.64000000,10.11840000,1665626170423,True,True
39509252,15.81000000,25.30000000,399.99300000,1665626170438,True,True
39509253,15.81000000,0.42000000,6.64020000,1665626170438,True,True
39509254,15.81000000,19.20000000,303.55200000,1665626170459,True,True
39509255,15.81000000,6.10000000,96.44100000,1665626170460,True,True
39509256,15.81000000,19.20000000,303.55200000,1665626170460,True,True
39509257,15.81000000,6.10000000,96.44100000,1665626170477,True,True
39509258,15.80000000,0.72000000,11.37600000,1665626171290,True,True
39509259,15.80000000,1.37000000,21.64600000,1665626171290,True,True
39509260,15.80000000,0.76000000,12.00800000,1665626171290,True,True
39509261,15.80000000,0.84000000,13.27200000,1665626171290,True,True
39509262,15.80000000,10.00000000,158.00000000,1665626171290,True,True
39509263,15.80000000,2.00000000,31.60000000,1665626171290,True,True
39509264,15.80000000,1.76000000,27.80800000,1665626171290,True,True
39509265,15.80000000,4.11000000,64.93800000,1665626171290,True,True
39509266,15.80000000,4.38000000,69.20400000,1665626171290,True,True
39509267,15.80000000,0.75000000,11.85000000,1665626171290,True,True
39509268,15.80000000,1.26000000,19.90800000,1665626171290,True,True
39509269,15.80000000,3.58000000,56.56400000,1665626171290,True,True
39509270,15.80000000,4.67000000,73.78600000,1665626171290,True,True
39509271,15.80000000,19.69000000,311.10200000,1665626171290,True,True
39509272,15.80000000,2.00000000,31.60000000,1665626171290,True,True
39509273,15.80000000,6.32000000,99.85600000,1665626171290,True,True
39509274,15.80000000,0.65000000,10.27000000,1665626171290,True,True
39509275,15.80000000,1.63000000,25.75400000,1665626171290,True,True
39509276,15.80000000,1.19000000,18.80200000,1665626171290,True,True
39509277,15.80000000,3.21000000,50.71800000,1665626171290,True,True
39509278,15.80000000,0.68000000,10.74400000,1665626171290,True,True
39509279,15.80000000,2.00000000,31.60000000,1665626171290,True,True
39509280,15.80000000,1.00000000,15.80000000,1665626171290,True,True
39509281,15.80000000,19.92000000,314.73600000,1665626171290,True,True
39509282,15.80000000,12.53000000,197.97400000,1665626171290,True,True
39509283,15.80000000,12.72000000,200.97600000,1665626171290,True,True
39509284,15.80000000,2.09000000,33.02200000,1665626171290,True,True
39509285,15.80000000,0.69000000,10.90200000,1665626171290,True,True
39509286,15.80000000,1.39000000,21.96200000,1665626171290,True,True
39509287,15.80000000,15.82000000,249.95600000,1665626171290,True,True
39509288,15.80000000,0.64000000,10.11200000,1665626171290,True,True
39509289,15.80000000,1.64000000,25.91200000,1665626171290,True,True
39509290,15.80000000,2.60000000,41.08000000,1665626171290,True,True
39509291,15.80000000,1.58000000,24.96400000,1665626171290,True,True
39509292,15.80000000,0.87000000,13.74600000,1665626171290,True,True
39509293,15.80000000,1.00000000,15.80000000,1665626171290,True,True
39509294,15.80000000,1.10000000,17.38000000,1665626171290,True,True
39509295,15.80000000,6.52000000,103.01600000,1665626171290,True,True
39509296,15.80000000,8.72000000,137.77600000,1665626171290,True,True
39509297,15.80000000,0.70000000,11.06000000,1665626171290,True,True
39509298,15.80000000,1.00000000,15.80000000,1665626171290,True,True
39509299,15.80000000,2.17000000,34.28600000,1665626171290,True,True
39509300,15.80000000,5.40000000,85.32000000,1665626171290,True,True
39509301,15.79000000,0.96000000,15.15840000,1665626171290,True,True
39509302,15.79000000,1.54000000,24.31660000,1665626171290,True,True
39509303,15.79000000,1.50000000,23.68500000,1665626171290,True,True
39509304,15.79000000,0.69000000,10.89510000,1665626171290,True,True
39509305,15.79000000,5.07000000,80.05530000,1665626171290,True,True
39509306,15.79000000,1.64000000,25.89560000,1665626171290,True,True
39509307,15.80000000,1.18000000,18.64400000,1665626171290,False,True
39509308,15.80000000,5.19000000,82.00200000,1665626171290,True,True
39509309,15.79000000,10.43000000,164.68970000,1665626171290,True,True
39509310,15.79000000,2.52000000,39.79080000,1665626172083,True,True
39509311,15.79000000,0.64000000,10.10560000,1665626172083,True,True
39509312,15.79000000,11.61000000,183.32190000,1665626172083,True,True
39509313,15.79000000,1.70000000,26.84300000,1665626172083,True,True
39509314,15.79000000,2.93000000,46.26470000,1665626172083,True,True
39509315,15.79000000,2.68000000,42.31720000,1665626172083,True,True
39509316,15.79000000,0.76000000,12.00040000,1665626172090,True,True
39509317,15.79000000,80.24000000,1266.98960000,1665626172097,True,True
39509318,15.79000000,3.14000000,49.58060000,1665626172130,False,True
39509319,15.79000000,22.81000000,360.16990000,1665626172166,False,True
39509320,15.79000000,20.70000000,326.85300000,1665626172508,False,True
39509321,15.79000000,0.64000000,10.10560000,1665626173291,False,True
39509322,15.78000000,1.21000000,19.09380000,1665626173775,True,True
39509323,15.78000000,3.52000000,55.54560000,1665626173775,True,True
39509324,15.78000000,2.00000000,31.56000000,1665626173775,True,True
39509325,15.78000000,1.63000000,25.72140000,1665626173775,True,True
39509326,15.78000000,18.25000000,287.98500000,1665626173775,True,True
39509327,15.78000000,32.44000000,511.90320000,1665626173785,True,True
39509328,15.78000000,0.69000000,10.88820000,1665626173785,True,True
39509329,15.78000000,0.66000000,10.41480000,1665626173785,True,True
39509330,15.78000000,63.30000000,998.87400000,1665626173785,True,True
39509331,15.78000000,1.29000000,20.35620000,1665626173785,True,True
39509332,15.78000000,3.58000000,56.49240000,1665626173785,True,True
39509333,15.78000000,3.30000000,52.07400000,1665626173785,True,True
39509334,15.78000000,1.46000000,23.03880000,1665626173785,True,True
39509335,15.77000000,0.70000000,11.03900000,1665626173789,True,True
39509336,15.77000000,1.27000000,20.02790000,1665626173789,True,True
39509337,15.77000000,0.69000000,10.88130000,1665626173789,True,True
39509338,15.77000000,84.58000000,1333.82660000,1665626173789,True,True
39509339,15.77000000,1.70000000,26.80900000,1665626173789,True,True
39509340,15.77000000,12.54000000,197.75580000,1665626173789,True,True
39509341,15.77000000,40.08000000,632.06160000,1665626173789,True,True
39509342,15.77000000,81.00000000,1277.37000000,1665626173807,True,True
39509343,15.77000000,38.10000000,600.83700000,1665626173933,False,True
39509344,15.77000000,11.90000000,187.66300000,1665626173939,False,True
39509345,15.77000000,0.81000000,12.77370000,1665626176255,False,True
39509346,15.76000000,0.69000000,10.87440000,1665626177587,True,True
39509347,15.76000000,5.71000000,89.98960000,1665626177587,True,True
39509348,15.76000000,0.99000000,15.60240000,1665626177587,True,True
39509349,15.76000000,3.21000000,50.58960000,1665626177587,True,True
39509350,15.76000000,6.00000000,94.56000000,1665626177587,True,True
39509351,15.76000000,0.69000000,10.87440000,1665626177587,True,True
39509352,15.76000000,2.16000000,34.04160000,1665626177587,True,True
39509353,15.76000000,1.58000000,24.90080000,1665626177587,True,True
39509354,15.76000000,23.55000000,371.14800000,1665626177587,True,True
39509355,15.76000000,10.45000000,164.69200000,1665626177587,True,True
39509356,15.76000000,8.28000000,130.49280000,1665626177587,True,True
39509357,15.76000000,41.68000000,656.87680000,1665626177599,True,True
39509358,15.76000000,12.89000000,203.14640000,1665626177599,True,True
39509359,15.76000000,5.40000000,85.10400000,1665626177599,True,True
39509360,15.76000000,3.30000000,52.00800000,1665626177599,True,True
39509361,15.76000000,1.46000000,23.00960000,1665626177599,True,True
39509362,15.76000000,2.18000000,34.35680000,1665626177599,True,True
39509363,15.76000000,9.58000000,150.98080000,1665626177625,False,True
39509364,15.76000000,26.69000000,420.63440000,1665626177678,False,True
39509365,15.76000000,2.70000000,42.55200000,1665626178158,False,True
39509366,15.76000000,2.69000000,42.39440000,1665626178247,False,True
39509367,15.76000000,29.16000000,459.56160000,1665626178362,False,True
39509368,15.76000000,3.64000000,57.36640000,1665626179058,False,True
39509369,15.76000000,1.09000000,17.17840000,1665626179058,False,True
39509370,15.76000000,5.79000000,91.25040000,1665626179058,False,True
39509371,15.76000000,23.09000000,363.89840000,1665626179058,False,True
39509372,15.76000000,65.76000000,1036.37760000,1665626179081,False,True
39509373,15.76000000,3.56000000,56.10560000,1665626179081,False,True
39509374,15.77000000,2.70000000,42.57900000,1665626181158,False,True
39509375,15.77000000,73.04000000,1151.84080000,1665626181158,False,True
39509376,15.77000000,17.47000000,275.50190000,1665626181158,False,True
39509377,15.77000000,3.17000000,49.99090000,1665626181158,False,True
39509378,15.77000000,3.63000000,57.24510000,1665626181158,False,True
39509379,15.77000000,2.54000000,40.05580000,1665626181158,False,True
39509380,15.77000000,0.76000000,11.98520000,1665626181166,False,True
39509381,15.77000000,1.46000000,23.02420000,1665626181166,False,True
39509382,15.78000000,12.87000000,203.08860000,1665626182509,False,True
39509383,15.78000000,9.24000000,145.80720000,1665626182509,False,True
39509384,15.78000000,3.67000000,57.91260000,1665626182509,False,True
39509385,15.78000000,0.38000000,5.99640000,1665626182509,False,True
39509386,15.78000000,27.25000000,430.00500000,1665626182624,False,True
39509387,15.78000000,16.27000000,256.74060000,1665626182624,False,True
39509388,15.78000000,7.56000000,119.29680000,1665626186504,False,True
39509389,15.78000000,3.42000000,53.96760000,1665626186504,False,True
39509390,15.78000000,3.30000000,52.07400000,1665626186504,False,True
39509391,15.78000000,1.46000000,23.03880000,1665626186504,False,True
39509392,15.78000000,0.85000000,13.41300000,1665626188963,True,True
39509393,15.78000000,0.85000000,13.41300000,1665626188966,True,True
39509394,15.78000000,0.85000000,13.41300000,1665626188966,True,True
39509395,15.78000000,0.85000000,13.41300000,1665626188967,True,True
39509396,15.78000000,0.85000000,13.41300000,1665626188967,True,True
39509397,15.78000000,0.85000000,13.41300000,1665626188969,True,True
39509398,15.78000000,15.74000000,248.37720000,1665626188974,True,True
39509399,15.78000000,4.54000000,71.64120000,1665626194172,True,True
39509400,15.78000000,2.70000000,42.60600000,1665626194172,True,True
39509401,15.78000000,18.52000000,292.24560000,1665626194172,True,True
39509402,15.78000000,25.38000000,400.49640000,1665626194388,True,True
39509403,15.78000000,3.11000000,49.07580000,1665626194691,True,True
39509404,15.78000000,3.11000000,49.07580000,1665626194691,True,True
39509405,15.78000000,3.11000000,49.07580000,1665626194692,True,True
39509406,15.78000000,3.11000000,49.07580000,1665626194694,True,True
39509407,15.78000000,7.85000000,123.87300000,1665626195289,True,True
39509408,15.79000000,2.51000000,39.63290000,1665626201899,False,True
39509409,15.79000000,3.17000000,50.05430000,1665626201899,False,True
39509410,15.79000000,7.09000000,111.95110000,1665626201899,False,True
39509411,15.79000000,3.54000000,55.89660000,1665626201899,False,True
39509412,15.79000000,3.17000000,50.05430000,1665626201899,False,True
39509413,15.79000000,2.18000000,34.42220000,1665626201899,False,True
39509414,15.79000000,3.30000000,52.10700000,1665626201899,False,True
39509415,15.79000000,1.46000000,23.05340000,1665626201899,False,True
39509416,15.79000000,2.26000000,35.68540000,1665626201899,False,True
39509417,15.79000000,12.25000000,193.42750000,1665626201899,False,True
39509418,15.79000000,63.28000000,999.19120000,1665626201914,False,True
39509419,15.79000000,13.03000000,205.74370000,1665626201992,False,True
39509420,15.79000000,3.54000000,55.89660000,1665626201992,False,True
39509421,15.79000000,2.70000000,42.63300000,1665626205238,False,True
39509422,15.79000000,3.35000000,52.89650000,1665626205238,False,True
39509423,15.80000000,1.47000000,23.22600000,1665626238966,False,True
39509424,15.80000000,0.87000000,13.74600000,1665626238966,False,True
39509425,15.80000000,11.77000000,185.96600000,1665626267454,False,True
39509426,15.80000000,3.30000000,52.14000000,1665626267454,False,True
39509427,15.80000000,3.67000000,57.98600000,1665626267454,False,True
39509428,15.80000000,48.26000000,762.50800000,1665626267454,False,True
39509429,15.80000000,2.74000000,43.29200000,1665626284511,False,True
39509430,15.80000000,12.95000000,204.61000000,1665626284511,False,True
39509431,15.80000000,14.63000000,231.15400000,1665626284511,False,True
39509432,15.80000000,65.76000000,1039.00800000,1665626284523,False,True
39509433,15.80000000,22.68000000,358.34400000,1665626284535,False,True
39509434,15.80000000,25.38000000,401.00400000,1665626287830,True,True
39509435,15.80000000,22.68000000,358.34400000,1665626287840,True,True
39509436,15.80000000,2.70000000,42.66000000,1665626287863,True,True
39509437,15.80000000,3.35000000,52.93000000,1665626287878,True,True
39509438,15.80000000,1.74000000,27.49200000,1665626287886,True,True
39509439,15.79000000,49.73000000,785.23670000,1665626288861,True,True
39509440,15.79000000,19.28000000,304.43120000,1665626288861,True,True
39509441,15.79000000,2.08000000,32.84320000,1665626288861,True,True
39509442,15.79000000,0.83000000,13.10570000,1665626309943,True,True
39509443,15.79000000,66.30000000,1046.87700000,1665626323366,True,True
39509444,15.79000000,51.60000000,814.76400000,1665626323447,True,True
39509445,15.78000000,10.98000000,173.26440000,1665626324680,True,True
39509446,15.78000000,1.46000000,23.03880000,1665626324680,True,True
39509447,15.78000000,4.41000000,69.58980000,1665626340145,False,True
39509448,15.78000000,73.06000000,1152.88680000,1665626340145,False,True
39509449,15.78000000,12.67000000,199.93260000,1665626342911,True,True
39509450,15.79000000,3.35000000,52.89650000,1665626349622,False,True
39509451,15.79000000,73.08000000,1153.93320000,1665626353853,True,True
39509452,15.79000000,58.82000000,928.76780000,1665626353853,True,True
39509453,15.79000000,18.66000000,294.64140000,1665626355068,True,True
39509454,15.79000000,37.69000000,595.12510000,1665626355068,True,True
39509455,15.79000000,8.51000000,134.37290000,1665626355068,True,True
39509456,15.79000000,10.52000000,166.11080000,1665626355577,True,True
39509457,15.79000000,31.64000000,499.59560000,1665626355577,True,True
39509458,15.79000000,9.71000000,153.32090000,1665626361281,True,True
39509459,15.79000000,8.79000000,138.79410000,1665626372289,True,True
39509460,15.79000000,5.40000000,85.26600000,1665626372303,True,True
39509461,15.79000000,1.00000000,15.79000000,1665626397619,False,True
39509462,15.78000000,31.12000000,491.07360000,1665626404552,True,True
39509463,15.78000000,19.60000000,309.28800000,1665626404552,True,True
39509464,15.78000000,2.36000000,37.24080000,1665626405543,False,True
39509465,15.78000000,3.52000000,55.54560000,1665626410288,False,True
39509466,15.78000000,3.55000000,56.01900000,1665626418491,False,True
39509467,15.78000000,31.19000000,492.17820000,1665626418491,False,True
39509468,15.77000000,6.34000000,99.98180000,1665626418776,True,True
39509469,15.78000000,20.04000000,316.23120000,1665626423094,False,True
39509470,15.78000000,5.64000000,88.99920000,1665626423094,False,True
39509471,15.80000000,0.95000000,15.01000000,1665626466219,False,True
39509472,15.80000000,6.32000000,99.85600000,1665626503235,False,True
39509473,15.80000000,7.00000000,110.60000000,1665626520093,False,True
39509474,15.79000000,49.55000000,782.39450000,1665626531339,True,True
39509475,15.79000000,5.65000000,89.21350000,1665626531339,True,True
39509476,15.79000000,1.00000000,15.79000000,1665626541574,False,True
39509477,15.79000000,5.00000000,78.95000000,1665626545553,False,True
39509478,15.80000000,14.74000000,232.89200000,1665626556356,False,True
39509479,15.80000000,13.44000000,212.35200000,1665626556356,False,True
39509480,15.80000000,1.46000000,23.06800000,1665626556356,False,True
39509481,15.80000000,0.75000000,11.85000000,1665626556356,False,True
39509482,15.80000000,2.36000000,37.28800000,1665626589360,True,True
39509483,15.80000000,2.04000000,32.23200000,1665626610506,True,True
39509484,15.81000000,632.31000000,9996.82110000,1665626624873,False,True
39509485,15.81000000,3.16000000,49.95960000,1665626624873,False,True
39509486,15.81000000,3.30000000,52.17300000,1665626624873,False,True
39509487,15.81000000,12.54000000,198.25740000,1665626624873,False,True
39509488,15.81000000,18.92000000,299.12520000,1665626624873,False,True
39509489,15.80000000,7.64000000,120.71200000,1665626637268,True,True
39509490,15.80000000,4.66000000,73.62800000,1665626637275,True,True
39509491,15.80000000,2.98000000,47.08400000,1665626637275,True,True
39509492,15.80000000,7.64000000,120.71200000,1665626637276,True,True
39509493,15.80000000,1.08000000,17.06400000,1665626637281,True,True
39509494,15.80000000,6.20000000,97.96000000,1665626637281,True,True
39509495,15.80000000,0.75000000,11.85000000,1665626669869,False,True
39509496,15.79000000,1.46000000,23.05340000,1665626674146,True,True
39509497,15.79000000,6.34000000,100.10860000,1665626674146,True,True
39509498,15.79000000,7.55000000,119.21450000,1665626674146,True,True
39509499,15.79000000,2.70000000,42.63300000,1665626674146,True,True
39509500,15.79000000,33.25000000,525.01750000,1665626692617,False,True
39509501,15.79000000,7.16000000,113.05640000,1665626692620,False,True
39509502,15.79000000,7.14000000,112.74060000,1665626692639,False,True
39509503,15.78000000,2.72000000,42.92160000,1665626728562,True,True
39509504,15.78000000,3.30000000,52.07400000,1665626728562,True,True
39509505,15.78000000,13.76000000,217.13280000,1665626728562,True,True
39509506,15.78000000,1.46000000,23.03880000,1665626730780,True,True
39509507,15.78000000,4.75000000,74.95500000,1665626793502,False,True
39509508,15.77000000,0.27000000,4.25790000,1665626798426,True,True
39509509,15.77000000,6.74000000,106.28980000,1665626798426,True,True
39509510,15.78000000,5.10000000,80.47800000,1665626803515,False,True
39509511,15.78000000,6.20000000,97.83600000,1665626806660,False,True
39509512,15.78000000,12.30000000,194.09400000,1665626806660,False,True
39509513,15.78000000,11.70000000,184.62600000,1665626806660,False,True
39509514,15.78000000,9.23000000,145.64940000,1665626806660,False,True
39509515,15.78000000,1.11000000,17.51580000,1665626806660,False,True
39509516,15.78000000,1.11000000,17.51580000,1665626806660,False,True
39509517,15.78000000,13.03000000,205.61340000,1665626806660,False,True
39509518,15.78000000,2.20000000,34.71600000,1665626806677,True,True
39509519,15.78000000,4.81000000,75.90180000,1665626806706,True,True
39509520,15.78000000,3.06000000,48.28680000,1665626806777,True,True
39509521,15.78000000,10.00000000,157.80000000,1665626807727,True,True
39509522,15.77000000,0.81000000,12.77370000,1665626807944,True,True
39509523,15.77000000,7.09000000,111.80930000,1665626807944,True,True
39509524,15.77000000,2.10000000,33.11700000,1665626807944,True,True
39509525,15.77000000,2.90000000,45.73300000,1665626819704,True,True
39509526,15.77000000,53.09000000,837.22930000,1665626825811,True,True
39509527,15.77000000,33.25000000,524.35250000,1665626825839,True,True
39509528,15.77000000,34.74000000,547.84980000,1665626825842,True,True
39509529,15.77000000,60.00000000,946.20000000,1665626825850,True,True
39509530,15.77000000,40.00000000,630.80000000,1665626825853,True,True
39509531,15.77000000,362.87000000,5722.45990000,1665626825855,True,True
39509532,15.77000000,26.33000000,415.22410000,1665626825856,True,True
39509533,15.77000000,5.70000000,89.88900000,1665626825863,True,True
39509534,15.77000000,12.50000000,197.12500000,1665626825869,True,True
39509535,15.77000000,4.20000000,66.23400000,1665626825869,True,True
39509536,15.77000000,5.40000000,85.15800000,1665626825869,True,True
39509537,15.77000000,2.18000000,34.37860000,1665626825869,True,True
39509538,15.77000000,3.30000000,52.04100000,1665626825869,True,True
39509539,15.77000000,1.46000000,23.02420000,1665626825869,True,True
39509540,15.77000000,10.31000000,162.58870000,1665626837063,True,True
39509541,15.77000000,5.29000000,83.42330000,1665626841519,True,True
39509542,15.78000000,0.64000000,10.09920000,1665626904047,False,True
39509543,15.77000000,54.43000000,858.36110000,1665626917820,True,True
39509544,15.77000000,7.62000000,120.16740000,1665626917820,True,True
39509545,15.78000000,2.06000000,32.50680000,1665627022729,False,True
39509546,15.78000000,23.36000000,368.62080000,1665627022729,False,True
39509547,15.78000000,37.29000000,588.43620000,1665627022729,False,True
39509548,15.78000000,88.68000000,1399.37040000,1665627022729,False,True
39509549,15.78000000,63.37000000,999.97860000,1665627022729,False,True
39509550,15.78000000,81.00000000,1278.18000000,1665627022729,False,True
39509551,15.78000000,12.30000000,194.09400000,1665627022729,False,True
39509552,15.78000000,1.11000000,17.51580000,1665627022729,False,True
39509553,15.78000000,1.11000000,17.51580000,1665627022729,False,True
39509554,15.78000000,1.78000000,28.08840000,1665627022739,True,True
39509555,15.78000000,7.08000000,111.72240000,1665627022740,True,True
39509556,15.78000000,1.78000000,28.08840000,1665627022742,True,True
39509557,15.78000000,1.78000000,28.08840000,1665627022742,True,True
39509558,15.78000000,1.78000000,28.08840000,1665627022742,True,True
39509559,15.78000000,1.78000000,28.08840000,1665627022742,True,True
39509560,15.78000000,1.78000000,28.08840000,1665627022744,True,True
39509561,15.78000000,60.00000000,946.80000000,1665627022777,True,True
39509562,15.78000000,7.31000000,115.35180000,1665627022788,True,True
39509563,15.78000000,20.00000000,315.60000000,1665627022803,True,True
39509564,15.78000000,20.00000000,315.60000000,1665627022803,True,True
39509565,15.78000000,20.00000000,315.60000000,1665627022805,True,True
39509566,15.78000000,40.00000000,631.20000000,1665627022807,True,True
39509567,15.78000000,20.00000000,315.60000000,1665627022817,True,True
39509568,15.78000000,20.00000000,315.60000000,1665627022827,True,True
39509569,15.78000000,17.81000000,281.04180000,1665627022829,True,True
39509570,15.78000000,2.36000000,37.24080000,1665627022866,True,True
39509571,15.78000000,4.76000000,75.11280000,1665627022879,True,True
39509572,15.77000000,1.77000000,27.91290000,1665627022879,True,True
39509573,15.78000000,2.21000000,34.87380000,1665627049475,False,True
39509574,15.78000000,2.36000000,37.24080000,1665627051595,True,True
39509575,15.79000000,0.64000000,10.10560000,1665627066842,False,True
39509576,15.79000000,0.75000000,11.84250000,1665627066842,False,True
39509577,15.78000000,2.36000000,37.24080000,1665627076876,True,True
39509578,15.78000000,13.70000000,216.18600000,1665627125035,True,True
39509579,15.78000000,18.40000000,290.35200000,1665627125035,True,True
39509580,15.78000000,3.01000000,47.49780000,1665627127081,False,True
39509581,15.78000000,1.99000000,31.40220000,1665627127627,False,True
39509582,15.77000000,1.52000000,23.97040000,1665627142249,True,True
39509583,15.77000000,2.70000000,42.57900000,1665627142249,True,True
39509584,15.77000000,0.28000000,4.41560000,1665627142249,True,True
39509585,15.77000000,4.50000000,70.96500000,1665627142331,True,True
39509586,15.77000000,29.63000000,467.26510000,1665627161406,True,True
39509587,15.77000000,11.61000000,183.08970000,1665627192104,True,True
39509588,15.77000000,12.60000000,198.70200000,1665627217314,True,True
39509589,15.78000000,12.67000000,199.93260000,1665627221057,False,True
39509590,15.77000000,43.80000000,690.72600000,1665627249139,True,True
39509591,15.77000000,2.70000000,42.57900000,1665627264846,False,True
39509592,15.77000000,5.45000000,85.94650000,1665627264846,False,True
39509593,15.77000000,13.84000000,218.25680000,1665627264846,False,True
39509594,15.77000000,18.68000000,294.58360000,1665627264846,False,True
39509595,15.77000000,2.36000000,37.21720000,1665627264918,True,True
39509596,15.77000000,2.36000000,37.21720000,1665627268082,True,True
39509597,15.77000000,9.63000000,151.86510000,1665627283240,True,True
39509598,15.78000000,2.22000000,35.03160000,1665627288620,False,True
39509599,15.78000000,24.35000000,384.24300000,1665627298375,False,True
39509600,15.78000000,63.37000000,999.97860000,1665627298375,False,True
39509601,15.78000000,33.56000000,529.57680000,1665627298375,False,True
39509602,15.77000000,9.63000000,151.86510000,1665627300613,True,True
39509603,15.76000000,3.30000000,52.00800000,1665627312925,True,True
39509604,15.76000000,0.95000000,14.97200000,1665627312925,True,True
39509605,15.76000000,14.17000000,223.31920000,1665627312925,True,True
39509606,15.76000000,1.58000000,24.90080000,1665627312925,True,True
39509607,15.76000000,1.12000000,17.65120000,1665627312937,True,True
39509608,15.76000000,1.46000000,23.00960000,1665627312937,True,True
39509609,15.76000000,0.72000000,11.34720000,1665627312937,True,True
39509610,15.76000000,27.23000000,429.14480000,1665627312940,True,True
39509611,15.75000000,0.69000000,10.86750000,1665627313608,True,True
39509612,15.75000000,2.44000000,38.43000000,1665627313608,True,True
39509613,15.75000000,4.20000000,66.15000000,1665627313608,True,True
39509614,15.75000000,2.06000000,32.44500000,1665627313608,True,True
39509615,15.75000000,0.16000000,2.52000000,1665627313608,True,True
39509616,15.75000000,1.80000000,28.35000000,1665627313608,True,True
39509617,15.75000000,1.52000000,23.94000000,1665627313608,True,True
39509618,15.75000000,1.73000000,27.24750000,1665627313608,True,True
39509619,15.75000000,1.00000000,15.75000000,1665627313608,True,True
39509620,15.75000000,4.05000000,63.78750000,1665627313608,True,True
39509621,15.75000000,1.00000000,15.75000000,1665627313608,True,True
39509622,15.75000000,19.99000000,314.84250000,1665627313608,True,True
39509623,15.75000000,2.00000000,31.50000000,1665627313608,True,True
39509624,15.75000000,1.58000000,24.88500000,1665627313608,True,True
39509625,15.75000000,63.49000000,999.96750000,1665627313608,True,True
39509626,15.75000000,1.00000000,15.75000000,1665627313608,True,True
39509627,15.75000000,0.83000000,13.07250000,1665627313608,True,True
39509628,15.75000000,7.75000000,122.06250000,1665627313608,True,True
39509629,15.75000000,1.52000000,23.94000000,1665627313775,True,True
39509630,15.75000000,0.64000000,10.08000000,1665627313775,True,True
39509631,15.75000000,6.31000000,99.38250000,1665627313775,True,True
39509632,15.75000000,51.18000000,806.08500000,1665627313775,True,True
39509633,15.75000000,10.98000000,172.93500000,1665627313775,True,True
39509634,15.75000000,12.54000000,197.50500000,1665627313775,True,True
39509635,15.75000000,2.53000000,39.84750000,1665627313775,True,True
39509636,15.75000000,100.00000000,1575.00000000,1665627313775,True,True
39509637,15.75000000,25.00000000,393.75000000,1665627313775,True,True
39509638,15.75000000,4.30000000,67.72500000,1665627313775,True,True
39509639,15.74000000,1.39000000,21.87860000,1665627313962,True,True
39509640,15.74000000,0.70000000,11.01800000,1665627313962,True,True
39509641,15.74000000,0.69000000,10.86060000,1665627313962,True,True
39509642,15.74000000,1.40000000,22.03600000,1665627313962,True,True
39509643,15.74000000,12.00000000,188.88000000,1665627313962,True,True
39509644,15.74000000,10.98000000,172.82520000,1665627313962,True,True
39509645,15.74000000,12.86000000,202.41640000,1665627313962,True,True
39509646,15.74000000,4.20000000,66.10800000,1665627313962,True,True
39509647,15.74000000,2.18000000,34.31320000,1665627313962,True,True
39509648,15.74000000,9.27000000,145.90980000,1665627313962,True,True
39509649,15.74000000,2.70000000,42.49800000,1665627313962,True,True
39509650,15.74000000,1.39000000,21.87860000,1665627314061,False,True
39509651,15.74000000,2.70000000,42.49800000,1665627314251,False,True
39509652,15.74000000,9.75000000,153.46500000,1665627314251,False,True
39509653,15.73000000,14.35000000,225.72550000,1665627315127,True,True
39509654,15.73000000,3.72000000,58.51560000,1665627315127,True,True
39509655,15.73000000,1.51000000,23.75230000,1665627315127,True,True
39509656,15.73000000,0.69000000,10.85370000,1665627315127,True,True
39509657,15.73000000,3.41000000,53.63930000,1665627315127,True,True
39509658,15.73000000,0.96000000,15.10080000,1665627315127,True,True
39509659,15.73000000,0.83000000,13.05590000,1665627315127,True,True
39509660,15.72000000,2.27000000,35.68440000,1665627315127,True,True
39509661,15.72000000,0.64000000,10.06080000,1665627315127,True,True
39509662,15.72000000,1.64000000,25.78080000,1665627315127,True,True
39509663,15.72000000,0.09000000,1.41480000,1665627315127,True,True
39509664,15.72000000,1.00000000,15.72000000,1665627315127,True,True
39509665,15.72000000,3.21000000,50.46120000,1665627315127,True,True
39509666,15.72000000,0.69000000,10.84680000,1665627315127,True,True
