344605,13.45790000,1.09000000,14.66911100,1612137634586,True,True
344606,13.50920000,1.11000000,14.99521200,1612137640226,False,True
344607,13.43390000,1.09000000,14.64295100,1612137650321,True,True
344608,13.41310000,3.42000000,45.87280200,1612137650328,True,True
344609,13.41190000,1.98000000,26.55556200,1612137650328,True,True
344610,13.41190000,1.23000000,16.49663700,1612137650332,True,True
344611,13.41180000,0.82000000,10.99767600,1612137650332,True,True
344612,13.41180000,5.75000000,77.11785000,1612137650332,True,True
344613,13.41180000,5.63000000,75.50843400,1612137650338,True,True
344614,13.40990000,1.09000000,14.61679100,1612137650397,True,True
344615,13.40990000,12.88000000,172.71951200,1612137650733,True,True
344616,13.38600000,1.09000000,14.59074000,1612137652321,True,True
344617,13.37770000,5.00000000,66.88850000,1612137653056,True,True
344618,13.36720000,2.70000000,36.09144000,1612137653103,True,True
344619,13.36210000,1.09000000,14.56468900,1612137653175,True,True
344620,13.35780000,20.00000000,267.15600000,1612137653309,True,True
344621,13.35780000,20.00000000,267.15600000,1612137653317,True,True
344622,13.35780000,29.31000000,391.51711800,1612137653319,True,True
344623,13.33820000,1.10000000,14.67202000,1612137653458,True,True
344624,13.36710000,15.57000000,208.12574700,1612137655734,False,True
344625,13.36720000,6.00000000,80.20320000,1612137655734,False,True
344626,13.37770000,4.92000000,65.81828400,1612137655734,False,True
344627,13.37770000,3.00000000,40.13310000,1612137655734,False,True
344628,13.41230000,3.21000000,43.05348300,1612137655734,False,True
344629,13.41240000,98.21000000,1317.23180400,1612137655734,False,True
344630,13.38900000,0.76000000,10.17564000,1612137668825,False,True
344631,13.32670000,3.46000000,46.11038200,1612137670283,True,True
344632,13.31440000,1.10000000,14.64584000,1612137673107,True,True
344633,13.29350000,6.77000000,89.99699500,1612137706727,True,True
344634,13.29350000,6.17000000,82.02089500,1612137706727,True,True
344635,13.29340000,3.86000000,51.31252400,1612137706727,True,True
344636,13.29340000,0.07000000,0.93053800,1612137706779,True,True
344637,13.29060000,1.10000000,14.61966000,1612137711396,True,True
344638,13.26690000,1.10000000,14.59359000,1612137729204,True,True
344639,13.24320000,1.10000000,14.56752000,1612137755321,True,True
344640,13.24210000,0.87000000,11.52062700,1612137755400,True,True
344641,13.23820000,0.76000000,10.06103200,1612137756398,True,True
344642,13.23590000,2.81000000,37.19287900,1612137756398,True,True
344643,13.23150000,29.73000000,393.37249500,1612137756398,True,True
344644,13.23150000,39.58000000,523.70277000,1612137756522,True,True
344645,13.21960000,1.11000000,14.67375600,1612137759497,True,True
344646,13.19600000,1.11000000,14.64756000,1612137762104,True,True
344647,13.17250000,102.10000000,1344.91225000,1612137762104,True,True
344648,13.17240000,1.11000000,14.62136400,1612137762104,True,True
344649,13.16320000,14.76000000,194.28883200,1612137762104,True,True
344650,13.14900000,22.42000000,294.80058000,1612137762104,True,True
344651,13.14890000,0.01000000,0.13148900,1612137762104,True,True
344652,13.14490000,9.05000000,118.96134500,1612137762104,True,True
344653,13.19910000,1.11000000,14.65100100,1612137777426,False,True
344654,13.14890000,1.11000000,14.59527900,1612137825046,True,True
344655,13.14320000,1.91000000,25.10351200,1612137825060,True,True
344656,13.14280000,1.00000000,13.14280000,1612137825071,True,True
344657,13.12540000,1.11000000,14.56919400,1612137826036,True,True
344658,13.10520000,69.31000000,908.32141200,1612137826735,True,True
344659,13.10330000,2.92000000,38.26163600,1612137826739,True,True
344660,13.10200000,1.12000000,14.67424000,1612137826739,True,True
344661,13.08170000,5.47000000,71.55689900,1612137826739,True,True
344662,13.08170000,22.88000000,299.30929600,1612137826753,True,True
344663,13.08170000,23.34000000,305.32687800,1612137827281,True,True
344664,13.07860000,1.12000000,14.64803200,1612137828412,True,True
344665,13.07740000,0.77000000,10.06959800,1612137828412,True,True
344666,13.07230000,0.09000000,1.17650700,1612137828412,True,True
344667,13.07230000,0.83000000,10.85000900,1612137828430,True,True
344668,13.05530000,1.12000000,14.62193600,1612137828430,True,True
344669,13.05530000,1.52000000,19.84405600,1612137828438,False,True
344670,13.10510000,1.12000000,14.67771200,1612137835848,False,True
344671,13.10510000,6.77000000,88.72152700,1612137835848,False,True
344672,13.11550000,6.17000000,80.92263500,1612137842569,False,True
344673,13.12850000,1.12000000,14.70392000,1612137863124,False,True
344674,13.15200000,1.12000000,14.73024000,1612137865369,False,True
344675,13.10200000,1.12000000,14.67424000,1612137919132,True,True
344676,13.07860000,1.12000000,14.64803200,1612137924162,True,True
344677,13.05530000,1.12000000,14.62193600,1612137926698,True,True
344678,13.03520000,15.65000000,204.00088000,1612137929146,True,True
344679,13.10510000,1.12000000,14.67771200,1612137936666,False,True
344680,13.12850000,1.12000000,14.70392000,1612137962159,False,True
344681,13.07860000,1.12000000,14.64803200,1612138008896,True,True
344682,13.05530000,1.12000000,14.62193600,1612138011077,True,True
344683,13.03200000,1.12000000,14.59584000,1612138020206,True,True
344684,13.03000000,5.00000000,65.15000000,1612138020224,True,True
344685,13.01220000,4.22000000,54.91148400,1612138020282,True,True
344686,13.03000000,1.13000000,14.72390000,1612138026666,False,True
344687,13.03200000,0.87000000,11.33784000,1612138026694,False,True
344688,13.00870000,1.12000000,14.56974400,1612138031074,True,True
344689,13.00690000,2.33000000,30.30607700,1612138031107,True,True
344690,13.00080000,1.70000000,22.10136000,1612138031149,True,True
344691,13.00080000,0.03000000,0.39002400,1612138033280,True,True
344692,12.98550000,1.13000000,14.67361500,1612138033280,True,True
344693,12.97890000,26.49000000,343.81106100,1612138033280,True,True
344694,12.97890000,24.83000000,322.26608700,1612138035114,True,True
344695,12.97890000,17.90000000,232.32231000,1612138035361,True,True
344696,12.97890000,0.09000000,1.16810100,1612138039246,True,True
344697,12.97210000,3.04000000,39.43518400,1612138039697,True,True
344698,12.96230000,1.13000000,14.64739900,1612138040766,True,True
344699,12.95620000,1.13000000,14.64050600,1612138040768,True,True
344700,12.95000000,28.59000000,370.24050000,1612138040768,True,True
344701,12.94530000,0.15000000,1.94179500,1612138040768,True,True
344702,12.94530000,30.41000000,393.66657300,1612138040791,True,True
344703,12.93920000,1.13000000,14.62129600,1612138040839,True,True
344704,12.97250000,1.27000000,16.47507500,1612138042530,True,True
344705,12.91660000,0.78000000,10.07494800,1612138050631,True,True
344706,12.91610000,1.13000000,14.59519300,1612138050631,True,True
344707,12.91360000,2.33000000,30.08868800,1612138050631,True,True
344708,12.91280000,26.36000000,340.38140800,1612138050631,True,True
344709,12.91280000,7.72000000,99.68681600,1612138051404,True,True
344710,12.90720000,16.28000000,210.12921600,1612138051404,True,True
344711,12.90250000,0.98000000,12.64445000,1612138051404,True,True
344712,12.89700000,0.72000000,9.28584000,1612138051404,True,True
344713,12.89300000,1.13000000,14.56909000,1612138053103,True,True
344714,12.88220000,0.86000000,11.07869200,1612138053103,True,True
344715,12.89750000,1.95000000,25.15012500,1612138066661,True,True
344716,12.87000000,1.14000000,14.67180000,1612138111808,True,True
344717,12.85710000,1.00000000,12.85710000,1612138120511,True,True
344718,12.85260000,14.80000000,190.21848000,1612138120511,True,True
344719,12.85260000,16.67000000,214.25284200,1612138120791,True,True
344720,12.85260000,20.00000000,257.05200000,1612138121223,True,True
344721,12.85260000,17.84000000,229.29038400,1612138121399,True,True
344722,12.84700000,1.14000000,14.64558000,1612138126909,True,True
344723,12.89300000,1.65000000,21.27345000,1612138135285,False,True
344724,12.89600000,1.14000000,14.70144000,1612138135379,False,True
344725,12.91900000,0.78000000,10.07682000,1612138155002,False,True
344726,12.91910000,1.14000000,14.72777400,1612138209888,False,True
344727,12.92270000,33.06000000,427.22446200,1612138209888,False,True
344728,12.92270000,21.15000000,273.31510500,1612138212457,False,True
344729,12.92270000,12.72000000,164.37674400,1612138212828,False,True
344730,12.94220000,1.13000000,14.62468600,1612138214887,False,True
344731,12.95730000,7.27000000,94.19957100,1612138214887,False,True
344732,12.96540000,1.13000000,14.65090200,1612138228715,False,True
344733,12.97890000,7.37000000,95.65449300,1612138228715,False,True
344734,12.95370000,14.10000000,182.64717000,1612138256873,False,True
344735,12.91610000,1.13000000,14.59519300,1612138275149,True,True
344736,12.89300000,1.13000000,14.56909000,1612138278326,True,True
344737,12.87000000,1.14000000,14.67180000,1612138295306,True,True
344738,12.84700000,1.14000000,14.64558000,1612138360300,True,True
344739,12.84080000,3.16000000,40.57692800,1612138367838,True,True
344740,12.82410000,1.14000000,14.61947400,1612138410810,True,True
344741,12.81000000,1.00000000,12.81000000,1612138444561,True,True
344742,12.80410000,0.92000000,11.77977200,1612138444561,True,True
344743,12.80380000,59.63000000,763.49059400,1612138444561,True,True
344744,12.80380000,55.31000000,708.17817800,1612138448891,True,True
344745,12.80380000,12.34000000,157.99889200,1612138464564,True,True
344746,12.80380000,353.50000000,4526.14330000,1612138469384,True,True
344747,12.80380000,84.83000000,1086.14635400,1612138471000,True,True
344748,12.80380000,61.48000000,787.17762400,1612138473563,True,True
344749,12.80380000,8.14000000,104.22293200,1612138476075,True,True
344750,12.80380000,12.76000000,163.37648800,1612138476086,True,True
344751,12.80380000,12.67000000,162.22414600,1612138481385,True,True
344752,12.80380000,16.30000000,208.70194000,1612138483861,True,True
344753,12.80380000,84.07000000,1076.41546600,1612138536600,True,True
344754,12.80380000,22.01000000,281.81163800,1612138539545,True,True
344755,12.82260000,1.15000000,14.74599000,1612138540155,False,True
344756,12.80380000,48.50000000,620.98430000,1612138546363,True,True
344757,12.80120000,1.14000000,14.59336800,1612138546400,True,True
344758,12.80000000,1.03000000,13.18400000,1612138546558,True,True
344759,12.80000000,1.08000000,13.82400000,1612138547222,True,True
344760,12.77830000,1.14000000,14.56726200,1612138563112,True,True
344761,12.77790000,16.94000000,216.45762600,1612138563131,True,True
344762,12.79390000,1.17000000,14.96886300,1612138565498,False,True
344763,12.79390000,20.00000000,255.87800000,1612138570792,False,True
344764,12.75760000,23.23000000,296.35904800,1612138571896,True,True
344765,12.75750000,24.01000000,306.30757500,1612138571902,True,True
344766,12.75580000,0.79000000,10.07708200,1612138571902,True,True
344767,12.75550000,1.15000000,14.66882500,1612138571902,True,True
344768,12.75640000,19.54000000,249.26005600,1612138579076,True,True
344769,12.75030000,0.79000000,10.07273700,1612138579076,True,True
344770,12.75000000,23.02000000,293.50500000,1612138579076,True,True
344771,12.75000000,5.62000000,71.65500000,1612138579258,True,True
344772,12.75000000,60.00000000,765.00000000,1612138579261,True,True
344773,12.73920000,57.60000000,733.77792000,1612138587561,True,True
344774,12.73920000,0.07000000,0.89174400,1612138587562,True,True
344775,12.73270000,1.15000000,14.64260500,1612138587666,True,True
344776,12.73270000,1.04000000,13.24200800,1612138587666,True,True
344777,12.73100000,4.53000000,57.67143000,1612138587838,True,True
344778,12.72630000,69.31000000,882.05985300,1612138587856,True,True
344779,12.71860000,22.34000000,284.13352400,1612138590143,False,True
344780,12.71000000,1.15000000,14.61650000,1612138597438,True,True
344781,12.71000000,1.00000000,12.71000000,1612138597438,True,True
344782,12.70950000,3.29000000,41.81425500,1612138598020,True,True
344783,12.69520000,3.50000000,44.43320000,1612138601334,False,True
344784,12.68730000,1.15000000,14.59039500,1612138601429,True,True
344785,12.70120000,21.15000000,268.63038000,1612138606858,False,True
344786,12.70260000,22.46000000,285.30039600,1612138607783,False,True
344787,12.71150000,10.00000000,127.11500000,1612138607964,False,True
344788,12.70650000,24.94000000,316.90011000,1612138615878,False,True
344789,12.66470000,1.15000000,14.56440500,1612138628104,True,True
344790,12.65150000,12.23000000,154.72784500,1612138628104,True,True
344791,12.65050000,1.70000000,21.50585000,1612138633146,True,True
344792,12.64990000,17.60000000,222.63824000,1612138633146,True,True
344793,12.71180000,19.87000000,252.58346600,1612138638771,False,True
344794,12.71180000,3.36000000,42.71164800,1612138638786,False,True
344795,12.71190000,16.51000000,209.87346900,1612138638786,False,True
344796,12.71190000,3.36000000,42.71198400,1612138638791,False,True
344797,12.65300000,3.51000000,44.41203000,1612138656840,False,True
344798,12.64990000,0.02000000,0.25299800,1612138660122,True,True
344799,12.64210000,1.16000000,14.66483600,1612138664709,True,True
344800,12.69030000,1.16000000,14.72074800,1612138688880,False,True
344801,12.71280000,3.24000000,41.18947200,1612138695307,False,True
344802,12.69040000,0.79000000,10.02541600,1612138711412,True,True
344803,12.69030000,0.23000000,2.91876900,1612138711412,True,True
344804,12.69030000,4.33000000,54.94899900,1612138711540,True,True
344805,12.71300000,1.15000000,14.61995000,1612138731408,False,True
344806,12.73560000,0.79000000,10.06112400,1612138777281,False,True
344807,12.73570000,1.15000000,14.64605500,1612138784241,False,True
344808,12.75800000,13.48000000,171.97784000,1612138793122,False,True
344809,12.75850000,1.15000000,14.67227500,1612138793186,False,True
344810,12.78130000,1.15000000,14.69849500,1612138793317,False,True
344811,12.79340000,23.18000000,296.55101200,1612138793996,True,True
344812,12.80420000,1.15000000,14.72483000,1612138795387,False,True
344813,12.79150000,23.12000000,295.73948000,1612138798146,True,True
344814,12.76400000,15.82000000,201.92648000,1612138848488,True,True
344815,12.76400000,2.99000000,38.16436000,1612138848499,True,True
344816,12.76400000,5.54000000,70.71256000,1612138848499,True,True
344817,12.75550000,1.15000000,14.66882500,1612138848511,True,True
344818,12.75840000,3.96000000,50.52326400,1612138848719,True,True
344819,12.73280000,14.90000000,189.71872000,1612138851311,True,True
344820,12.73270000,1.15000000,14.64260500,1612138851311,True,True
344821,12.72340000,17.19000000,218.71524600,1612138851311,True,True
344822,12.72340000,4.00000000,50.89360000,1612138851340,True,True
344823,12.72610000,4.24000000,53.95866400,1612138851535,True,True
344824,12.72600000,20.94000000,266.48244000,1612138851546,True,True
344825,12.71690000,9.87000000,125.51580300,1612138854066,True,True
344826,12.71690000,10.23000000,130.09388700,1612138854182,True,True
344827,12.71000000,1.15000000,14.61650000,1612138922549,True,True
344828,12.68750000,2.01000000,25.50187500,1612138945132,True,True
344829,12.68730000,1.15000000,14.59039500,1612138945317,True,True
344830,12.71060000,19.41000000,246.71274600,1612138979162,False,True
344831,12.66510000,23.62000000,299.14966200,1612139052676,True,True
344832,12.66470000,1.15000000,14.56440500,1612139052778,True,True
344833,12.64250000,0.84000000,10.61970000,1612139053932,True,True
344834,12.66320000,23.60000000,298.85152000,1612139092541,False,True
344835,12.65000000,14.30000000,180.89500000,1612139103502,True,True
344836,12.64250000,5.22000000,65.99385000,1612139103502,True,True
344837,12.64210000,1.16000000,14.66483600,1612139103502,True,True
344838,12.63750000,14.62000000,184.76025000,1612139103502,True,True
344839,12.61950000,1.16000000,14.63862000,1612139113229,True,True
344840,12.62790000,23.95000000,302.43820500,1612139115794,False,True
344841,12.61000000,10.00000000,126.10000000,1612139130146,True,True
344842,12.60010000,23.23000000,292.70032300,1612139132647,True,True
344843,12.60000000,69.31000000,873.30600000,1612139132686,True,True
344844,12.59740000,0.84000000,10.58181600,1612139132721,True,True
344845,12.59700000,1.16000000,14.61252000,1612139132755,True,True
344846,12.59500000,0.80000000,10.07600000,1612139132776,True,True
344847,12.57700000,2.10000000,26.41170000,1612139132839,True,True
344848,12.57710000,9.93000000,124.89060300,1612139132893,False,True
344849,12.59750000,19.56000000,246.40710000,1612139133929,False,True
344850,12.60340000,20.09000000,253.20230600,1612139135164,False,True
344851,12.60800000,3.70000000,46.64960000,1612139147436,False,True
344852,12.60800000,0.54000000,6.80832000,1612139148249,False,True
344853,12.60800000,3.96000000,49.92768000,1612139148249,False,True
344854,12.60810000,20.10000000,253.42281000,1612139148249,False,True
344855,12.57930000,19.33000000,243.15786900,1612139212057,True,True
344856,12.57700000,23.23000000,292.16371000,1612139212087,True,True
344857,12.57750000,18.94000000,238.21785000,1612139212311,False,True
344858,12.57700000,20.79000000,261.47583000,1612139212405,False,True
344859,12.57690000,3.43000000,43.13876700,1612139212417,True,True
344860,12.57700000,2.83000000,35.59291000,1612139212434,False,True
344861,12.57450000,1.16000000,14.58642000,1612139212471,True,True
344862,12.58890000,20.55000000,258.70189500,1612139213254,False,True
344863,12.62250000,1.16000000,14.64210000,1612139240217,False,True
344864,12.64510000,1.16000000,14.66831600,1612139247848,False,True
344865,12.64510000,30.54000000,386.18135400,1612139247848,False,True
344866,12.66770000,1.16000000,14.69453200,1612139249556,False,True
344867,12.68990000,79.70000000,1011.38503000,1612139257999,False,True
344868,12.69030000,1.16000000,14.72074800,1612139258037,False,True
344869,12.70250000,24.98000000,317.30845000,1612139274587,True,True
344870,12.69260000,10.00000000,126.92600000,1612139275755,True,True
344871,12.69260000,8.84000000,112.20258400,1612139275759,True,True
344872,12.68960000,23.23000000,294.77940800,1612139275771,True,True
344873,12.70610000,20.45000000,259.83974500,1612139315211,True,True
344874,12.69980000,19.18000000,243.58216400,1612139321899,True,True
344875,12.68710000,19.05000000,241.68925500,1612139346711,True,True
344876,12.66520000,1.57000000,19.88436400,1612139355301,True,True
344877,12.69060000,23.23000000,294.80263800,1612139355556,False,True
344878,12.69070000,20.86000000,264.72800200,1612139355556,False,True
344879,12.69980000,17.29000000,219.57954200,1612139355619,True,True
344880,12.69370000,1.00000000,12.69370000,1612139446123,False,True
344881,12.69370000,1.12000000,14.21694400,1612139446161,False,True
344882,12.64210000,1.16000000,14.66483600,1612139497682,True,True
344883,12.62050000,15.65000000,197.51082500,1612139501227,True,True
344884,12.62050000,10.00000000,126.20500000,1612139501227,True,True
344885,12.62050000,79.88000000,1008.12554000,1612139501236,True,True
344886,12.63280000,18.84000000,238.00195200,1612139510984,False,True
344887,12.62420000,19.92000000,251.47406400,1612139517331,True,True
344888,12.61960000,23.23000000,293.15330800,1612139517331,True,True
344889,12.61950000,1.16000000,14.63862000,1612139517331,True,True
344890,12.59700000,1.16000000,14.61252000,1612139517331,True,True
344891,12.57450000,1.16000000,14.58642000,1612139517331,True,True
344892,12.57140000,1.00000000,12.57140000,1612139517331,True,True
344893,12.56300000,1.11000000,13.94493000,1612139517331,True,True
344894,12.55210000,1.16000000,14.56043600,1612139517331,True,True
344895,12.54880000,11.43000000,143.43278400,1612139517331,True,True
344896,12.61800000,1.16000000,14.63688000,1612139521423,True,True
344897,12.62250000,1.16000000,14.64210000,1612139521736,False,True
344898,12.61790000,23.49000000,296.39447100,1612139528730,True,True
344899,12.64510000,1.16000000,14.66831600,1612139533831,False,True
344900,12.65050000,24.63000000,311.58181500,1612139533831,False,True
344901,12.66770000,1.16000000,14.69453200,1612139551753,False,True
344902,12.69030000,1.16000000,14.72074800,1612139560859,False,True
344903,12.69370000,7.58000000,96.21824600,1612139572634,False,True
344904,12.69090000,19.65000000,249.37618500,1612139593321,True,True
344905,12.71300000,1.15000000,14.61995000,1612139607217,False,True
344906,12.70090000,6.54000000,83.06388600,1612139655868,True,True
344907,12.70090000,15.28000000,194.06975200,1612139655875,True,True
344908,12.72630000,69.31000000,882.05985300,1612139819578,False,True
344909,12.73570000,1.15000000,14.64605500,1612139826673,False,True
344910,12.75850000,1.15000000,14.67227500,1612139832827,False,True
344911,12.76400000,2.62000000,33.44168000,1612139832987,False,True
344912,12.76190000,22.73000000,290.07798700,1612139967078,False,True
344913,12.76400000,37.79000000,482.35156000,1612139967085,True,True
344914,12.76400000,0.01000000,0.12764000,1612139967087,True,True
344915,12.72310000,3.90000000,49.62009000,1612139967103,True,True
344916,12.74000000,15.00000000,191.10000000,1612140027595,False,True
344917,12.72310000,329.31000000,4189.84406100,1612140055750,False,True
344918,12.71480000,68.69000000,873.37961200,1612140127184,True,True
344919,12.71480000,20.00000000,254.29600000,1612140127204,True,True
344920,12.71480000,65.10000000,827.73348000,1612140127221,True,True
344921,12.71480000,64.08000000,814.76438400,1612140127732,True,True
344922,12.71480000,18.00000000,228.86640000,1612140141678,True,True
344923,12.71480000,4.33000000,55.05508400,1612140167707,True,True
344924,12.71480000,63.41000000,806.24546800,1612140189919,True,True
344925,12.72210000,2.42000000,30.78748200,1612140194317,False,True
344926,12.71480000,434.65000000,5526.48782000,1612140274786,True,True
344927,12.71480000,68.79000000,874.65109200,1612140274788,True,True
344928,12.71480000,7.86000000,99.93832800,1612140274788,True,True
344929,12.71000000,1.15000000,14.61650000,1612140274789,True,True
344930,12.69730000,22.78000000,289.24449400,1612140274858,True,True
344931,12.68730000,1.15000000,14.59039500,1612140275390,True,True
344932,12.69010000,60.00000000,761.40600000,1612140317862,False,True
344933,12.69010000,41.12000000,521.81691200,1612140317862,False,True
344934,12.69010000,24.80000000,314.71448000,1612140366466,True,True
344935,12.69010000,34.85000000,442.24998500,1612140366479,True,True
344936,12.66500000,0.79000000,10.00535000,1612140371856,True,True
344937,12.66470000,1.15000000,14.56440500,1612140371861,True,True
344938,12.66180000,19.23000000,243.48641400,1612140371861,True,True
344939,12.65910000,22.70000000,287.36157000,1612140372095,True,True
344940,12.64210000,1.16000000,14.66483600,1612140372502,True,True
344941,12.61950000,1.16000000,14.63862000,1612140372869,True,True
344942,12.60590000,14.12000000,177.99530800,1612140372869,True,True
344943,12.60000000,69.31000000,873.30600000,1612140372869,True,True
344944,12.59910000,5.41000000,68.16113100,1612140372869,True,True
344945,12.60160000,23.23000000,292.73516800,1612140379821,True,True
344946,12.59910000,18.79000000,236.73708900,1612140379832,True,True
344947,12.59700000,1.16000000,14.61252000,1612140379832,True,True
344948,12.60910000,19.13000000,241.21208300,1612140385741,False,True
344949,12.61500000,21.34000000,269.20410000,1612140385842,False,True
344950,12.62620000,22.60000000,285.35212000,1612140385919,False,True
344951,12.63330000,1.16000000,14.65462800,1612140385980,False,True
344952,12.63330000,22.06000000,278.69059800,1612140385992,False,True
344953,12.64510000,1.16000000,14.66831600,1612140387934,False,True
344954,12.66280000,0.79000000,10.00361200,1612140388796,False,True
344955,12.64410000,1.43000000,18.08106300,1612140426379,False,True
344956,12.64420000,19.30000000,244.03306000,1612140469292,False,True
344957,12.64420000,82.06000000,1037.58305200,1612140469292,False,True
344958,12.64420000,19.30000000,244.03306000,1612140469334,False,True
344959,12.64420000,0.07000000,0.88509400,1612140469384,False,True
344960,12.66770000,1.16000000,14.69453200,1612140470828,False,True
344961,12.67870000,24.32000000,308.34598400,1612140470847,False,True
344962,12.69030000,1.02000000,12.94410600,1612140471768,False,True
344963,12.69030000,0.14000000,1.77664200,1612140472321,False,True
344964,12.69440000,1.71000000,21.70742400,1612140473921,False,True
344965,12.71300000,1.15000000,14.61995000,1612140483150,False,True
344966,12.71480000,1.90000000,24.15812000,1612140484095,False,True
344967,12.71480000,0.08000000,1.01718400,1612140487024,False,True
344968,12.71710000,1.80000000,22.89078000,1612140487084,False,True
344969,12.71030000,5.87000000,74.60946100,1612140487405,True,True
344970,12.70800000,10.22000000,129.87576000,1612140489569,True,True
344971,12.69690000,0.79000000,10.03055100,1612140609121,True,True
344972,12.66470000,1.15000000,14.56440500,1612140627247,True,True
344973,12.66530000,0.79000000,10.00558700,1612140726001,False,True
344974,12.66560000,24.91000000,315.50009600,1612140726033,False,True
344975,12.66560000,8.30000000,105.12448000,1612140726063,False,True
344976,12.66560000,10.20000000,129.18912000,1612140726114,False,True
344977,12.66560000,21.80000000,276.11008000,1612140726625,False,True
344978,12.66560000,0.08000000,1.01324800,1612140727749,False,True
344979,12.68670000,0.79000000,10.02249300,1612141103271,True,True
344980,12.68660000,0.64000000,8.11942400,1612141103271,True,True
344981,12.68660000,21.89000000,277.70967400,1612141107502,True,True
344982,12.66560000,6.31000000,79.91993600,1612141368612,True,True
344983,12.66560000,40.72000000,515.74323200,1612141368612,True,True
344984,12.66560000,5.81000000,73.58713600,1612141368612,True,True
344985,12.66840000,19.50000000,247.03380000,1612141415275,False,True
344986,12.66560000,2.65000000,33.56384000,1612141561518,True,True
344987,12.64230000,5.31000000,67.13061300,1612141571172,True,True
344988,12.67610000,0.79000000,10.01411900,1612141620061,False,True
344989,12.71300000,1.15000000,14.61995000,1612141691099,False,True
344990,12.72630000,69.31000000,882.05985300,1612141713376,False,True
344991,12.73570000,1.15000000,14.64605500,1612141732297,False,True
344992,12.75850000,1.15000000,14.67227500,1612141801304,False,True
344993,12.75860000,1.89000000,24.11375400,1612141801304,False,True
344994,12.77480000,0.87000000,11.11407600,1612141801304,False,True
344995,12.77470000,23.23000000,296.75628100,1612141816066,False,True
344996,12.77480000,440.65000000,5629.21562000,1612141816073,True,True
344997,12.77480000,121.99000000,1558.39785200,1612141816074,True,True
344998,12.78130000,1.15000000,14.69849500,1612141869689,False,True
344999,12.80420000,1.15000000,14.72483000,1612141889132,False,True
345000,12.81120000,13.99000000,179.22868800,1612141889134,False,True
345001,12.81120000,0.91000000,11.65819200,1612141889143,False,True
345002,12.81250000,1.98000000,25.36875000,1612141889149,False,True
345003,12.82320000,19.99000000,256.33576800,1612141889149,False,True
345004,12.82670000,61.12000000,783.96790400,1612141889149,False,True
345005,12.82710000,1.14000000,14.62289400,1612141889149,False,True
345006,12.84320000,64.52000000,828.64326400,1612141889149,False,True
345007,12.85000000,1.14000000,14.64900000,1612141889149,False,True
345008,12.85260000,69.31000000,890.81370600,1612141889149,False,True
345009,12.85710000,1.00000000,12.85710000,1612141889169,False,True
345010,12.85920000,81.16000000,1043.65267200,1612141889169,False,True
345011,12.87300000,1.14000000,14.67522000,1612141889169,False,True
345012,12.87660000,2.08000000,26.78332800,1612141889169,False,True
345013,12.87660000,43.82000000,564.25261200,1612141889169,False,True
345014,12.87660000,9.63000000,124.00165800,1612141889171,False,True
345015,12.87660000,113.60000000,1462.78176000,1612141889192,False,True
345016,12.87660000,832.95000000,10725.56397000,1612141889201,False,True
345017,12.87230000,21.50000000,276.75445000,1612141889399,False,True
345018,12.89090000,21.14000000,272.51362600,1612141889473,False,True
345019,12.89590000,102.10000000,1316.67139000,1612141889491,False,True
345020,12.89600000,1.14000000,14.70144000,1612141889508,False,True
345021,12.91050000,19.04000000,245.81592000,1612141889664,False,True
345022,12.91910000,1.14000000,14.72777400,1612141889706,False,True
345023,12.92240000,21.15000000,273.30876000,1612141889960,False,True
345024,12.94000000,20.67000000,267.46980000,1612141890304,False,True
345025,12.94220000,1.13000000,14.62468600,1612141890378,False,True
345026,12.94510000,24.40000000,315.86044000,1612141890422,False,True
345027,12.94970000,1.65000000,21.36700500,1612141891121,False,True
345028,12.94980000,2.19000000,28.36006200,1612141891136,False,True
345029,12.96530000,19.80000000,256.71294000,1612141892175,False,True
345030,12.96540000,1.13000000,14.65090200,1612141892196,False,True
345031,12.97390000,81.54000000,1057.89180600,1612141893938,False,True
345032,12.97890000,11.41000000,148.08924900,1612141894668,False,True
345033,12.97890000,50.53000000,655.82381700,1612141894669,False,True
345034,12.98860000,1.13000000,14.67711800,1612141895149,False,True
345035,12.99390000,57.67000000,749.35821300,1612141895151,False,True
345036,12.99600000,23.00000000,298.90800000,1612141895151,False,True
345037,13.01180000,1.13000000,14.70333400,1612141896973,False,True
345038,13.01030000,20.72000000,269.57341600,1612141897420,True,True
345039,13.01110000,20.72000000,269.58999200,1612141897484,True,True
345040,13.00980000,24.00000000,312.23520000,1612141897590,True,True
345041,13.00330000,20.55000000,267.21781500,1612141897654,True,True
345042,12.99360000,7.58000000,98.49148800,1612141897836,True,True
345043,12.99360000,12.07000000,156.83275200,1612141897838,True,True
345044,12.98810000,19.60000000,254.56676000,1612141910208,True,True
345045,12.97800000,10.00000000,129.78000000,1612141910376,True,True
345046,12.97800000,2.31000000,29.97918000,1612141910388,True,True
345047,12.97300000,20.06000000,260.23838000,1612141910561,True,True
345048,12.96230000,1.13000000,14.64739900,1612141913297,True,True
345049,12.95810000,18.84000000,244.13060400,1612141913340,True,True
345050,13.01180000,1.13000000,14.70333400,1612141922713,False,True
345051,13.01790000,4.66000000,60.66341400,1612141923674,False,True
345052,13.00650000,12.37000000,160.89040500,1612141925143,True,True
345053,12.99500000,22.46000000,291.86770000,1612141925244,True,True
345054,13.03110000,23.23000000,302.71245300,1612141925549,False,True
345055,13.03120000,2.29000000,29.84144800,1612141925550,False,True
345056,13.03500000,1.13000000,14.72955000,1612141925592,False,True
345057,13.00780000,7.68000000,99.89990400,1612141925604,False,True
345058,13.00780000,7.67000000,99.76982600,1612141925605,False,True
345059,13.00780000,5.56000000,72.32336800,1612141925605,False,True
345060,13.04030000,1.12000000,14.60513600,1612141925697,False,True
345061,13.04030000,19.89000000,259.37156700,1612141925718,False,True
345062,13.05830000,1.12000000,14.62529600,1612141925758,False,True
345063,13.05970000,20.62000000,269.29101400,1612141925874,False,True
345064,13.06990000,20.32000000,265.58036800,1612141926095,False,True
345065,13.08170000,1.12000000,14.65150400,1612141926133,False,True
345066,13.07780000,20.65000000,270.05657000,1612141926297,False,True
345067,13.08860000,23.94000000,313.34108400,1612141926450,False,True
345068,13.08990000,12.68000000,165.97993200,1612141928135,False,True
345069,13.10510000,1.12000000,14.67771200,1612141928187,False,True
345070,13.10520000,69.31000000,908.32141200,1612141928193,False,True
345071,13.11010000,20.40000000,267.44604000,1612141928205,False,True
345072,13.12020000,2.41000000,31.61968200,1612141928205,False,True
345073,13.12170000,6.50000000,85.29105000,1612141928205,False,True
345074,13.12850000,1.12000000,14.70392000,1612141928205,False,True
345075,13.14280000,1.00000000,13.14280000,1612141928205,False,True
345076,13.15200000,1.12000000,14.73024000,1612141928205,False,True
345077,13.10820000,22.13000000,290.08446600,1612141928325,False,True
345078,13.11540000,23.64000000,310.04805600,1612141928383,False,True
345079,13.11960000,23.69000000,310.80332400,1612141928517,False,True
345080,13.13510000,21.38000000,280.82843800,1612141928889,False,True
345081,13.14290000,21.46000000,282.04663400,1612141929150,False,True
345082,13.14890000,23.23000000,305.44894700,1612141931287,False,True
345083,13.14900000,21.15000000,278.10135000,1612141931287,False,True
345084,13.15420000,21.69000000,285.31459800,1612141932144,False,True
345085,13.16200000,19.64000000,258.50168000,1612141932769,False,True
345086,13.16460000,20.56000000,270.66417600,1612141934130,False,True
345087,13.17540000,23.23000000,306.06454200,1612141934223,False,True
345088,13.17550000,1.11000000,14.62480500,1612141934227,False,True
345089,13.17190000,23.23000000,305.98323700,1612141934293,False,True
345090,13.17190000,1.70000000,22.39223000,1612141934294,False,True
345091,13.13830000,15.32000000,201.27875600,1612141936941,True,True
345092,13.10230000,15.69000000,205.57508700,1612141937310,True,True
345093,13.10200000,1.12000000,14.67424000,1612141937325,True,True
345094,13.08310000,22.09000000,289.00567900,1612141937368,True,True
345095,13.07860000,1.12000000,14.64803200,1612141938225,True,True
345096,13.11700000,1.11000000,14.55987000,1612141938855,False,True
345097,13.10620000,1.65000000,21.62523000,1612142006814,False,True
345098,13.10640000,15.32000000,200.79004800,1612142006852,False,True
345099,13.10640000,15.69000000,205.63941600,1612142006852,False,True
345100,13.10660000,23.45000000,307.34977000,1612142006852,False,True
345101,13.12850000,1.12000000,14.70392000,1612142006889,False,True
345102,13.14980000,81.61000000,1073.15517800,1612142006990,False,True
345103,13.15200000,1.12000000,14.73024000,1612142006990,False,True
345104,13.17540000,83.80000000,1104.09852000,1612142007067,False,True
345105,13.17550000,1.11000000,14.62480500,1612142007585,False,True
345106,13.18680000,19.40000000,255.82392000,1612142007585,False,True
345107,13.19910000,1.11000000,14.65100100,1612142007585,False,True
345108,13.19200000,24.26000000,320.03792000,1612142009841,False,True
345109,13.20000000,1.57000000,20.72400000,1612142009859,False,True
345110,13.21620000,33.19000000,438.64567800,1612142009859,False,True
345111,13.21650000,2.53000000,33.43774500,1612142009859,False,True
345112,13.22270000,1.11000000,14.67719700,1612142009859,False,True
345113,13.22620000,2.25000000,29.75895000,1612142009859,False,True
345114,13.22620000,2.25000000,29.75895000,1612142009859,False,True
345115,13.23150000,67.18000000,888.89217000,1612142009859,False,True
345116,13.20280000,20.68000000,273.03390400,1612142009918,False,True
345117,13.17240000,1.11000000,14.62136400,1612142021657,True,True
345118,13.21300000,0.77000000,10.17401000,1612142051264,True,True
345119,13.22250000,1.65000000,21.81712500,1612142083143,False,True
345120,13.22270000,1.11000000,14.67719700,1612142083152,False,True
345121,13.23150000,2.13000000,28.18309500,1612142083163,False,True
345122,13.23950000,0.77000000,10.19441500,1612142083172,False,True
345123,13.24350000,18.94000000,250.83189000,1612142083203,False,True
345124,13.24640000,1.11000000,14.70350400,1612142083218,False,True
345125,13.26960000,41.89000000,555.86354400,1612142083231,False,True
345126,13.27000000,1.11000000,14.72970000,1612142083240,False,True
345127,13.25440000,24.31000000,322.21446400,1612142083342,False,True
345128,13.29370000,1.10000000,14.62307000,1612142083391,False,True
345129,13.31690000,33.19000000,441.98791100,1612142083689,False,True
345130,13.31750000,1.10000000,14.64925000,1612142083718,False,True
345131,13.31990000,2.66000000,35.43093400,1612142083728,False,True
345132,13.32160000,16.73000000,222.87036800,1612142084124,False,True
345133,13.32160000,5.10000000,67.94016000,1612142084134,False,True
345134,13.32620000,19.27000000,256.79587400,1612142084731,False,True
345135,13.34130000,1.10000000,14.67543000,1612142084746,False,True
345136,13.35780000,69.31000000,925.82911800,1612142084749,False,True
345137,13.36520000,1.10000000,14.70172000,1612142084749,False,True
345138,13.38910000,1.10000000,14.72801000,1612142084749,False,True
345139,13.39330000,7.74000000,103.66414200,1612142084749,False,True
345140,13.41310000,3.38000000,45.33627800,1612142084769,False,True
345141,13.41310000,1.09000000,14.62027900,1612142084769,False,True
345142,13.41360000,103.04000000,1382.13734400,1612142084779,False,True
345143,13.33050000,24.62000000,328.19691000,1612142084843,False,True
345144,13.35320000,23.41000000,312.59841200,1612142084954,False,True
345145,13.36020000,21.91000000,292.72198200,1612142085132,False,True
345146,13.39230000,22.47000000,300.92498100,1612142087336,False,True
345147,13.36210000,1.09000000,14.56468900,1612142092814,True,True
345148,13.33820000,1.10000000,14.67202000,1612142095209,True,True
345149,13.31440000,1.10000000,14.64584000,1612142095444,True,True
345150,13.29060000,1.10000000,14.61966000,1612142201199,True,True
345151,13.29060000,0.78000000,10.36666800,1612142201199,True,True
345152,13.30240000,8.20000000,109.07968000,1612142206424,True,True
345153,13.34130000,1.10000000,14.67543000,1612142215765,False,True
345154,13.36520000,1.10000000,14.70172000,1612142220716,False,True
345155,13.38680000,14.72000000,197.05369600,1612142221497,True,True
345156,13.38900000,36.67000000,490.97463000,1612142222800,False,True
345157,13.38900000,70.00000000,937.23000000,1612142222805,False,True
345158,13.38900000,107.60000000,1440.65640000,1612142222809,False,True
345159,13.38900000,170.93000000,2288.58177000,1612142222812,False,True
345160,13.38910000,1.10000000,14.72801000,1612142222820,False,True
345161,13.34130000,49.18000000,656.12513400,1612142226449,False,True
345162,13.41300000,1.72000000,23.07036000,1612142234032,False,True
345163,13.38360000,0.78000000,10.43920800,1612142236393,False,True
345164,13.40150000,10.48000000,140.44772000,1612142236789,True,True
345165,13.41310000,1.09000000,14.62027900,1612142240919,False,True
345166,13.42850000,1.00000000,13.42850000,1612142241263,False,True
345167,13.41300000,3.25000000,43.59225000,1612142241275,True,True
345168,13.42610000,9.33000000,125.26551300,1612142241647,True,True
345169,13.36210000,1.09000000,14.56468900,1612142254626,True,True
345170,13.35690000,4.64000000,61.97601600,1612142254626,True,True
345171,13.35690000,4.56000000,60.90746400,1612142268442,False,True
345172,13.35230000,3.23000000,43.12792900,1612142274342,True,True
345173,13.35220000,23.23000000,310.17160600,1612142274342,True,True
345174,13.35210000,74.90000000,1000.07229000,1612142274342,True,True
345175,13.35170000,43.41000000,579.59729700,1612142274342,True,True
345176,13.35170000,38.27000000,510.96955900,1612142274342,True,True
345177,13.35130000,92.51000000,1235.12876300,1612142274342,True,True
345178,13.33820000,1.10000000,14.67202000,1612142274343,True,True
345179,13.32710000,8.65000000,115.27941500,1612142274343,True,True
345180,13.32710000,4.34000000,57.83961400,1612142274362,True,True
345181,13.32710000,8.65000000,115.27941500,1612142274369,True,True
345182,13.31440000,1.10000000,14.64584000,1612142274371,True,True
345183,13.29090000,107.97000000,1435.01847300,1612142274371,True,True
345184,13.29090000,499.80000000,6642.79182000,1612142274371,True,True
345185,13.29090000,3.23000000,42.92960700,1612142274372,True,True
345186,13.29090000,140.00000000,1860.72600000,1612142274376,True,True
345187,13.29090000,12.99000000,172.64879100,1612142274388,True,True
345188,13.29090000,71.43000000,949.36898700,1612142274388,True,True
345189,13.29090000,164.58000000,2187.41632200,1612142274400,True,True
345190,13.29060000,1.10000000,14.61966000,1612142274423,True,True
345191,13.26710000,22.22000000,294.79496200,1612142274423,True,True
345192,13.26700000,102.10000000,1354.56070000,1612142274423,True,True
345193,13.26690000,1.10000000,14.59359000,1612142274423,True,True
345194,13.24320000,1.10000000,14.56752000,1612142274423,True,True
345195,13.24310000,6.06000000,80.25318600,1612142274423,True,True
345196,13.29100000,33.72000000,448.17252000,1612142274466,True,True
345197,13.29090000,7.53000000,100.08047700,1612142274469,True,True
345198,13.29090000,1.10000000,14.61999000,1612142274476,True,True
345199,13.29090000,25.44000000,338.12049600,1612142274516,True,True
345200,13.24310000,1.41000000,18.67277100,1612142274531,True,True
345201,13.24310000,25.13000000,332.79910300,1612142274531,True,True
345202,13.23160000,25.44000000,336.61190400,1612142274570,True,True
345203,13.25900000,19.58000000,259.61122000,1612142274680,True,True
345204,13.23160000,33.21000000,439.42143600,1612142274991,True,True
345205,13.23150000,66.79000000,883.73188500,1612142274991,True,True
345206,13.23150000,2.52000000,33.34338000,1612142275061,True,True
345207,13.21960000,1.11000000,14.67375600,1612142275107,True,True
345208,13.20110000,130.58000000,1723.79963800,1612142275124,True,True
345209,13.19600000,1.11000000,14.64756000,1612142275136,True,True
345210,13.17450000,20.82000000,274.29309000,1612142275309,True,True
345211,13.17240000,1.11000000,14.62136400,1612142275322,True,True
345212,13.16360000,21.82000000,287.22975200,1612142275364,True,True
345213,13.14890000,1.11000000,14.59527900,1612142275456,True,True
345214,13.15510000,24.07000000,316.64325700,1612142275630,True,True
345215,13.14280000,1.00000000,13.14280000,1612142275893,True,True
345216,13.12540000,1.11000000,14.56919400,1612142276136,True,True
345217,13.11180000,1.42000000,18.61875600,1612142276594,True,True
345218,13.10530000,36.68000000,480.70240400,1612142276620,True,True
345219,13.10520000,69.31000000,908.32141200,1612142276635,True,True
345220,13.10270000,6.10000000,79.92647000,1612142276742,True,True
345221,13.10200000,1.12000000,14.67424000,1612142276781,True,True
345222,13.07860000,1.12000000,14.64803200,1612142276859,True,True
345223,13.05530000,1.12000000,14.62193600,1612142277454,True,True
345224,13.03200000,1.12000000,14.59584000,1612142277650,True,True
345225,13.00870000,1.12000000,14.56974400,1612142277663,True,True
345226,13.06870000,43.09000000,563.13028300,1612142277751,True,True
345227,12.99660000,23.23000000,301.91101800,1612142277751,True,True
345228,12.99660000,9.66000000,125.54715600,1612142277751,True,True
345229,12.99650000,24.16000000,313.99544000,1612142277751,True,True
345230,12.99650000,61.93000000,804.87324500,1612142277751,True,True
345231,12.98550000,1.13000000,14.67361500,1612142277751,True,True
345232,12.98400000,31.80000000,412.89120000,1612142277751,True,True
345233,13.04830000,16.50000000,215.29695000,1612142277816,False,True
345234,12.98400000,70.30000000,912.77520000,1612142277903,True,True
345235,12.98220000,24.49000000,317.93407800,1612142277915,True,True
345236,12.97890000,1.20000000,15.57468000,1612142277927,True,True
345237,12.97890000,68.11000000,883.99287900,1612142277930,True,True
345238,12.96770000,22.04000000,285.80810800,1612142278162,True,True
345239,12.96230000,1.13000000,14.64739900,1612142278193,True,True
345240,12.93920000,1.13000000,14.62129600,1612142278193,True,True
345241,12.91610000,1.13000000,14.59519300,1612142278193,True,True
345242,12.91180000,496.61000000,6412.12899800,1612142278193,True,True
345243,12.91180000,320.39000000,4136.81160200,1612142278261,True,True
345244,12.91150000,0.78000000,10.07097000,1612142278261,True,True
345245,12.91150000,0.76000000,9.81274000,1612142278261,True,True
345246,12.89310000,1000.00000000,12893.10000000,1612142278261,True,True
345247,12.95760000,7.64000000,98.99606400,1612142278290,True,True
345248,12.95760000,16.52000000,214.05955200,1612142278291,True,True
345249,12.89310000,23.23000000,299.50671300,1612142278298,True,True
345250,12.89300000,0.93000000,11.99049000,1612142278298,True,True
345251,12.95560000,1.50000000,19.43340000,1612142278326,False,True
345252,12.95550000,22.79000000,295.25584500,1612142278482,True,True
345253,12.94810000,23.23000000,300.78436300,1612142278612,True,True
345254,12.94810000,0.78000000,10.09951800,1612142278613,True,True
345255,12.91210000,22.45000000,289.87664500,1612142278613,True,True
345256,12.91210000,0.78000000,10.07143800,1612142278613,True,True
345257,12.91200000,102.10000000,1318.31520000,1612142278659,True,True
345258,12.94780000,22.49000000,291.19602200,1612142278892,True,True
345259,12.89300000,0.20000000,2.57860000,1612142278941,True,True
345260,13.05820000,23.23000000,303.34198600,1612142282887,False,True
345261,13.05830000,1.12000000,14.62529600,1612142282897,False,True
345262,13.03500000,1.13000000,14.72955000,1612142283063,False,True
345263,13.07930000,1.65000000,21.58084500,1612142283066,False,True
345264,13.07930000,3.23000000,42.24613900,1612142283066,False,True
345265,13.07940000,33.21000000,434.36687400,1612142283087,False,True
345266,13.07940000,25.65000000,335.48661000,1612142283087,False,True
345267,13.07950000,33.72000000,441.04074000,1612142283108,False,True
345268,13.07950000,7.53000000,98.48863500,1612142283108,False,True
345269,13.07950000,1.10000000,14.38745000,1612142283108,False,True
345270,13.07950000,18.88000000,246.94096000,1612142283108,False,True
345271,13.07950000,6.56000000,85.80152000,1612142283114,False,True
345272,13.08170000,1.12000000,14.65150400,1612142283131,False,True
345273,13.01710000,1.13000000,14.70932300,1612142283506,True,True
345274,13.01710000,1.13000000,14.70932300,1612142283810,True,True
345275,13.01710000,1.13000000,14.70932300,1612142284232,True,True
345276,13.01980000,1.13000000,14.71237400,1612142284403,True,True
345277,13.10510000,1.12000000,14.67771200,1612142287694,False,True
345278,13.10520000,69.31000000,908.32141200,1612142287715,False,True
345279,13.10560000,3.00000000,39.31680000,1612142287962,True,True
345280,13.12840000,23.23000000,304.97273200,1612142287973,False,True
345281,13.12850000,1.12000000,14.70392000,1612142287984,False,True
345282,13.13570000,1.65000000,21.67390500,1612142296608,False,True
345283,13.13580000,25.20000000,331.02216000,1612142296608,False,True
345284,13.11870000,8.38000000,109.93470600,1612142298165,True,True
345285,13.10860000,9.25000000,121.25455000,1612142302947,True,True
345286,13.07910000,0.90000000,11.77119000,1612142303893,True,True
345287,13.07900000,417.30000000,5457.86670000,1612142303893,True,True
345288,13.07860000,1.12000000,14.64803200,1612142303929,True,True
345289,13.05530000,1.12000000,14.62193600,1612142307201,True,True
345290,13.03200000,1.12000000,14.59584000,1612142307439,True,True
345291,13.05840000,8.09000000,105.64245600,1612142308055,True,True
345292,13.02310000,10.83000000,141.04017300,1612142313280,True,True
345293,13.00870000,1.12000000,14.56974400,1612142334373,True,True
345294,12.98550000,1.13000000,14.67361500,1612142352474,True,True
345295,12.97890000,15.88000000,206.10493200,1612142355257,True,True
345296,12.98550000,0.80000000,10.38840000,1612142358515,True,True
345297,12.97890000,24.89000000,323.04482100,1612142358515,True,True
345298,13.01350000,10.71000000,139.37458500,1612142363399,True,True
345299,13.00400000,12.31000000,160.07924000,1612142372011,True,True
345300,13.03280000,0.90000000,11.72952000,1612142376309,False,True
345301,13.03290000,1.65000000,21.50428500,1612142376325,False,True
345302,13.03460000,70.00000000,912.42200000,1612142376343,False,True
345303,13.03460000,32.10000000,418.41066000,1612142376350,False,True
345304,13.03500000,1.13000000,14.72955000,1612142376360,False,True
345305,13.05830000,1.12000000,14.62529600,1612142376996,False,True
345306,13.08120000,23.23000000,303.87627600,1612142379014,False,True
345307,13.08130000,72.54000000,948.91750200,1612142379014,False,True
345308,13.06930000,0.78000000,10.19405400,1612142380838,False,True
345309,13.06930000,0.76000000,9.93266800,1612142380838,False,True
345310,13.08140000,57.06000000,746.42468400,1612142380838,False,True
345311,13.08140000,45.00000000,588.66300000,1612142380845,False,True
345312,13.07640000,0.80000000,10.46112000,1612142384257,False,True
345313,13.08170000,1.12000000,14.65150400,1612142384471,False,True
345314,13.08280000,8.43000000,110.28800400,1612142387241,True,True
345315,13.10500000,14.54000000,190.54670000,1612142391316,False,True
345316,13.10510000,1.12000000,14.67771200,1612142393633,False,True
345317,13.09380000,23.23000000,304.16897400,1612142397090,True,True
345318,13.08700000,14.21000000,185.96627000,1612142411890,True,True
345319,13.12810000,1.38000000,18.11677800,1612142418844,False,True
345320,13.12810000,0.27000000,3.54458700,1612142419497,False,True
345321,13.12820000,0.50000000,6.56410000,1612142419497,False,True
345322,13.06570000,0.79000000,10.32190300,1612142450339,True,True
345323,13.06560000,2.76000000,36.06105600,1612142450352,True,True
345324,13.05530000,1.12000000,14.62193600,1612142450359,True,True
345325,13.03200000,1.12000000,14.59584000,1612142450419,True,True
345326,13.00870000,1.12000000,14.56974400,1612142459016,True,True
345327,12.98550000,1.13000000,14.67361500,1612142468405,True,True
345328,12.98030000,0.78000000,10.12463400,1612142468405,True,True
345329,12.97890000,28.49000000,369.76886100,1612142468405,True,True
345330,13.03500000,1.13000000,14.72955000,1612142484235,False,True
345331,13.05830000,0.83000000,10.83838900,1612142498038,False,True
345332,13.05830000,0.29000000,3.78690700,1612142498714,False,True
345333,13.06580000,2.00000000,26.13160000,1612142499841,False,True
345334,13.06580000,3.00000000,39.19740000,1612142499841,False,True
345335,13.08170000,1.12000000,14.65150400,1612142502015,False,True
345336,13.08480000,1.55000000,20.28144000,1612142502910,False,True
345337,13.07900000,10.94000000,143.08426000,1612142503409,True,True
345338,13.10510000,1.12000000,14.67771200,1612142504813,False,True
345339,13.12850000,1.12000000,14.70392000,1612142505850,False,True
345340,13.13790000,2.12000000,27.85234800,1612142508297,False,True
345341,13.15200000,1.12000000,14.73024000,1612142508297,False,True
345342,13.15710000,0.79000000,10.39410900,1612142508297,False,True
345343,13.17550000,1.11000000,14.62480500,1612142508297,False,True
345344,13.17150000,4.86000000,64.01349000,1612142516613,True,True
345345,13.15620000,10.00000000,131.56200000,1612142526639,True,True
345346,13.12540000,1.11000000,14.56919400,1612142534383,True,True
345347,13.10200000,1.12000000,14.67424000,1612142549275,True,True
345348,13.07860000,1.12000000,14.64803200,1612142549300,True,True
345349,13.05550000,134.55000000,1756.61752500,1612142549300,True,True
345350,13.05530000,1.12000000,14.62193600,1612142549300,True,True
345351,13.03740000,453.06000000,5906.72444400,1612142549300,True,True
345352,13.03200000,1.12000000,14.59584000,1612142549799,True,True
345353,13.02080000,1.80000000,23.43744000,1612142549854,True,True
345354,13.02080000,1.97000000,25.65097600,1612142550432,True,True
345355,13.02080000,0.25000000,3.25520000,1612142550442,True,True
345356,13.00870000,1.12000000,14.56974400,1612142550902,True,True
345357,13.01500000,9.83000000,127.93745000,1612142550929,True,True
345358,12.98560000,23.23000000,301.65548800,1612142551492,True,True
345359,12.98550000,1.07000000,13.89448500,1612142551492,True,True
345360,12.98550000,0.06000000,0.77913000,1612142551642,True,True
345361,12.97890000,0.05000000,0.64894500,1612142554649,True,True
345362,12.96250000,17.83000000,231.12137500,1612142555313,True,True
345363,12.96230000,1.07000000,13.86966100,1612142555313,True,True
345364,12.96230000,0.06000000,0.77773800,1612142555328,True,True
345365,12.93920000,1.13000000,14.62129600,1612142555542,True,True
345366,12.96250000,20.94000000,271.43475000,1612142556074,True,True
345367,12.91610000,1.13000000,14.59519300,1612142556121,True,True
345368,12.90020000,18.37000000,236.97667400,1612142556121,True,True
345369,12.89310000,23.23000000,299.50671300,1612142557616,True,True
345370,12.89300000,1.13000000,14.56909000,1612142558099,True,True
345371,12.95800000,0.78000000,10.10724000,1612142558113,False,True
345372,12.93920000,50.71000000,656.14683200,1612142558810,True,True
345373,12.91570000,14.30000000,184.69451000,1612142560979,True,True
345374,12.92340000,7.00000000,90.46380000,1612142560979,False,True
345375,12.94220000,1.13000000,14.62468600,1612142561257,False,True
345376,12.95820000,6.90000000,89.41158000,1612142561456,False,True
345377,12.96070000,7.20000000,93.31704000,1612142562346,False,True
345378,12.96540000,1.13000000,14.65090200,1612142562383,False,True
345379,12.92480000,1.26000000,16.28524800,1612142566854,True,True
345380,12.91610000,1.13000000,14.59519300,1612142567561,True,True
345381,12.94830000,13.30000000,172.21239000,1612142570965,True,True
345382,12.94830000,0.02000000,0.25896600,1612142571048,True,True
345383,12.96540000,1.13000000,14.65090200,1612142580257,False,True
345384,12.98860000,1.13000000,14.67711800,1612142580268,False,True
345385,12.99370000,0.78000000,10.13508600,1612142580268,False,True
345386,13.01160000,2.80000000,36.43248000,1612142580292,False,True
345387,13.01160000,213.67000000,2780.18857200,1612142580311,False,True
345388,13.01160000,32.22000000,419.23375200,1612142580311,False,True
345389,13.01180000,1.13000000,14.70333400,1612142580311,False,True
345390,13.03500000,1.13000000,14.72955000,1612142580320,False,True
345391,13.03740000,22.87000000,298.16533800,1612142580320,False,True
345392,13.03740000,24.00000000,312.89760000,1612142580323,False,True
345393,13.03750000,2.00000000,26.07500000,1612142580325,False,True
345394,13.03750000,3.00000000,39.11250000,1612142580325,False,True
345395,13.05830000,1.12000000,14.62529600,1612142580325,False,True
345396,13.08170000,1.12000000,14.65150400,1612142580325,False,True
345397,13.09130000,4.90000000,64.14737000,1612142580325,False,True
345398,13.09130000,66.33000000,868.34592900,1612142580328,False,True
345399,13.09120000,55.60000000,727.87072000,1612142581017,False,True
345400,13.09120000,20.00000000,261.82400000,1612142581025,False,True
345401,13.09120000,10.00000000,130.91200000,1612142581026,False,True
345402,13.09130000,30.87000000,404.12843100,1612142581042,False,True
345403,13.10210000,1.21000000,15.85354100,1612142581093,False,True
345404,13.10510000,1.12000000,14.67771200,1612142581093,False,True
345405,13.10520000,69.31000000,908.32141200,1612142581093,False,True
345406,13.12850000,1.12000000,14.70392000,1612142581093,False,True
345407,13.13780000,20.85000000,273.92313000,1612142581093,False,True
345408,13.07320000,3.51000000,45.88693200,1612142582668,True,True
345409,13.15170000,3.51000000,46.16246700,1612142583335,False,True
345410,13.15200000,1.12000000,14.73024000,1612142583335,False,True
345411,13.17550000,1.11000000,14.62480500,1612142583335,False,True
345412,13.17730000,20.15000000,265.52259500,1612142583335,False,True
345413,13.19660000,102.10000000,1347.37286000,1612142583335,False,True
345414,13.15170000,3.00000000,39.45510000,1612142583633,True,True
345415,13.17730000,1.65000000,21.74254500,1612142586339,False,True
345416,13.17730000,55.95000000,737.26993500,1612142586339,False,True
345417,13.17730000,9.54000000,125.71144200,1612142586339,False,True
345418,13.17740000,23.23000000,306.11100200,1612142586339,False,True
345419,13.17750000,0.79000000,10.41022500,1612142586339,False,True
345420,13.12540000,1.11000000,14.56919400,1612142588998,True,True
345421,13.10420000,3.22000000,42.19552400,1612142599271,True,True
345422,13.10410000,23.71000000,310.69821100,1612142599281,True,True
345423,13.10200000,1.12000000,14.67424000,1612142599300,True,True
345424,13.11190000,4.02000000,52.70983800,1612142613902,False,True
345425,13.15180000,0.77000000,10.12688600,1612142677187,False,True
345426,13.15180000,8.63000000,113.50003400,1612142683091,False,True
345427,13.15150000,3.22000000,42.34783000,1612142730763,False,True
345428,13.15190000,23.71000000,311.83154900,1612142731011,False,True
345429,13.15200000,1.09000000,14.33568000,1612142731011,False,True
345430,13.15200000,0.03000000,0.39456000,1612142731013,False,True
345431,13.17540000,1.65000000,21.73941000,1612142734998,False,True
345432,13.17550000,1.11000000,14.62480500,1612142735006,False,True
345433,13.17540000,1.19000000,15.67872600,1612142738857,True,True
345434,13.18810000,0.77000000,10.15483700,1612142741076,False,True
345435,13.19910000,1.11000000,14.65100100,1612142741086,False,True
345436,13.22270000,1.11000000,14.67719700,1612142741453,False,True
345437,13.23150000,5.00000000,66.15750000,1612142741453,False,True
345438,13.23150000,69.29000000,916.81063500,1612142741453,False,True
345439,13.23150000,0.02000000,0.26463000,1612142743874,False,True
345440,13.24640000,1.11000000,14.70350400,1612142743878,False,True
345441,13.26970000,19.25000000,255.44172500,1612142743878,False,True
345442,13.26980000,21.23000000,281.71785400,1612142743900,False,True
345443,13.27000000,1.11000000,14.72970000,1612142744463,False,True
345444,13.29370000,1.10000000,14.62307000,1612142744477,False,True
345445,13.31740000,363.80000000,4844.87012000,1612142746457,False,True
345446,13.25400000,3.20000000,42.41280000,1612142752256,True,True
345447,13.31700000,0.76000000,10.12092000,1612142756225,False,True
345448,13.24320000,1.10000000,14.56752000,1612142756810,True,True
345449,13.21960000,1.11000000,14.67375600,1612142771572,True,True
345450,13.27000000,1.11000000,14.72970000,1612142777717,False,True
345451,13.29000000,3.20000000,42.52800000,1612142778030,False,True
345452,13.29020000,26.40000000,350.86128000,1612142778030,False,True
345453,13.29360000,23.23000000,308.81032800,1612142780440,False,True
345454,13.29370000,1.10000000,14.62307000,1612142780440,False,True
345455,13.31720000,1.65000000,21.97338000,1612142781047,False,True
345456,13.31740000,50.71000000,675.32535400,1612142781047,False,True
345457,13.31750000,1.04000000,13.85020000,1612142781047,False,True
345458,13.31750000,0.06000000,0.79905000,1612142781088,False,True
345459,13.34130000,1.10000000,14.67543000,1612142789918,False,True
345460,13.35370000,0.76000000,10.14881200,1612142789918,False,True
345461,13.35780000,39.94000000,533.51053200,1612142789918,False,True
345462,13.35780000,29.30000000,391.38354000,1612142789925,False,True
345463,13.35780000,0.07000000,0.93504600,1612142792986,False,True
345464,13.35780000,0.69000000,9.21688200,1612142792996,True,True
345465,13.36520000,1.10000000,14.70172000,1612142803181,False,True
345466,13.38910000,1.10000000,14.72801000,1612142805511,False,True
345467,13.39330000,3.59000000,48.08194700,1612142805511,False,True
345468,13.39330000,2.52000000,33.75111600,1612142807150,False,True
345469,13.39460000,0.76000000,10.17989600,1612142807153,False,True
345470,13.41270000,2.68000000,35.94603600,1612142807153,False,True
345471,13.41310000,0.50000000,6.70655000,1612142807153,False,True
345472,13.41310000,0.59000000,7.91372900,1612142813266,False,True
345473,13.42850000,1.00000000,13.42850000,1612142813288,False,True
345474,13.43000000,2.80000000,37.60400000,1612142813338,False,True
345475,13.43710000,1.09000000,14.64643900,1612142813463,False,True
345476,13.43710000,3.82000000,51.32972200,1612142813546,True,True
345477,13.38420000,2.20000000,29.44524000,1612142813583,True,True
345478,13.40970000,23.23000000,311.50733100,1612142817676,True,True
345479,13.40960000,12.74000000,170.83830400,1612142817692,True,True
345480,13.44180000,7.48000000,100.54466400,1612142817729,False,True
345481,13.38640000,3.19000000,42.70261600,1612142822514,True,True
345482,13.38640000,3.63000000,48.59263200,1612142822527,True,True
345483,13.38630000,3.17000000,42.43457100,1612142822537,True,True
345484,13.38600000,1.09000000,14.59074000,1612142822537,True,True
345485,13.38420000,0.78000000,10.43967600,1612142822537,True,True
345486,13.37050000,7.91000000,105.76065500,1612142822537,True,True
345487,13.36210000,1.09000000,14.56468900,1612142822537,True,True
345488,13.33910000,321.83000000,4292.92255300,1612142822537,True,True
345489,13.33860000,9.81000000,130.85166600,1612142822575,True,True
345490,13.33820000,1.10000000,14.67202000,1612142822575,True,True
345491,13.31450000,33.61000000,447.50034500,1612142822576,True,True
345492,13.31450000,14.24000000,189.59848000,1612142822578,True,True
345493,13.31450000,9.69000000,129.01750500,1612142822594,True,True
345494,13.31450000,295.60000000,3935.76620000,1612142822629,True,True
345495,13.31450000,9.81000000,130.61524500,1612142822630,True,True
345496,13.31460000,8.00000000,106.51680000,1612142822645,True,True
345497,13.31450000,43.25000000,575.85212500,1612142822645,True,True
345498,13.31450000,58.90000000,784.22405000,1612142822646,True,True
345499,13.31450000,122.60000000,1632.35770000,1612142822698,True,True
345500,13.31440000,1.10000000,14.64584000,1612142822698,True,True
345501,13.29060000,1.10000000,14.61966000,1612142822821,True,True
345502,13.26710000,8.08000000,107.19816800,1612142822821,True,True
345503,13.26690000,1.10000000,14.59359000,1612142822821,True,True
345504,13.29070000,7.53000000,100.07897100,1612142822893,True,True
345505,13.29070000,0.32000000,4.25302400,1612142822893,True,True
345506,13.29070000,6.67000000,88.64896900,1612142822893,True,True
345507,13.24320000,1.10000000,14.56752000,1612142822927,True,True
345508,13.24110000,2.67000000,35.35373700,1612142822927,True,True
345509,13.23150000,12.05000000,159.43957500,1612142822927,True,True
345510,13.23150000,57.26000000,757.63569000,1612142823104,True,True
345511,13.21960000,1.11000000,14.67375600,1612142823104,True,True
345512,13.21690000,0.83000000,10.97002700,1612142823104,True,True
345513,13.23160000,8.15000000,107.83754000,1612142823183,True,True
345514,13.19600000,1.11000000,14.64756000,1612142823321,True,True
345515,13.17460000,18.32000000,241.35867200,1612142823397,False,True
345516,13.17240000,1.11000000,14.62136400,1612142823404,True,True
345517,13.17460000,8.08000000,106.45076800,1612142823591,False,True
345518,13.15680000,8.70000000,114.46416000,1612142824210,True,True
345519,13.14900000,0.77000000,10.12473000,1612142824268,True,True
345520,13.14890000,1.11000000,14.59527900,1612142824278,True,True
345521,13.14280000,1.00000000,13.14280000,1612142824418,True,True
345522,13.12540000,1.11000000,14.56919400,1612142824503,True,True
345523,13.12110000,35.51000000,465.93026100,1612142824600,True,True
345524,13.11230000,2.78000000,36.45219400,1612142824830,True,True
345525,13.10520000,69.31000000,908.32141200,1612142824844,True,True
345526,13.15660000,7.59000000,99.85859400,1612142824899,False,True
345527,13.15660000,0.56000000,7.36769600,1612142824999,False,True
345528,13.15660000,2.27000000,29.86548200,1612142824999,False,True
345529,13.10200000,1.12000000,14.67424000,1612142825620,True,True
345530,13.15650000,0.77000000,10.13050500,1612142826218,False,True
345531,13.15660000,4.40000000,57.88904000,1612142826218,False,True
345532,13.15660000,3.19000000,41.96955400,1612142826218,False,True
345533,13.15660000,3.63000000,47.75845800,1612142826218,False,True
345534,13.15680000,2.00000000,26.31360000,1612142826218,False,True
345535,13.15680000,8.32000000,109.46457600,1612142826218,False,True
345536,13.15680000,8.70000000,114.46416000,1612142826218,False,True
345537,13.15680000,7.53000000,99.07070400,1612142826218,False,True
345538,13.15680000,2.96000000,38.94412800,1612142826218,False,True
345539,13.15200000,1.12000000,14.73024000,1612142832014,False,True
345540,13.11840000,0.94000000,12.33129600,1612142832714,True,True
345541,13.11830000,20.00000000,262.36600000,1612142832728,True,True
345542,13.11830000,44.58000000,584.81381400,1612142832729,True,True
345543,13.11830000,20.00000000,262.36600000,1612142832730,True,True
345544,13.11830000,332.72000000,4364.72077600,1612142832741,True,True
345545,13.15680000,0.04000000,0.52627200,1612142842431,False,True
345546,13.17540000,0.94000000,12.38487600,1612142842977,False,True
345547,13.17550000,1.11000000,14.62480500,1612142842990,False,True
345548,13.19910000,1.11000000,14.65100100,1612142843107,False,True
345549,13.22270000,1.11000000,14.67719700,1612142843262,False,True
345550,13.23020000,3.17000000,41.93973400,1612142843290,False,True
345551,13.23130000,470.80000000,6229.29604000,1612142864003,False,True
345552,13.23150000,69.31000000,917.07526500,1612142864010,False,True
345553,13.20140000,12.75000000,168.31785000,1612142864162,True,True
345554,13.18790000,1.18000000,15.56172200,1612142868186,True,True
345555,13.17320000,1.18000000,15.54437600,1612142869977,True,True
345556,13.17240000,1.11000000,14.62136400,1612142871375,True,True
345557,13.22090000,0.77000000,10.18009300,1612142885283,False,True
345558,13.14890000,1.11000000,14.59527900,1612142965596,True,True
345559,13.12540000,1.11000000,14.56919400,1612142999386,True,True
345560,13.12430000,2.42000000,31.76080600,1612142999386,True,True
345561,13.12420000,1.85000000,24.27977000,1612142999386,True,True
345562,13.12400000,15.12000000,198.43488000,1612142999386,True,True
345563,13.12400000,0.03000000,0.39372000,1612142999418,True,True
345564,13.10520000,13.70000000,179.54124000,1612143042521,True,True
345565,13.10520000,25.40000000,332.87208000,1612143043003,True,True
345566,13.10520000,10.00000000,131.05200000,1612143043821,True,True
345567,13.10520000,10.00000000,131.05200000,1612143043830,True,True
345568,13.10520000,10.00000000,131.05200000,1612143043836,True,True
345569,13.10520000,0.21000000,2.75209200,1612143043862,True,True
345570,13.10200000,1.12000000,14.67424000,1612143044231,True,True
345571,13.12430000,232.02000000,3045.10008600,1612143058454,False,True
345572,13.09270000,2.90000000,37.96883000,1612143062888,True,True
345573,13.09270000,1.09000000,14.27104300,1612143089374,True,True
345574,13.07860000,1.12000000,14.64803200,1612143112579,True,True
345575,13.07200000,0.77000000,10.06544000,1612143164130,True,True
345576,13.05530000,1.12000000,14.62193600,1612143164152,True,True
345577,13.04960000,0.88000000,11.48364800,1612143164706,True,True
345578,13.04590000,2.64000000,34.44117600,1612143164715,True,True
345579,13.06030000,1.21000000,15.80296300,1612143166432,False,True
345580,13.03940000,1.28000000,16.69043200,1612143173415,True,True
345581,13.03200000,1.12000000,14.59584000,1612143179223,True,True
345582,13.08010000,1.51000000,19.75095100,1612143222007,False,True
345583,13.08020000,13.78000000,180.24515600,1612143222007,False,True
345584,13.08170000,1.12000000,14.65150400,1612143287852,False,True
345585,13.08020000,7.64000000,99.93272800,1612143313902,False,True
345586,13.10510000,1.12000000,14.67771200,1612143364233,False,True
345587,13.12420000,2.64000000,34.64788800,1612143364238,False,True
345588,13.12850000,1.12000000,14.70392000,1612143364238,False,True
345589,13.13700000,53.17000000,698.49429000,1612143364238,False,True
345590,13.13710000,102.10000000,1341.29791000,1612143364238,False,True
345591,13.13710000,22.94000000,301.36507400,1612143364238,False,True
345592,13.13720000,1.28000000,16.81561600,1612143364238,False,True
345593,13.13710000,18.00000000,236.46780000,1612143364250,False,True
345594,13.15200000,1.12000000,14.73024000,1612143364250,False,True
345595,13.17040000,22.12000000,291.32924800,1612143364250,False,True
345596,13.17550000,1.11000000,14.62480500,1612143364250,False,True
345597,13.17770000,166.25000000,2190.79262500,1612143364250,False,True
345598,13.17780000,1.54000000,20.29381200,1612143364261,False,True
345599,13.18320000,1.85000000,24.38892000,1612143364261,False,True
345600,13.18420000,6.31000000,83.19230200,1612143364261,False,True
345601,13.18420000,993.69000000,13101.00769800,1612143364280,False,True
345602,13.18430000,3.99000000,52.60535700,1612143364285,False,True
345603,13.19890000,96.54000000,1274.22180600,1612143364296,False,True
345604,13.19890000,10.64000000,140.43629600,1612143364308,False,True
345605,13.19890000,709.82000000,9368.84319800,1612143364308,False,True
345606,13.19910000,1.11000000,14.65100100,1612143364315,False,True
345607,13.20270000,15.15000000,200.02090500,1612143364315,False,True
345608,13.22270000,1.11000000,14.67719700,1612143364346,False,True
345609,13.22930000,2.42000000,32.01490600,1612143364405,False,True
345610,13.23150000,69.31000000,917.07526500,1612143364411,False,True
345611,13.24640000,1.11000000,14.70350400,1612143364445,False,True
345612,13.25450000,5.45000000,72.23702500,1612143364445,False,True
345613,13.25520000,93.44000000,1238.56588800,1612143364445,False,True
345614,13.22590000,23.31000000,308.29572900,1612143364486,False,True
345615,13.12440000,1.49000000,19.55535600,1612143364562,True,True
345616,13.22920000,102.10000000,1350.70132000,1612143364646,False,True
345617,13.25520000,0.16000000,2.12083200,1612143364681,False,True
345618,13.23940000,20.39000000,269.95136600,1612143364719,False,True
345619,13.23940000,0.01000000,0.13239400,1612143364723,False,True
345620,13.26690000,66.98000000,888.61696200,1612143364723,False,True
345621,13.27000000,1.11000000,14.72970000,1612143364723,False,True
345622,13.27280000,22.21000000,294.78888800,1612143364869,False,True
345623,13.29370000,1.10000000,14.62307000,1612143364881,False,True
345624,13.30260000,2.49000000,33.12347400,1612143364893,False,True
345625,13.31450000,2.02000000,26.89529000,1612143364925,False,True
345626,13.31750000,1.10000000,14.64925000,1612143365001,False,True
345627,13.31980000,22.94000000,305.55621200,1612143365347,False,True
345628,13.34130000,1.10000000,14.67543000,1612143365787,False,True
345629,13.35760000,1.49000000,19.90282400,1612143367268,False,True
345630,13.35760000,17.55000000,234.42588000,1612143367268,False,True
345631,13.35770000,17.11000000,228.55024700,1612143367268,False,True
345632,13.35780000,69.31000000,925.82911800,1612143367268,False,True
345633,13.36130000,6.47000000,86.44761100,1612143367268,False,True
345634,13.36130000,75.39000000,1007.30840700,1612143367300,False,True
345635,13.36520000,1.10000000,14.70172000,1612143367300,False,True
345636,13.37230000,22.36000000,299.00462800,1612143367300,False,True
345637,13.38640000,5.00000000,66.93200000,1612143367300,False,True
345638,13.38910000,0.95000000,12.71964500,1612143367300,False,True
345639,13.38910000,0.15000000,2.00836500,1612143367319,False,True
345640,13.37690000,22.40000000,299.64256000,1612143367459,False,True
345641,13.37690000,0.08000000,1.07015200,1612143367459,False,True
345642,13.41310000,1.09000000,14.62027900,1612143370475,False,True
345643,13.36210000,1.09000000,14.56468900,1612143374445,True,True
345644,13.33820000,1.10000000,14.67202000,1612143378035,True,True
345645,13.31440000,1.10000000,14.64584000,1612143379011,True,True
345646,13.29060000,1.10000000,14.61966000,1612143379187,True,True
345647,13.26700000,3.70000000,49.08790000,1612143382026,True,True
345648,13.27220000,23.23000000,308.31320600,1612143382523,True,True
345649,13.26690000,1.10000000,14.59359000,1612143382523,True,True
345650,13.24320000,1.10000000,14.56752000,1612143382523,True,True
345651,13.23160000,26.59000000,351.82824400,1612143382523,True,True
345652,13.31750000,1.10000000,14.64925000,1612143386193,False,True
345653,13.29370000,1.10000000,14.62307000,1612143386421,False,True
345654,13.34130000,1.10000000,14.67543000,1612143394296,False,True
345655,13.34110000,0.76000000,10.13923600,1612143397019,True,True
345656,13.36520000,1.10000000,14.70172000,1612143405048,False,True
345657,13.36790000,0.76000000,10.15960400,1612143409364,False,True
345658,13.38910000,1.10000000,14.72801000,1612143409389,False,True
345659,13.41310000,1.09000000,14.62027900,1612143441148,False,True
345660,13.42850000,1.00000000,13.42850000,1612143447840,False,True
345661,13.43710000,1.09000000,14.64643900,1612143447840,False,True
345662,13.45650000,16.53000000,222.43594500,1612143447840,False,True
345663,13.45630000,1.42000000,19.10794600,1612143448760,False,True
345664,13.43820000,0.76000000,10.21303200,1612143496097,False,True
345665,13.46100000,1.65000000,22.21065000,1612143501773,False,True
345666,13.46110000,1.09000000,14.67259900,1612143501799,False,True
345667,13.47530000,0.76000000,10.24122800,1612143504236,False,True
345668,13.48420000,23.99000000,323.48595800,1612143504236,False,True
345669,13.48420000,45.32000000,611.10394400,1612143504246,False,True
345670,13.48520000,1.09000000,14.69886800,1612143504259,False,True
345671,13.49300000,23.84000000,321.67312000,1612143504267,False,True
345672,13.49990000,250.00000000,3374.97500000,1612143506870,False,True
345673,13.49990000,10.00000000,134.99900000,1612143506871,False,True
345674,13.49990000,12.17000000,164.29378300,1612143506872,False,True
345675,13.50000000,0.75000000,10.12500000,1612143507475,False,True
345676,13.50000000,0.73000000,9.85500000,1612143509071,False,True
345677,13.50880000,8.33000000,112.52830400,1612143509082,False,True
345678,13.50930000,1.09000000,14.72513700,1612143509104,False,True
345679,13.53340000,1.08000000,14.61607200,1612143511732,False,True
345680,13.53720000,0.75000000,10.15290000,1612143514180,False,True
345681,13.54670000,2.94000000,39.82729800,1612143517001,False,True
345682,13.55760000,1.08000000,14.64220800,1612143517015,False,True
345683,13.58150000,7.76000000,105.39244000,1612143517015,False,True
345684,13.58190000,0.77000000,10.45806300,1612143517015,False,True
345685,13.58140000,4.92000000,66.82048800,1612143517067,False,True
345686,13.58190000,0.31000000,4.21038900,1612143517067,False,True
345687,13.58190000,16.27000000,220.97751300,1612143517067,False,True
345688,13.58150000,5.00000000,67.90750000,1612143517474,True,True
345689,13.53030000,1.08000000,14.61272400,1612143525225,True,True
345690,13.50610000,1.08000000,14.58658800,1612143526246,True,True
345691,13.48560000,24.40000000,329.04864000,1612143526257,True,True
345692,13.48200000,1.08000000,14.56056000,1612143526261,True,True
345693,13.47290000,2.98000000,40.14924200,1612143526261,True,True
345694,13.47290000,4.06000000,54.69997400,1612143526261,True,True
345695,13.47290000,4.06000000,54.69997400,1612143526263,True,True
345696,13.47290000,4.06000000,54.69997400,1612143526264,True,True
345697,13.47290000,4.06000000,54.69997400,1612143526265,True,True
345698,13.47290000,4.06000000,54.69997400,1612143526266,True,True
345699,13.47290000,16.85000000,227.01836500,1612143526269,True,True
345700,13.45820000,3.17000000,42.66249400,1612143526277,True,True
345701,13.45790000,1.09000000,14.66911100,1612143526277,True,True
345702,13.43400000,12.29000000,165.10386000,1612143526277,True,True
345703,13.43400000,21.90000000,294.20460000,1612143526281,True,True
345704,13.43400000,25.71000000,345.38814000,1612143526286,True,True
345705,13.43400000,413.62000000,5556.57108000,1612143526297,True,True
345706,13.43400000,40.00000000,537.36000000,1612143526298,True,True
345707,13.43400000,89.40000000,1200.99960000,1612143526300,True,True
345708,13.43400000,397.08000000,5334.37272000,1612143526300,True,True
345709,13.43390000,1.09000000,14.64295100,1612143526319,True,True
345710,13.41020000,9.68000000,129.81073600,1612143526342,True,True
345711,13.41020000,9.53000000,127.79920600,1612143526345,True,True
345712,13.42220000,22.34000000,299.85194800,1612143526435,True,True
345713,13.41020000,355.29000000,4764.50995800,1612143526435,True,True
345714,13.41020000,17.09000000,229.18031800,1612143526435,True,True
345715,13.41020000,20.06000000,269.00861200,1612143526435,True,True
345716,13.41010000,19.24000000,258.01032400,1612143526435,True,True
345717,13.41000000,40.98000000,549.54180000,1612143526435,True,True
345718,13.41000000,61.12000000,819.61920000,1612143526450,True,True
345719,13.40990000,1.09000000,14.61679100,1612143526468,True,True
345720,13.38610000,17.90000000,239.61119000,1612143526760,True,True
345721,13.38610000,17.22000000,230.50864200,1612143526760,True,True
345722,13.38600000,1.09000000,14.59074000,1612143526760,True,True
345723,13.38600000,18.21000000,243.75906000,1612143526760,True,True
345724,13.37800000,23.93000000,320.13554000,1612143526760,True,True
345725,13.36790000,3.91000000,52.26848900,1612143526760,True,True
345726,13.36750000,1.82000000,24.32885000,1612143526760,True,True
345727,13.36210000,1.09000000,14.56468900,1612143526760,True,True
345728,13.35780000,64.83000000,865.98617400,1612143526760,True,True
345729,13.35780000,4.48000000,59.84294400,1612143526828,True,True
345730,13.33820000,1.10000000,14.67202000,1612143527455,True,True
345731,13.33570000,1.54000000,20.53697800,1612143527455,True,True
345732,13.32390000,102.10000000,1360.37019000,1612143527486,True,True
345733,13.32380000,692.90000000,9232.06102000,1612143527486,True,True
345734,13.33850000,5.00000000,66.69250000,1612143527878,False,True
345735,13.32380000,81.42000000,1084.82379600,1612143527936,True,True
345736,13.31440000,1.10000000,14.64584000,1612143527965,True,True
345737,13.32370000,17.09000000,227.70203300,1612143528894,False,True
345738,13.32370000,17.90000000,238.49423000,1612143528894,False,True
345739,13.32380000,2.00000000,26.64760000,1612143528902,False,True
345740,13.32380000,18.21000000,242.62639800,1612143528902,False,True
345741,13.32380000,17.22000000,229.43583600,1612143528902,False,True
345742,13.32380000,20.06000000,267.27542800,1612143528902,False,True
345743,13.32380000,19.24000000,256.34991200,1612143528902,False,True
345744,13.29060000,1.10000000,14.61966000,1612143528999,True,True
345745,13.26710000,1.08000000,14.32846800,1612143528999,True,True
345746,13.35780000,2.00000000,26.71560000,1612143529503,False,True
345747,13.32080000,20.85000000,277.73868000,1612143529815,True,True
345748,13.34130000,1.10000000,14.67543000,1612143532691,False,True
345749,13.36520000,1.10000000,14.70172000,1612143533921,False,True
345750,13.38910000,1.10000000,14.72801000,1612143534285,False,True
345751,13.41180000,1.65000000,22.12947000,1612143543102,False,True
345752,13.41200000,22.67000000,304.05004000,1612143543116,False,True
345753,13.41310000,1.09000000,14.62027900,1612143543129,False,True
345754,13.41200000,22.70000000,304.45240000,1612143543160,False,True
345755,13.41200000,0.01000000,0.13412000,1612143543161,False,True
345756,13.36210000,1.09000000,14.56468900,1612143574583,True,True
345757,13.35690000,9.53000000,127.29125700,1612143574585,True,True
345758,13.35690000,5.36000000,71.59298400,1612143574588,True,True
345759,13.33820000,1.10000000,14.67202000,1612143574603,True,True
345760,13.33820000,0.78000000,10.40379600,1612143574603,True,True
345761,13.33270000,1.11000000,14.79929700,1612143574603,True,True
345762,13.32900000,2.65000000,35.32185000,1612143574603,True,True
345763,13.32480000,21.14000000,281.68627200,1612143574603,True,True
345764,13.31480000,102.10000000,1359.44108000,1612143574619,True,True
345765,13.31440000,1.10000000,14.64584000,1612143574624,True,True
345766,13.29070000,0.70000000,9.30349000,1612143574624,True,True
345767,13.29090000,11.49000000,152.71244100,1612143574911,True,True
345768,13.29060000,1.10000000,14.61966000,1612143574911,True,True
345769,13.27880000,21.41000000,284.29910800,1612143574993,True,True
345770,13.26700000,320.00000000,4245.44000000,1612143575525,True,True
345771,13.26690000,1.10000000,14.59359000,1612143576979,True,True
345772,13.24320000,1.10000000,14.56752000,1612143580525,True,True
345773,13.29060000,11.49000000,152.70899400,1612143588923,False,True
345774,13.29080000,1.91000000,25.38542800,1612143588923,False,True
345775,13.29080000,0.09000000,1.19617200,1612143591093,False,True
345776,13.29370000,0.68000000,9.03971600,1612143591093,False,True
345777,13.29370000,0.42000000,5.58335400,1612143591360,False,True
345778,13.31750000,1.10000000,14.64925000,1612143591441,False,True
345779,13.26690000,1.10000000,14.59359000,1612143604945,True,True
345780,13.31730000,3.17000000,42.21584100,1612143619596,False,True
345781,13.31750000,1.10000000,14.64925000,1612143619606,False,True
345782,13.34130000,1.10000000,14.67543000,1612143663675,False,True
345783,13.36220000,1.18000000,15.76739600,1612143663700,False,True
345784,13.36510000,103.56000000,1384.08975600,1612143663700,False,True
345785,13.36520000,1.06000000,14.16711200,1612143663700,False,True
345786,13.36510000,14.00000000,187.11140000,1612143665546,True,True
345787,13.36520000,0.04000000,0.53460800,1612143665706,False,True
345788,13.38910000,1.10000000,14.72801000,1612143674876,False,True
345789,13.40850000,1.54000000,20.64909000,1612143678784,False,True
345790,13.40900000,2.65000000,35.53385000,1612143678806,False,True
345791,13.41270000,1.11000000,14.88809700,1612143678850,False,True
345792,13.41310000,1.09000000,14.62027900,1612143678869,False,True
345793,13.36220000,5.57000000,74.42745400,1612143696225,True,True
345794,13.36220000,54.94000000,734.11926800,1612143696225,True,True
345795,13.36210000,1.09000000,14.56468900,1612143696810,True,True
345796,13.33820000,1.10000000,14.67202000,1612143700196,True,True
345797,13.38910000,1.10000000,14.72801000,1612143744300,False,True
345798,13.41270000,38.56000000,517.19371200,1612143784166,False,True
345799,13.41270000,10.06000000,134.93176200,1612143784166,False,True
345800,13.41310000,1.09000000,14.62027900,1612143784186,False,True
345801,13.42760000,1.82000000,24.43823200,1612143787633,False,True
345802,13.43160000,0.78000000,10.47664800,1612143796792,False,True
345803,13.43700000,14.42000000,193.76154000,1612143796792,False,True
345804,13.43700000,0.47000000,6.31539000,1612143797500,False,True
345805,13.43710000,1.09000000,14.64643900,1612143797500,False,True
345806,13.45590000,1.50000000,20.18385000,1612143797590,True,True
345807,13.45590000,1.50000000,20.18385000,1612143797660,True,True
345808,13.45590000,0.44000000,5.92059600,1612143797672,True,True
345809,13.45590000,2.00000000,26.91180000,1612143797802,True,True
345810,13.45590000,1.00000000,13.45590000,1612143797821,True,True
345811,13.46110000,1.09000000,14.67259900,1612143798139,False,True
345812,13.46150000,3.91000000,52.63446500,1612143798156,False,True
345813,13.48200000,1.65000000,22.24530000,1612143826917,False,True
345814,13.48200000,2.51000000,33.83982000,1612143826917,False,True
345815,13.48420000,69.31000000,934.58990200,1612143826924,False,True
345816,13.48520000,1.09000000,14.69886800,1612143826924,False,True
345817,13.48560000,5.00000000,67.42800000,1612143826924,False,True
345818,13.48190000,69.31000000,934.43048900,1612143826937,False,True
345819,13.48190000,200.85000000,2707.83961500,1612143826966,False,True
345820,13.48190000,13.63000000,183.75829700,1612143826970,False,True
345821,13.48190000,50.20000000,676.79138000,1612143826984,False,True
345822,13.50920000,134.28000000,1814.01537600,1612143831393,False,True
345823,13.50930000,1.09000000,14.72513700,1612143831393,False,True
345824,13.50920000,2.00000000,27.01840000,1612143831852,True,True
345825,13.53340000,1.08000000,14.61607200,1612143832086,False,True
345826,13.55700000,56.40000000,764.61480000,1612143832086,False,True
345827,13.55710000,52.52000000,712.01889200,1612143832086,False,True
345828,13.55760000,1.08000000,14.64220800,1612143836039,False,True
345829,13.58060000,21.94000000,297.95836400,1612143836062,False,True
345830,13.58190000,1.08000000,14.66845200,1612143836084,False,True
345831,13.60620000,1.08000000,14.69469600,1612143838358,False,True
345832,13.61050000,69.31000000,943.34375500,1612143838358,False,True
345833,13.62400000,15.31000000,208.58344000,1612143838358,False,True
345834,13.62400000,4.20000000,57.22080000,1612143838371,False,True
345835,13.63050000,0.75000000,10.22287500,1612143839863,False,True
345836,13.63050000,0.33000000,4.49806500,1612143844191,False,True
345837,13.57870000,1.08000000,14.66499600,1612143849687,True,True
345838,13.55450000,1.08000000,14.63886000,1612143851139,True,True
345839,13.53030000,1.08000000,14.61272400,1612143851539,True,True
345840,13.50730000,3.13000000,42.27784900,1612143851555,True,True
345841,13.50720000,22.45000000,303.23664000,1612143851560,True,True
345842,13.50720000,16.72000000,225.84038400,1612143851572,True,True
345843,13.50720000,81.13000000,1095.83913600,1612143851572,True,True
345844,13.50700000,43.28000000,584.58296000,1612143851572,True,True
345845,13.50610000,1.08000000,14.58658800,1612143851572,True,True
345846,13.48420000,69.31000000,934.58990200,1612143851577,True,True
345847,13.48210000,9.70000000,130.77637000,1612143851577,True,True
345848,13.48200000,1.08000000,14.56056000,1612143851577,True,True
345849,13.47700000,0.75000000,10.10775000,1612143851577,True,True
345850,13.45810000,76.12000000,1024.43057200,1612143851577,True,True
345851,13.45810000,42.22000000,568.20098200,1612143851598,True,True
345852,13.45810000,2.69000000,36.20228900,1612143851600,True,True
345853,13.45810000,525.00000000,7065.50250000,1612143851601,True,True
345854,13.45810000,352.79000000,4747.88309900,1612143851613,True,True
345855,13.45810000,1.18000000,15.88055800,1612143851613,True,True
345856,13.45790000,1.09000000,14.66911100,1612143851624,True,True
345857,13.44940000,24.53000000,329.91378200,1612143851624,True,True
345858,13.43390000,1.09000000,14.64295100,1612143851624,True,True
345859,13.41010000,25.49000000,341.82344900,1612143851624,True,True
345860,13.41010000,224.51000000,3010.70155100,1612143851625,True,True
345861,13.40990000,1.09000000,14.61679100,1612143851625,True,True
345862,13.38600000,1.09000000,14.59074000,1612143851625,True,True
345863,13.37910000,7.86000000,105.15972600,1612143851625,True,True
345864,13.37900000,55.72000000,745.47788000,1612143851625,True,True
345865,13.37640000,2.65000000,35.44746000,1612143851625,True,True
345866,13.37390000,102.10000000,1365.47519000,1612143851625,True,True
345867,13.36210000,1.09000000,14.56468900,1612143851625,True,True
345868,13.35790000,6.96000000,92.97098400,1612143851625,True,True
345869,13.35780000,69.31000000,925.82911800,1612143851625,True,True
345870,13.33820000,1.10000000,14.67202000,1612143851625,True,True
345871,13.31670000,20.81000000,277.12052700,1612143851625,True,True
345872,13.31450000,7.19000000,95.73125500,1612143851625,True,True
345873,13.31440000,1.10000000,14.64584000,1612143851625,True,True
345874,13.31110000,129.50000000,1723.78745000,1612143851625,True,True
345875,13.30720000,1.37000000,18.23086400,1612143851625,True,True
345876,13.30160000,488.70000000,6500.49192000,1612143851625,True,True
345877,13.29060000,1.10000000,14.61966000,1612143851644,True,True
345878,13.26690000,1.10000000,14.59359000,1612143851644,True,True
345879,13.25120000,7.43000000,98.45641600,1612143851644,True,True
345880,13.24630000,2.75000000,36.42732500,1612143851644,True,True
345881,13.24320000,1.10000000,14.56752000,1612143851644,True,True
345882,13.23780000,22.27000000,294.80580600,1612143851644,True,True
345883,13.23150000,25.45000000,336.74167500,1612143851644,True,True
345884,13.36620000,19.22000000,256.89836400,1612143851869,True,True
345885,13.28890000,37.60000000,499.66264000,1612143852631,True,True
345886,13.28890000,379.70000000,5045.79533000,1612143852656,True,True
345887,13.25120000,3.58000000,47.43929600,1612143854779,True,True
345888,13.25110000,0.76000000,10.07083600,1612143854779,True,True
345889,13.25110000,0.08000000,1.06008800,1612143854779,True,True
345890,13.25110000,0.68000000,9.01074800,1612143855020,True,True
345891,13.25110000,0.76000000,10.07083600,1612143855020,True,True
345892,13.25110000,0.76000000,10.07083600,1612143855020,True,True
345893,13.25110000,0.72000000,9.54079200,1612143855020,True,True
345894,13.25120000,2.00000000,26.50240000,1612143855181,False,True
345895,13.23160000,2.00000000,26.46320000,1612143856822,False,True
345896,13.23150000,23.57000000,311.86645500,1612143856830,True,True
345897,13.23160000,160.00000000,2117.05600000,1612143856904,True,True
345898,13.23150000,20.29000000,268.46713500,1612143857695,True,True
345899,13.21970000,5.89000000,77.86403300,1612143858939,True,True
345900,13.22010000,305.33000000,4036.49313300,1612143862039,True,True
345901,13.22010000,165.47000000,2187.52994700,1612143862040,True,True
345902,13.22000000,20.66000000,273.12520000,1612143862393,True,True
345903,13.29360000,0.76000000,10.10313600,1612143864341,False,True
345904,13.21960000,1.11000000,14.67375600,1612143864381,True,True
345905,13.19830000,32.81000000,433.03622300,1612143868539,True,True
345906,13.19820000,470.80000000,6213.71256000,1612143868567,True,True
345907,13.19810000,5.10000000,67.31031000,1612143868594,True,True
345908,13.19810000,31.11000000,410.59289100,1612143868594,True,True
345909,13.19600000,1.11000000,14.64756000,1612143868604,True,True
345910,13.18640000,7.50000000,98.89800000,1612143868651,True,True
345911,13.18660000,1.84000000,24.26334400,1612143868786,True,True
345912,13.17770000,7.70000000,101.46829000,1612143868850,True,True
345913,13.17240000,1.11000000,14.62136400,1612143868916,True,True
345914,13.14890000,1.11000000,14.59527900,1612143871737,True,True
345915,13.16670000,9.93000000,130.74533100,1612143872012,True,True
345916,13.14280000,1.00000000,13.14280000,1612143876648,True,True
345917,13.16710000,12.61000000,166.03713100,1612143877090,True,True
345918,13.13950000,15.15000000,199.06342500,1612143880840,True,True
345919,13.16200000,10.34000000,136.09508000,1612143882046,True,True
345920,13.17040000,11.59000000,152.64493600,1612143890838,True,True
345921,13.18650000,8.86000000,116.83239000,1612143895813,True,True
345922,13.17710000,13.50000000,177.89085000,1612143906019,True,True
345923,13.17330000,9.53000000,125.54154900,1612143921057,True,True
345924,13.19530000,3.13000000,41.30128900,1612143926978,False,True
345925,13.19540000,74.64000000,984.90465600,1612143926982,False,True
345926,13.19560000,29.75000000,392.56910000,1612143927013,False,True
345927,13.19560000,1.36000000,17.94601600,1612143927020,False,True
345928,13.19560000,21.48000000,283.44148800,1612143927020,False,True
345929,13.19560000,11.33000000,149.50614800,1612143934301,False,True
345930,13.19910000,1.11000000,14.65100100,1612143934309,False,True
345931,13.17030000,0.79000000,10.40453700,1612144031738,True,True
345932,13.14960000,0.77000000,10.12519200,1612144031949,True,True
345933,13.14890000,1.11000000,14.59527900,1612144031949,True,True
345934,13.13740000,2.42000000,31.79250800,1612144031949,True,True
345935,13.13740000,2.33000000,30.61014200,1612144031949,True,True
345936,13.13300000,2.29000000,30.07457000,1612144031949,True,True
345937,13.13060000,33.48000000,439.61248800,1612144031949,True,True
345938,13.13060000,0.03000000,0.39391800,1612144064383,True,True
345939,13.12540000,1.11000000,14.56919400,1612144064383,True,True
345940,13.12420000,0.75000000,9.84315000,1612144064383,True,True
345941,13.12420000,0.44000000,5.77464800,1612144064406,True,True
345942,13.12420000,2.00000000,26.24840000,1612144064406,True,True
345943,13.12420000,3.35000000,43.96607000,1612144064406,True,True
345944,13.11620000,2.86000000,37.51233200,1612144064406,True,True
345945,13.10520000,69.25000000,907.53510000,1612144064406,True,True
345946,13.17550000,1.11000000,14.62480500,1612144179484,False,True
345947,13.12540000,1.11000000,14.56919400,1612144245434,True,True
345948,13.12040000,3.99000000,52.35039600,1612144245437,True,True
345949,13.10520000,0.06000000,0.78631200,1612144254292,True,True
345950,13.10200000,1.12000000,14.67424000,1612144254292,True,True
345951,13.09670000,7.97000000,104.38069900,1612144254292,True,True
345952,13.09670000,98.05000000,1284.13143500,1612144254292,True,True
345953,13.15180000,1.22000000,16.04519600,1612144330874,False,True
345954,13.15180000,23.23000000,305.51631400,1612144373255,False,True
345955,13.15180000,13.50000000,177.54930000,1612144373262,True,True
345956,13.15180000,13.50000000,177.54930000,1612144373262,True,True
345957,13.15180000,8.12000000,106.79261600,1612144373263,True,True
345958,13.15180000,2.96000000,38.92932800,1612144373264,True,True
345959,13.07860000,1.12000000,14.64803200,1612144417804,True,True
345960,13.06550000,1.13000000,14.76401500,1612144421313,True,True
345961,13.06550000,19.82000000,258.95821000,1612144462494,True,True
345962,13.07460000,23.60000000,308.56056000,1612144530850,True,True
345963,13.06860000,23.06000000,301.36191600,1612144531030,True,True
345964,13.06000000,4.96000000,64.77760000,1612144531119,True,True
345965,13.05830000,1.92000000,25.07193600,1612144531211,True,True
345966,13.05530000,1.12000000,14.62193600,1612144531219,True,True
345967,13.03380000,3.76000000,49.00708800,1612144532584,False,True
345968,13.10340000,23.20000000,303.99888000,1612144550224,False,True
345969,13.10510000,1.12000000,14.67771200,1612144559316,False,True
345970,13.08970000,22.66000000,296.61260200,1612144577581,True,True
345971,13.07540000,19.06000000,249.21712400,1612144578985,True,True
345972,13.07400000,24.60000000,321.62040000,1612144612201,True,True
345973,13.05530000,1.12000000,14.62193600,1612144619840,True,True
345974,13.03200000,1.12000000,14.59584000,1612144816854,True,True
345975,13.05800000,6.08000000,79.39264000,1612144843023,False,True
345976,13.02940000,19.95000000,259.93653000,1612144957484,True,True
345977,13.01170000,15.75000000,204.93427500,1612144962932,True,True
345978,13.01000000,8.28000000,107.72280000,1612144962944,True,True
345979,13.00960000,2.43000000,31.61332800,1612144962953,True,True
345980,13.00870000,1.12000000,14.56974400,1612144962961,True,True
345981,13.00570000,0.84000000,10.92478800,1612144963590,True,True
345982,12.99220000,5.10000000,66.26022000,1612144964049,False,True
345983,12.98860000,2.10000000,27.27606000,1612144974134,True,True
345984,12.98590000,0.78000000,10.12900200,1612144976213,True,True
345985,12.98550000,1.13000000,14.67361500,1612144976226,True,True
345986,12.98480000,2.98000000,38.69470400,1612144976226,True,True
345987,12.97890000,33.88000000,439.72513200,1612144976226,True,True
345988,12.97890000,35.43000000,459.84242700,1612144976257,True,True
345989,12.97470000,27.51000000,356.93399700,1612144976282,True,True
345990,12.96330000,1.18000000,15.29669400,1612144986075,True,True
345991,12.96230000,1.13000000,14.64739900,1612144986542,True,True
345992,12.97920000,13.19000000,171.19564800,1612144990939,False,True
345993,12.97930000,23.80000000,308.90734000,1612144992492,False,True
345994,13.01170000,1.96000000,25.50293200,1612144995155,False,True
345995,13.01170000,21.27000000,276.75885900,1612144995157,False,True
345996,13.01180000,1.13000000,14.70333400,1612144995164,False,True
345997,13.03500000,1.13000000,14.72955000,1612145051870,False,True
345998,13.02420000,20.56000000,267.77755200,1612145053255,True,True
345999,13.00060000,14.37000000,186.81862200,1612145067301,True,True
346000,13.00060000,10.55000000,137.15633000,1612145067303,True,True
346001,12.98990000,10.00000000,129.89900000,1612145067400,True,True
346002,12.99000000,14.58000000,189.39420000,1612145067410,True,True
346003,12.99000000,64.07000000,832.26930000,1612145067410,True,True
346004,12.98990000,14.58000000,189.39274200,1612145067422,True,True
346005,12.98550000,1.13000000,14.67361500,1612145067444,True,True
346006,12.96230000,1.13000000,14.64739900,1612145070852,True,True
346007,12.95750000,23.23000000,301.00272500,1612145109878,True,True
346008,12.95740000,23.19000000,300.48210600,1612145109878,True,True
346009,12.94310000,4.14000000,53.58443400,1612145109878,True,True
346010,12.93920000,1.13000000,14.62129600,1612145109878,True,True
346011,12.93010000,1.99000000,25.73089900,1612145109878,True,True
346012,12.92640000,24.97000000,322.77220800,1612145109884,False,True
346013,12.98860000,1.13000000,14.67711800,1612145138701,False,True
346014,12.97800000,19.85000000,257.61330000,1612145164449,True,True
346015,12.97800000,5.22000000,67.74516000,1612145244036,False,True
346016,12.96980000,23.22000000,301.15875600,1612145269218,True,True
346017,12.96280000,13.65000000,176.94222000,1612145269249,True,True
346018,12.96710000,23.69000000,307.19059900,1612145269298,True,True
346019,12.93920000,1.13000000,14.62129600,1612145269511,True,True
346020,12.92870000,22.92000000,296.32580400,1612145269538,True,True
346021,12.92800000,7.69000000,99.41632000,1612145269693,True,True
346022,12.92570000,1.06000000,13.70124200,1612145269702,True,True
346023,12.91890000,1.35000000,17.44051500,1612145275245,True,True
346024,12.91850000,1.98000000,25.57863000,1612145275245,True,True
346025,12.91850000,6.61000000,85.39128500,1612145275246,True,True
346026,12.91610000,1.13000000,14.59519300,1612145275246,True,True
346027,12.90350000,1.79000000,23.09726500,1612145275246,True,True
346028,12.90350000,18.00000000,232.26300000,1612145275253,True,True
346029,12.89300000,1.13000000,14.56909000,1612145275253,True,True
346030,12.88880000,90.84000000,1170.81859200,1612145275253,True,True
346031,12.88390000,16.39000000,211.16712100,1612145275253,True,True
346032,12.88190000,2.53000000,32.59120700,1612145275253,True,True
346033,12.87400000,12.71000000,163.62854000,1612145275253,True,True
346034,12.87400000,17.80000000,229.15720000,1612145275261,True,True
346035,12.89820000,12.71000000,163.93612200,1612145275305,True,True
346036,12.89820000,12.07000000,155.68127400,1612145275305,True,True
346037,12.87400000,0.64000000,8.23936000,1612145275305,True,True
346038,12.87400000,12.07000000,155.38918000,1612145275308,True,True
346039,12.87390000,85.90000000,1105.86801000,1612145275324,True,True
346040,12.87860000,23.78000000,306.25310800,1612145275466,True,True
346041,12.87000000,1.14000000,14.67180000,1612145275482,True,True
346042,12.86240000,1.22000000,15.69212800,1612145275502,True,True
346043,12.85950000,2.60000000,33.43470000,1612145275519,True,True
346044,12.85710000,1.00000000,12.85710000,1612145275864,True,True
346045,12.85470000,3.10000000,39.84957000,1612145276000,True,True
346046,12.85260000,20.97000000,269.51902200,1612145276024,True,True
346047,12.85260000,48.34000000,621.29468400,1612145276027,True,True
346048,12.84700000,1.14000000,14.64558000,1612145276528,True,True
346049,12.84710000,7.79000000,100.07890900,1612145276532,True,True
346050,12.84710000,7.79000000,100.07890900,1612145276533,True,True
346051,12.84530000,1.48000000,19.01104400,1612145276537,True,True
346052,12.84530000,2.58000000,33.14087400,1612145276537,True,True
346053,12.84290000,4.28000000,54.96761200,1612145276551,True,True
346054,12.84100000,0.89000000,11.42849000,1612145277141,True,True
346055,12.85660000,12.85000000,165.20731000,1612145277284,False,True
346056,12.85660000,11.59000000,149.00799400,1612145277296,False,True
346057,12.85680000,22.29000000,286.57807200,1612145277591,False,True
346058,12.85860000,23.61000000,303.59154600,1612145277867,False,True
346059,12.83790000,14.41000000,184.99413900,1612145278012,True,True
346060,12.83760000,1.10000000,14.12136000,1612145278310,True,True
346061,12.85490000,21.94000000,282.03650600,1612145283315,False,True
346062,12.86250000,21.05000000,270.75562500,1612145283480,False,True
346063,12.86820000,14.41000000,185.43076200,1612145283513,False,True
346064,12.86250000,21.05000000,270.75562500,1612145283579,False,True
346065,12.88650000,19.05000000,245.48782500,1612145284260,False,True
346066,12.89600000,1.14000000,14.70144000,1612145284499,False,True
346067,12.91850000,1.99000000,25.70781500,1612145285701,False,True
346068,12.91850000,1.99000000,25.70781500,1612145285701,False,True
346069,12.91910000,1.14000000,14.72777400,1612145285742,False,True
346070,12.93840000,24.77000000,320.48416800,1612145286034,False,True
346071,12.94220000,1.13000000,14.62468600,1612145286062,False,True
346072,12.95620000,89.97000000,1165.66931400,1612145290104,False,True
346073,12.90810000,7.74000000,99.90869400,1612145694950,True,True
346074,12.90360000,13.61000000,175.61799600,1612145722392,False,True
346075,12.89300000,1.13000000,14.56909000,1612145725567,True,True
346076,12.89110000,2.88000000,37.12636800,1612145725585,True,True
346077,12.88560000,10.10000000,130.14456000,1612145727869,False,True
346078,12.90800000,1.86000000,24.00888000,1612145742371,False,True
346079,12.89460000,11.55000000,148.93263000,1612145747592,False,True
346080,12.94220000,1.13000000,14.62468600,1612145758159,False,True
346081,12.93320000,11.48000000,148.47313600,1612145806734,True,True
346082,12.91880000,19.11000000,246.87826800,1612145807002,True,True
346083,12.93820000,21.90000000,283.34658000,1612145824102,False,True
346084,12.96540000,1.13000000,14.65090200,1612145829398,False,True
346085,12.97890000,69.31000000,899.56755900,1612145829992,False,True
346086,12.97910000,7.74000000,100.45823400,1612145831381,False,True
346087,12.91610000,1.13000000,14.59519300,1612145897183,True,True
346088,12.92030000,23.20000000,299.75096000,1612145911611,False,True
346089,12.92030000,0.01000000,0.12920300,1612145911612,False,True
