39611021,15.43000000,5.24000000,80.85320000,1665878408294,False,True
39611022,15.43000000,0.09000000,1.38870000,1665878409946,False,True
39611023,15.43000000,4.32000000,66.65760000,1665878409946,False,True
39611024,15.42000000,14.04000000,216.49680000,1665878411587,True,True
39611025,15.42000000,17.71000000,273.08820000,1665878411587,True,True
39611026,15.42000000,9.44000000,145.56480000,1665878454978,True,True
39611027,15.43000000,4.96000000,76.53280000,1665878471711,False,True
39611028,15.43000000,14.04000000,216.63720000,1665878471711,False,True
39611029,15.43000000,19.68000000,303.66240000,1665878471711,False,True
39611030,15.43000000,19.68000000,303.66240000,1665878479427,True,True
39611031,15.43000000,12.96000000,199.97280000,1665878479427,True,True
39611032,15.43000000,14.04000000,216.63720000,1665878479427,True,True
39611033,15.43000000,38.83000000,599.14690000,1665878479427,True,True
39611034,15.43000000,7.87000000,121.43410000,1665878479429,True,True
39611035,15.43000000,77.64000000,1197.98520000,1665878479429,True,True
39611036,15.43000000,28.38000000,437.90340000,1665878479429,True,True
39611037,15.43000000,20.38000000,314.46340000,1665878479429,True,True
39611038,15.43000000,6.39000000,98.59770000,1665878479429,True,True
39611039,15.42000000,1.11000000,17.11620000,1665878479438,True,True
39611040,15.42000000,1.11000000,17.11620000,1665878479438,True,True
39611041,15.42000000,84.00000000,1295.28000000,1665878479438,True,True
39611042,15.42000000,194.90000000,3005.35800000,1665878479438,True,True
39611043,15.42000000,20.00000000,308.40000000,1665878479438,True,True
39611044,15.43000000,9.33000000,143.96190000,1665878479446,False,True
39611045,15.42000000,27.22000000,419.73240000,1665878479482,False,True
39611046,15.42000000,1.78000000,27.44760000,1665878479541,False,True
39611047,15.41000000,3.30000000,50.85300000,1665878479928,True,True
39611048,15.41000000,21.77000000,335.47570000,1665878479928,True,True
39611049,15.42000000,97.40000000,1501.90800000,1665878480421,False,True
39611050,15.42000000,19.68000000,303.46560000,1665878480421,False,True
39611051,15.42000000,14.04000000,216.49680000,1665878480421,False,True
39611052,15.42000000,7.67000000,118.27140000,1665878480421,False,True
39611053,15.42000000,90.99000000,1403.06580000,1665878480421,False,True
39611054,15.42000000,9.33000000,143.86860000,1665878481582,False,True
39611055,15.42000000,7.49000000,115.49580000,1665878481899,False,True
39611056,15.42000000,33.83000000,521.65860000,1665878484813,True,True
39611057,15.42000000,16.30000000,251.34600000,1665878486699,True,True
39611058,15.42000000,43.83000000,675.85860000,1665878486699,True,True
39611059,15.43000000,19.68000000,303.66240000,1665878501872,False,True
39611060,15.43000000,14.04000000,216.63720000,1665878501872,False,True
39611061,15.43000000,12.96000000,199.97280000,1665878501872,False,True
39611062,15.43000000,77.66000000,1198.29380000,1665878501872,False,True
39611063,15.43000000,6.34000000,97.82620000,1665878501879,False,True
39611064,15.43000000,7.44000000,114.79920000,1665878501879,False,True
39611065,15.43000000,44.86000000,692.18980000,1665878501879,False,True
39611066,15.43000000,12.20000000,188.24600000,1665878503535,False,True
39611067,15.43000000,0.77000000,11.88110000,1665878504118,False,True
39611068,15.43000000,0.53000000,8.17790000,1665878504118,False,True
39611069,15.44000000,3.24000000,50.02560000,1665878513259,False,True
39611070,15.44000000,3.23000000,49.87120000,1665878513259,False,True
39611071,15.44000000,1.12000000,17.29280000,1665878514832,False,True
39611072,15.43000000,39.36000000,607.32480000,1665878521785,True,True
39611073,15.43000000,37.78000000,582.94540000,1665878521785,True,True
39611074,15.44000000,42.42000000,654.96480000,1665878524291,False,True
39611075,15.43000000,3.22000000,49.68460000,1665878525735,True,True
39611076,15.43000000,4.00000000,61.72000000,1665878531004,True,True
39611077,15.44000000,33.52000000,517.54880000,1665878533071,False,True
39611078,15.44000000,33.02000000,509.82880000,1665878533096,False,True
39611079,15.44000000,5.96000000,92.02240000,1665878533108,False,True
39611080,15.44000000,6.99000000,107.92560000,1665878533169,False,True
39611081,15.44000000,5.57000000,86.00080000,1665878533169,False,True
39611082,15.44000000,126.70000000,1956.24800000,1665878533173,False,True
39611083,15.44000000,21.85000000,337.36400000,1665878533177,False,True
39611084,15.44000000,1.16000000,17.91040000,1665878533178,False,True
39611085,15.44000000,493.19000000,7614.85360000,1665878533188,False,True
39611086,15.44000000,3.30000000,50.95200000,1665878533188,False,True
39611087,15.44000000,1.46000000,22.54240000,1665878533188,False,True
39611088,15.45000000,2.50000000,38.62500000,1665878533268,False,True
39611089,15.45000000,0.71000000,10.96950000,1665878540063,False,True
39611090,15.45000000,3.23000000,49.90350000,1665878540063,False,True
39611091,15.45000000,3.30000000,50.98500000,1665878540063,False,True
39611092,15.45000000,1.46000000,22.55700000,1665878540063,False,True
39611093,15.45000000,9.99000000,154.34550000,1665878542789,True,True
39611094,15.46000000,1.94000000,29.99240000,1665878563945,False,True
39611095,15.46000000,3.30000000,51.01800000,1665878563945,False,True
39611096,15.46000000,1.46000000,22.57160000,1665878563945,False,True
39611097,15.46000000,16.69000000,258.02740000,1665878563945,False,True
39611098,15.46000000,1.59000000,24.58140000,1665878572022,True,True
39611099,15.46000000,2.41000000,37.25860000,1665878572259,True,True
39611100,15.46000000,2.41000000,37.25860000,1665878577298,True,True
39611101,15.46000000,39.54000000,611.28840000,1665878580573,True,True
39611102,15.46000000,90.20000000,1394.49200000,1665878580573,True,True
39611103,15.46000000,36.20000000,559.65200000,1665878580582,True,True
39611104,15.46000000,14.28000000,220.76880000,1665878580582,True,True
39611105,15.46000000,2.41000000,37.25860000,1665878580587,True,True
39611106,15.45000000,52.16000000,805.87200000,1665878594144,True,True
39611107,15.45000000,62.17000000,960.52650000,1665878594144,True,True
39611108,15.45000000,7.03000000,108.61350000,1665878594144,True,True
39611109,15.45000000,14.04000000,216.91800000,1665878594144,True,True
39611110,15.45000000,60.24000000,930.70800000,1665878594144,True,True
39611111,15.45000000,12.30000000,190.03500000,1665878594144,True,True
39611112,15.45000000,11.70000000,180.76500000,1665878594144,True,True
39611113,15.46000000,1.30000000,20.09800000,1665878596062,False,True
39611114,15.46000000,15.22000000,235.30120000,1665878603093,False,True
39611115,15.46000000,2.41000000,37.25860000,1665878635868,True,True
39611116,15.47000000,0.69000000,10.67430000,1665878652866,False,True
39611117,15.47000000,3.30000000,51.05100000,1665878652866,False,True
39611118,15.47000000,1.46000000,22.58620000,1665878652866,False,True
39611119,15.47000000,11.07000000,171.25290000,1665878652866,False,True
39611120,15.47000000,1.87000000,28.92890000,1665878652883,False,True
39611121,15.47000000,12.94000000,200.18180000,1665878652883,False,True
39611122,15.47000000,1.48000000,22.89560000,1665878653034,True,True
39611123,15.47000000,8.48000000,131.18560000,1665878653470,True,True
39611124,15.48000000,5.84000000,90.40320000,1665878674068,False,True
39611125,15.48000000,0.99000000,15.32520000,1665878674068,False,True
39611126,15.48000000,3.30000000,51.08400000,1665878674068,False,True
39611127,15.48000000,1.46000000,22.60080000,1665878674068,False,True
39611128,15.48000000,43.59000000,674.77320000,1665878687219,True,True
39611129,15.48000000,62.21000000,963.01080000,1665878687219,True,True
39611130,15.48000000,123.13000000,1906.05240000,1665878687219,True,True
39611131,15.48000000,145.01000000,2244.75480000,1665878687219,True,True
39611132,15.48000000,86.44000000,1338.09120000,1665878687219,True,True
39611133,15.48000000,29.14000000,451.08720000,1665878687219,True,True
39611134,15.48000000,19.68000000,304.64640000,1665878700163,False,True
39611135,15.48000000,126.40000000,1956.67200000,1665878700163,False,True
39611136,15.48000000,12.91000000,199.84680000,1665878701808,True,True
39611137,15.48000000,12.91000000,199.84680000,1665878701831,True,True
39611138,15.48000000,6.77000000,104.79960000,1665878701842,True,True
39611139,15.48000000,13.01000000,201.39480000,1665878716580,False,True
39611140,15.48000000,1.75000000,27.09000000,1665878718708,False,True
39611141,15.48000000,47.44000000,734.37120000,1665878719137,False,True
39611142,15.48000000,125.71000000,1945.99080000,1665878719137,False,True
39611143,15.48000000,6.78000000,104.95440000,1665878719137,False,True
39611144,15.49000000,1.94000000,30.05060000,1665878719137,False,True
39611145,15.49000000,3.23000000,50.03270000,1665878719137,False,True
39611146,15.49000000,4.40000000,68.15600000,1665878719137,False,True
39611147,15.49000000,3.30000000,51.11700000,1665878719137,False,True
39611148,15.49000000,1.46000000,22.61540000,1665878719137,False,True
39611149,15.49000000,7.03000000,108.89470000,1665878719137,False,True
39611150,15.49000000,28.65000000,443.78850000,1665878719137,False,True
39611151,15.49000000,62.14000000,962.54860000,1665878719137,False,True
39611152,15.49000000,112.88000000,1748.51120000,1665878719137,False,True
39611153,15.49000000,215.37000000,3336.08130000,1665878719137,False,True
39611154,15.49000000,1.09000000,16.88410000,1665878719137,False,True
39611155,15.49000000,1.09000000,16.88410000,1665878719137,False,True
39611156,15.49000000,1.11000000,17.19390000,1665878719137,False,True
39611157,15.49000000,1.09000000,16.88410000,1665878719137,False,True
39611158,15.49000000,1.09000000,16.88410000,1665878719137,False,True
39611159,15.49000000,1.11000000,17.19390000,1665878719137,False,True
39611160,15.49000000,84.00000000,1301.16000000,1665878719137,False,True
39611161,15.49000000,46.24000000,716.25760000,1665878719137,False,True
39611162,15.49000000,128.64000000,1992.63360000,1665878719137,False,True
39611163,15.49000000,26.00000000,402.74000000,1665878719137,False,True
39611164,15.49000000,12.13000000,187.89370000,1665878719137,False,True
39611165,15.49000000,7.03000000,108.89470000,1665878719137,False,True
39611166,15.49000000,59.77000000,925.83730000,1665878719137,False,True
39611167,15.49000000,11.35000000,175.81150000,1665878719137,False,True
39611168,15.49000000,8.27000000,128.10230000,1665878719137,False,True
39611169,15.49000000,10.00000000,154.90000000,1665878719137,False,True
39611170,15.50000000,273.77000000,4243.43500000,1665878719137,False,True
39611171,15.50000000,326.51000000,5060.90500000,1665878719137,False,True
39611172,15.47000000,7.02000000,108.59940000,1665878735627,True,True
39611173,15.47000000,3.30000000,51.05100000,1665878735627,True,True
39611174,15.47000000,11.05000000,170.94350000,1665878735632,True,True
39611175,15.47000000,10.82000000,167.38540000,1665878735633,True,True
39611176,15.47000000,5.68000000,87.86960000,1665878735634,True,True
39611177,15.48000000,4.66000000,72.13680000,1665878738844,True,True
39611178,15.48000000,1.90000000,29.41200000,1665878779916,True,True
39611179,15.47000000,3.30000000,51.05100000,1665878808460,True,True
39611180,15.47000000,10.00000000,154.70000000,1665878808460,True,True
39611181,15.47000000,1.46000000,22.58620000,1665878808460,True,True
39611182,15.47000000,1.94000000,30.01180000,1665878808460,True,True
39611183,15.47000000,5.09000000,78.74230000,1665878808570,False,True
39611184,15.47000000,0.26000000,4.02220000,1665878809460,False,True
39611185,15.47000000,1.75000000,27.07250000,1665878809460,False,True
39611186,15.47000000,3.00000000,46.41000000,1665878833220,True,True
39611187,15.47000000,7.03000000,108.75410000,1665878843475,True,True
39611188,15.46000000,7.02000000,108.52920000,1665878853528,True,True
39611189,15.46000000,6.00000000,92.76000000,1665878853528,True,True
39611190,15.46000000,0.64000000,9.89440000,1665878853528,True,True
39611191,15.47000000,3.23000000,49.96810000,1665878889010,False,True
39611192,15.47000000,4.14000000,64.04580000,1665878889527,False,True
39611193,15.46000000,45.05000000,696.47300000,1665878891609,True,True
39611194,15.46000000,63.78000000,986.03880000,1665878894915,True,True
39611195,15.46000000,1.08000000,16.69680000,1665878894915,True,True
39611196,15.46000000,17.12000000,264.67520000,1665878894915,True,True
39611197,15.46000000,99.91000000,1544.60860000,1665878895329,True,True
39611198,15.46000000,6.99000000,108.06540000,1665878895344,True,True
39611199,15.46000000,3.72000000,57.51120000,1665878895693,True,True
39611200,15.46000000,3.72000000,57.51120000,1665878895693,True,True
39611201,15.46000000,3.72000000,57.51120000,1665878895697,True,True
39611202,15.46000000,3.72000000,57.51120000,1665878895697,True,True
39611203,15.46000000,4.12000000,63.69520000,1665878907767,True,True
39611204,15.46000000,1.74000000,26.90040000,1665878910953,True,True
39611205,15.46000000,14.44000000,223.24240000,1665878911024,True,True
39611206,15.46000000,3.65000000,56.42900000,1665878911089,True,True
39611207,15.46000000,3.65000000,56.42900000,1665878911161,True,True
39611208,15.46000000,3.59000000,55.50140000,1665878911219,True,True
39611209,15.46000000,3.53000000,54.57380000,1665878911282,True,True
39611210,15.46000000,11.59000000,179.18140000,1665878911349,True,True
39611211,15.46000000,3.41000000,52.71860000,1665878911405,True,True
39611212,15.46000000,3.41000000,52.71860000,1665878911592,True,True
39611213,15.46000000,3.35000000,51.79100000,1665878911666,True,True
39611214,15.46000000,13.99000000,216.28540000,1665878911720,True,True
39611215,15.46000000,3.18000000,49.16280000,1665878911786,True,True
39611216,15.46000000,3.18000000,49.16280000,1665878911853,True,True
39611217,15.46000000,3.13000000,48.38980000,1665878911912,True,True
39611218,15.46000000,3.07000000,47.46220000,1665878911978,True,True
39611219,15.46000000,3.02000000,46.68920000,1665878912038,True,True
39611220,15.46000000,1.22000000,18.86120000,1665878912093,True,True
39611221,15.46000000,1.75000000,27.05500000,1665878912304,True,True
39611222,15.46000000,2.90000000,44.83400000,1665878912357,True,True
39611223,15.46000000,2.82000000,43.59720000,1665878912421,True,True
39611224,15.46000000,2.82000000,43.59720000,1665878912483,True,True
39611225,15.46000000,2.77000000,42.82420000,1665878912552,True,True
39611226,15.46000000,2.72000000,42.05120000,1665878912741,True,True
39611227,15.46000000,2.67000000,41.27820000,1665878912796,True,True
39611228,15.46000000,2.63000000,40.65980000,1665878912861,True,True
39611229,15.46000000,2.54000000,39.26840000,1665878913074,True,True
39611230,15.46000000,2.54000000,39.26840000,1665878913136,True,True
39611231,15.46000000,2.45000000,37.87700000,1665878913321,True,True
39611232,15.46000000,2.45000000,37.87700000,1665878913377,True,True
39611233,15.46000000,2.41000000,37.25860000,1665878913435,True,True
39611234,15.46000000,2.33000000,36.02180000,1665878913511,True,True
39611235,15.46000000,2.33000000,36.02180000,1665878913569,True,True
39611236,15.46000000,2.28000000,35.24880000,1665878913632,True,True
39611237,15.46000000,2.10000000,32.46600000,1665878914065,True,True
39611238,15.46000000,1.76000000,27.20960000,1665878914122,True,True
39611239,15.46000000,1.62000000,25.04520000,1665878914202,True,True
39611240,15.46000000,1.16000000,17.93360000,1665878914272,True,True
39611241,15.46000000,1.48000000,22.88080000,1665878916060,True,True
39611242,15.46000000,6.81000000,105.28260000,1665878917768,True,True
39611243,15.46000000,13.72000000,212.11120000,1665878920764,True,True
39611244,15.46000000,40.01000000,618.55460000,1665878922219,True,True
39611245,15.46000000,15.76000000,243.64960000,1665878922227,True,True
39611246,15.46000000,8.99000000,138.98540000,1665878922227,True,True
39611247,15.46000000,1.22000000,18.86120000,1665878922229,True,True
39611248,15.45000000,3.08000000,47.58600000,1665879001457,True,True
39611249,15.46000000,7.84000000,121.20640000,1665879024382,False,True
39611250,15.46000000,1.09000000,16.85140000,1665879024382,False,True
39611251,15.46000000,1.09000000,16.85140000,1665879024382,False,True
39611252,15.46000000,1.09000000,16.85140000,1665879024382,False,True
39611253,15.46000000,1.09000000,16.85140000,1665879024382,False,True
39611254,15.46000000,7.02000000,108.52920000,1665879024382,False,True
39611255,15.46000000,7.02000000,108.52920000,1665879024382,False,True
39611256,15.47000000,1.11000000,17.17170000,1665879045089,False,True
39611257,15.46000000,28.12000000,434.73520000,1665879093628,True,True
39611258,15.46000000,8.25000000,127.54500000,1665879093660,True,True
39611259,15.46000000,1.09000000,16.85140000,1665879115795,False,True
39611260,15.46000000,1.09000000,16.85140000,1665879115795,False,True
39611261,15.46000000,1.09000000,16.85140000,1665879115795,False,True
39611262,15.46000000,1.09000000,16.85140000,1665879115795,False,True
39611263,15.47000000,5.91000000,91.42770000,1665879149239,False,True
39611264,15.47000000,4.08000000,63.11760000,1665879149239,False,True
39611265,15.47000000,0.13000000,2.01110000,1665879149239,False,True
39611266,15.47000000,0.96000000,14.85120000,1665879149249,False,True
39611267,15.47000000,1.09000000,16.86230000,1665879149249,False,True
39611268,15.47000000,1.09000000,16.86230000,1665879149249,False,True
39611269,15.47000000,1.09000000,16.86230000,1665879149249,False,True
39611270,15.48000000,3.30000000,51.08400000,1665879250689,False,True
39611271,15.48000000,4.56000000,70.58880000,1665879250689,False,True
39611272,15.48000000,2.22000000,34.36560000,1665879332990,False,True
39611273,15.48000000,1.09000000,16.87320000,1665879332990,False,True
39611274,15.48000000,1.09000000,16.87320000,1665879332990,False,True
39611275,15.48000000,1.09000000,16.87320000,1665879332990,False,True
39611276,15.48000000,1.09000000,16.87320000,1665879332990,False,True
39611277,15.48000000,1.46000000,22.60080000,1665879332990,False,True
39611278,15.48000000,5.60000000,86.68800000,1665879333391,True,True
39611279,15.48000000,6.42000000,99.38160000,1665879333399,True,True
39611280,15.48000000,10.21000000,158.05080000,1665879333399,True,True
39611281,15.48000000,12.02000000,186.06960000,1665879336608,True,True
39611282,15.48000000,1.09000000,16.87320000,1665879370790,False,True
39611283,15.48000000,0.41000000,6.34680000,1665879370790,False,True
39611284,15.48000000,1.09000000,16.87320000,1665879404645,False,True
39611285,15.48000000,1.09000000,16.87320000,1665879404645,False,True
39611286,15.48000000,1.09000000,16.87320000,1665879404645,False,True
39611287,15.48000000,1.09000000,16.87320000,1665879404645,False,True
39611288,15.49000000,0.78000000,12.08220000,1665879405268,False,True
39611289,15.49000000,0.64000000,9.91360000,1665879448551,False,True
39611290,15.49000000,2.59000000,40.11910000,1665879461882,False,True
39611291,15.49000000,3.30000000,51.11700000,1665879461882,False,True
39611292,15.49000000,1.69000000,26.17810000,1665879461882,False,True
39611293,15.49000000,5.84000000,90.46160000,1665879461882,False,True
39611294,15.49000000,0.36000000,5.57640000,1665879470311,False,True
39611295,15.49000000,1.09000000,16.88410000,1665879470311,False,True
39611296,15.49000000,1.09000000,16.88410000,1665879470311,False,True
39611297,15.49000000,0.20000000,3.09800000,1665879470311,False,True
39611298,15.49000000,0.89000000,13.78610000,1665879474996,False,True
39611299,15.49000000,1.09000000,16.88410000,1665879474996,False,True
39611300,15.49000000,10.93000000,169.30570000,1665879474996,False,True
39611301,15.48000000,1.00000000,15.48000000,1665879540070,True,True
39611302,15.48000000,35.36000000,547.37280000,1665879540070,True,True
39611303,15.48000000,1.09000000,16.87320000,1665879576154,False,True
39611304,15.48000000,1.09000000,16.87320000,1665879576154,False,True
39611305,15.48000000,1.09000000,16.87320000,1665879576154,False,True
39611306,15.48000000,1.09000000,16.87320000,1665879576154,False,True
39611307,15.48000000,0.58000000,8.97840000,1665879576154,False,True
39611308,15.48000000,1.00000000,15.48000000,1665879635362,False,True
39611309,15.48000000,0.71000000,10.99080000,1665879659425,False,True
39611310,15.48000000,3.91000000,60.52680000,1665879673053,False,True
39611311,15.48000000,1.39000000,21.51720000,1665879673053,False,True
39611312,15.48000000,20.19000000,312.54120000,1665879771792,False,True
39611313,15.48000000,1.09000000,16.87320000,1665879771792,False,True
39611314,15.48000000,1.09000000,16.87320000,1665879771792,False,True
39611315,15.48000000,1.09000000,16.87320000,1665879771792,False,True
39611316,15.48000000,1.09000000,16.87320000,1665879771792,False,True
39611317,15.48000000,8.34000000,129.10320000,1665879771792,False,True
39611318,15.48000000,0.64000000,9.90720000,1665879799649,False,True
39611319,15.47000000,3.30000000,51.05100000,1665879854869,True,True
39611320,15.47000000,6.99000000,108.13530000,1665879854869,True,True
39611321,15.47000000,1.46000000,22.58620000,1665879854869,True,True
39611322,15.47000000,21.14000000,327.03580000,1665879854869,True,True
39611323,15.47000000,43.12000000,667.06640000,1665879854870,True,True
39611324,15.47000000,38.68000000,598.37960000,1665879854888,True,True
39611325,15.47000000,109.57000000,1695.04790000,1665879854900,True,True
39611326,15.46000000,24.29000000,375.52340000,1665879858928,False,True
39611327,15.46000000,7.89000000,121.97940000,1665879858939,False,True
39611328,15.47000000,1.09000000,16.86230000,1665879922658,False,True
39611329,15.47000000,1.09000000,16.86230000,1665879922658,False,True
39611330,15.47000000,1.09000000,16.86230000,1665879922658,False,True
39611331,15.47000000,22.26000000,344.36220000,1665879922658,False,True
39611332,15.47000000,27.95000000,432.38650000,1665879922673,False,True
39611333,15.47000000,25.86000000,400.05420000,1665879922683,False,True
39611334,15.47000000,14.46000000,223.69620000,1665879922843,False,True
39611335,15.47000000,5.51000000,85.23970000,1665879922843,False,True
39611336,15.48000000,14.87000000,230.18760000,1665879946680,False,True
39611337,15.47000000,7.92000000,122.52240000,1665879979455,True,True
39611338,15.47000000,6.03000000,93.28410000,1665879979592,False,True
39611339,15.47000000,5.88000000,90.96360000,1665879979909,False,True
39611340,15.48000000,6.46000000,100.00080000,1665879985547,False,True
39611341,15.48000000,7.01000000,108.51480000,1665880032900,False,True
39611342,15.48000000,3.16000000,48.91680000,1665880032900,False,True
39611343,15.48000000,14.30000000,221.36400000,1665880032900,False,True
39611344,15.48000000,0.97000000,15.01560000,1665880042865,False,True
39611345,15.48000000,26.55000000,410.99400000,1665880045041,False,True
39611346,15.48000000,2.43000000,37.61640000,1665880103953,False,True
39611347,15.48000000,19.83000000,306.96840000,1665880107424,False,True
39611348,15.49000000,0.85000000,13.16650000,1665880125424,False,True
39611349,15.49000000,1.55000000,24.00950000,1665880125924,False,True
39611350,15.49000000,0.90000000,13.94100000,1665880126029,False,True
39611351,15.49000000,0.49000000,7.59010000,1665880126029,False,True
39611352,15.49000000,0.97000000,15.02530000,1665880126040,False,True
39611353,15.49000000,64.98000000,1006.54020000,1665880135502,True,True
39611354,15.49000000,5.38000000,83.33620000,1665880135504,True,True
39611355,15.49000000,28.33000000,438.83170000,1665880135510,True,True
39611356,15.49000000,17.49000000,270.92010000,1665880135512,True,True
39611357,15.49000000,2.48000000,38.41520000,1665880135512,True,True
39611358,15.49000000,4.53000000,70.16970000,1665880135513,True,True
39611359,15.49000000,24.12000000,373.61880000,1665880135513,True,True
39611360,15.49000000,27.71000000,429.22790000,1665880135517,True,True
39611361,15.49000000,14.92000000,231.11080000,1665880135525,True,True
39611362,15.49000000,12.40000000,192.07600000,1665880135525,True,True
39611363,15.49000000,6.10000000,94.48900000,1665880135525,True,True
39611364,15.49000000,6.20000000,96.03800000,1665880135587,True,True
39611365,15.49000000,1.01000000,15.64490000,1665880135973,True,True
39611366,15.48000000,1.10000000,17.02800000,1665880151718,True,True
39611367,15.48000000,42.31000000,654.95880000,1665880216110,False,True
39611368,15.48000000,4.55000000,70.43400000,1665880216110,False,True
39611369,15.48000000,53.92000000,834.68160000,1665880314945,False,True
39611370,15.48000000,7.66000000,118.57680000,1665880314945,False,True
39611371,15.48000000,6.20000000,95.97600000,1665880314945,False,True
39611372,15.48000000,1.09000000,16.87320000,1665880314945,False,True
39611373,15.48000000,1.09000000,16.87320000,1665880314945,False,True
39611374,15.48000000,39.24000000,607.43520000,1665880314945,False,True
39611375,15.47000000,0.99000000,15.31530000,1665880372071,True,True
39611376,15.47000000,1.46000000,22.58620000,1665880373439,True,True
39611377,15.47000000,3.53000000,54.60910000,1665880420957,False,True
39611378,15.46000000,2.60000000,40.19600000,1665880441371,True,True
39611379,15.47000000,1.48000000,22.89560000,1665880442109,False,True
39611380,15.47000000,15.00000000,232.05000000,1665880442218,False,True
39611381,15.47000000,13.65000000,211.16550000,1665880442218,False,True
39611382,15.47000000,1.48000000,22.89560000,1665880442385,False,True
39611383,15.47000000,33.74000000,521.95780000,1665880442875,False,True
39611384,15.47000000,26.54000000,410.57380000,1665880442884,False,True
39611385,15.47000000,14.81000000,229.11070000,1665880442885,False,True
39611386,15.47000000,1.09000000,16.86230000,1665880442885,False,True
39611387,15.47000000,1.09000000,16.86230000,1665880442885,False,True
39611388,15.47000000,26.58000000,411.19260000,1665880457908,False,True
39611389,15.47000000,0.92000000,14.23240000,1665880458646,False,True
39611390,15.47000000,39.27000000,607.50690000,1665880534940,False,True
39611391,15.47000000,67.06000000,1037.41820000,1665880534940,False,True
39611392,15.47000000,1.09000000,16.86230000,1665880534940,False,True
39611393,15.47000000,1.09000000,16.86230000,1665880534940,False,True
39611394,15.47000000,21.00000000,324.87000000,1665880562104,True,True
39611395,15.47000000,19.30000000,298.57100000,1665880565112,True,True
39611396,15.47000000,1.70000000,26.29900000,1665880565112,True,True
39611397,15.47000000,1.09000000,16.86230000,1665880573894,False,True
39611398,15.47000000,1.09000000,16.86230000,1665880573894,False,True
39611399,15.47000000,1.05000000,16.24350000,1665880573894,False,True
39611400,15.47000000,1.48000000,22.89560000,1665880605162,False,True
39611401,15.47000000,32.61000000,504.47670000,1665880605197,False,True
39611402,15.47000000,5.88000000,90.96360000,1665880605200,False,True
39611403,15.47000000,22.56000000,349.00320000,1665880605202,False,True
39611404,15.47000000,1.09000000,16.86230000,1665880605202,False,True
39611405,15.47000000,1.09000000,16.86230000,1665880605202,False,True
39611406,15.48000000,1.97000000,30.49560000,1665880656037,False,True
39611407,15.48000000,5.04000000,78.01920000,1665880678862,False,True
39611408,15.48000000,6.07000000,93.96360000,1665880678862,False,True
39611409,15.48000000,125.41000000,1941.34680000,1665880678862,False,True
39611410,15.48000000,1.09000000,16.87320000,1665880678862,False,True
39611411,15.48000000,1.09000000,16.87320000,1665880678862,False,True
39611412,15.48000000,90.32000000,1398.15360000,1665880678862,False,True
39611413,15.48000000,12.91000000,199.84680000,1665880735561,True,True
39611414,15.48000000,44.57000000,689.94360000,1665880735561,True,True
39611415,15.48000000,38.06000000,589.16880000,1665880735561,True,True
39611416,15.48000000,3.75000000,58.05000000,1665880735561,True,True
39611417,15.48000000,21.08000000,326.31840000,1665880735561,True,True
39611418,15.48000000,8.03000000,124.30440000,1665880735561,True,True
39611419,15.49000000,3.30000000,51.11700000,1665880792539,False,True
39611420,15.49000000,1.87000000,28.96630000,1665880792539,False,True
39611421,15.49000000,5.45000000,84.42050000,1665880792548,False,True
39611422,15.49000000,1.09000000,16.88410000,1665880792548,False,True
39611423,15.49000000,1.09000000,16.88410000,1665880792548,False,True
39611424,15.49000000,14.04000000,217.47960000,1665880792548,False,True
39611425,15.49000000,1.46000000,22.61540000,1665880792548,False,True
39611426,15.50000000,6.21000000,96.25500000,1665880792933,False,True
39611427,15.50000000,28.06000000,434.93000000,1665880792934,False,True
39611428,15.50000000,478.07000000,7410.08500000,1665880792949,False,True
39611429,15.50000000,11.94000000,185.07000000,1665880792952,False,True
39611430,15.50000000,84.00000000,1302.00000000,1665880792962,False,True
39611431,15.50000000,0.68000000,10.54000000,1665880792963,False,True
39611432,15.50000000,21.14000000,327.67000000,1665880793060,False,True
39611433,15.50000000,0.83000000,12.86500000,1665880793060,False,True
39611434,15.50000000,3.22000000,49.91000000,1665880793060,False,True
39611435,15.50000000,11.31000000,175.30500000,1665880793060,False,True
39611436,15.50000000,1.73000000,26.81500000,1665880793060,False,True
39611437,15.50000000,38.10000000,590.55000000,1665880798860,True,True
39611438,15.50000000,65.48000000,1014.94000000,1665880798860,True,True
39611439,15.50000000,7.03000000,108.96500000,1665880798860,True,True
39611440,15.50000000,124.71000000,1933.00500000,1665880798860,True,True
39611441,15.50000000,17.79000000,275.74500000,1665880798860,True,True
39611442,15.50000000,6.45000000,99.97500000,1665880798860,True,True
39611443,15.50000000,43.52000000,674.56000000,1665880798860,True,True
39611444,15.50000000,117.30000000,1818.15000000,1665880798860,True,True
39611445,15.50000000,62.88000000,974.64000000,1665880798860,True,True
39611446,15.50000000,12.30000000,190.65000000,1665880798860,True,True
39611447,15.50000000,11.70000000,181.35000000,1665880798860,True,True
39611448,15.49000000,65.47000000,1014.13030000,1665880798860,True,True
39611449,15.49000000,130.45000000,2020.67050000,1665880798860,True,True
39611450,15.50000000,6.60000000,102.30000000,1665880802087,True,True
39611451,15.50000000,7.02000000,108.81000000,1665880802087,True,True
39611452,15.50000000,4.00000000,62.00000000,1665880802087,True,True
39611453,15.49000000,5.85000000,90.61650000,1665880897051,True,True
39611454,15.49000000,6.20000000,96.03800000,1665880897051,True,True
39611455,15.49000000,45.52000000,705.10480000,1665880897051,True,True
39611456,15.49000000,62.00000000,960.38000000,1665880897051,True,True
39611457,15.48000000,65.43000000,1012.85640000,1665880897051,True,True
39611458,15.48000000,14.80000000,229.10400000,1665880897051,True,True
39611459,15.50000000,1.11000000,17.20500000,1665880904051,False,True
39611460,15.50000000,12.89000000,199.79500000,1665880904888,False,True
39611461,15.50000000,12.89000000,199.79500000,1665880905225,False,True
39611462,15.50000000,0.67000000,10.38500000,1665880906498,False,True
39611463,15.50000000,9.59000000,148.64500000,1665880968731,False,True
39611464,15.50000000,3.00000000,46.50000000,1665881017603,False,True
39611465,15.50000000,33.64000000,521.42000000,1665881024248,False,True
39611466,15.50000000,6.36000000,98.58000000,1665881024248,False,True
39611467,15.50000000,44.53000000,690.21500000,1665881024259,False,True
39611468,15.50000000,20.00000000,310.00000000,1665881024265,False,True
39611469,15.50000000,23.86000000,369.83000000,1665881024271,False,True
39611470,15.50000000,4.09000000,63.39500000,1665881024272,False,True
39611471,15.50000000,1.09000000,16.89500000,1665881024272,False,True
39611472,15.50000000,1.48000000,22.94000000,1665881024297,True,True
39611473,15.51000000,178.80000000,2773.18800000,1665881075123,False,True
39611474,15.51000000,1.28000000,19.85280000,1665881075130,False,True
39611475,15.51000000,61.95000000,960.84450000,1665881075131,False,True
39611476,15.51000000,75.22000000,1166.66220000,1665881075180,False,True
39611477,15.51000000,3.30000000,51.18300000,1665881075180,False,True
39611478,15.51000000,1.46000000,22.64460000,1665881075180,False,True
39611479,15.51000000,1.68000000,26.05680000,1665881076653,True,True
39611480,15.51000000,1.69000000,26.21190000,1665881076654,True,True
39611481,15.51000000,1.95000000,30.24450000,1665881076655,True,True
39611482,15.51000000,1.44000000,22.33440000,1665881076655,True,True
39611483,15.51000000,67.72000000,1050.33720000,1665881080976,True,True
39611484,15.52000000,1.93000000,29.95360000,1665881087578,False,True
39611485,15.52000000,0.91000000,14.12320000,1665881087578,False,True
39611486,15.52000000,1.31000000,20.33120000,1665881087578,False,True
39611487,15.52000000,0.78000000,12.10560000,1665881087578,False,True
39611488,15.52000000,3.22000000,49.97440000,1665881087578,False,True
39611489,15.52000000,7.64000000,118.57280000,1665881087578,False,True
39611490,15.52000000,3.22000000,49.97440000,1665881087578,False,True
39611491,15.52000000,14.05000000,218.05600000,1665881087578,False,True
39611492,15.52000000,19.68000000,305.43360000,1665881087578,False,True
39611493,15.52000000,3.30000000,51.21600000,1665881087578,False,True
39611494,15.52000000,1.46000000,22.65920000,1665881087578,False,True
39611495,15.53000000,0.69000000,10.71570000,1665881087578,False,True
39611496,15.53000000,135.02000000,2096.86060000,1665881087578,False,True
39611497,15.53000000,2.14000000,33.23420000,1665881087578,False,True
39611498,15.51000000,1.10000000,17.06100000,1665881098569,True,True
39611499,15.51000000,1.10000000,17.06100000,1665881099223,True,True
39611500,15.51000000,84.00000000,1302.84000000,1665881114587,True,True
39611501,15.51000000,20.27000000,314.38770000,1665881114600,True,True
39611502,15.51000000,3.41000000,52.88910000,1665881114600,True,True
39611503,15.51000000,4.29000000,66.53790000,1665881114600,True,True
39611504,15.51000000,1.91000000,29.62410000,1665881114603,True,True
39611505,15.51000000,1.09000000,16.90590000,1665881114603,True,True
39611506,15.51000000,7.01000000,108.72510000,1665881114603,True,True
39611507,15.51000000,7.03000000,109.03530000,1665881114603,True,True
39611508,15.51000000,11.46000000,177.74460000,1665881114603,True,True
39611509,15.51000000,8.22000000,127.49220000,1665881114609,True,True
39611510,15.50000000,2.63000000,40.76500000,1665881193013,True,True
39611511,15.51000000,0.97000000,15.04470000,1665881219767,False,True
39611512,15.51000000,0.51000000,7.91010000,1665881219767,False,True
39611513,15.51000000,5.10000000,79.10100000,1665881237877,False,True
39611514,15.51000000,86.99000000,1349.21490000,1665881237877,False,True
39611515,15.51000000,20.00000000,310.20000000,1665881237880,False,True
39611516,15.51000000,80.00000000,1240.80000000,1665881237885,False,True
39611517,15.51000000,1.37000000,21.24870000,1665881244803,True,True
39611518,15.52000000,6.44000000,99.94880000,1665881262273,False,True
39611519,15.52000000,20.00000000,310.40000000,1665881263933,False,True
39611520,15.52000000,40.70000000,631.66400000,1665881263934,False,True
39611521,15.52000000,16.86000000,261.66720000,1665881263936,False,True
39611522,15.52000000,20.27000000,314.59040000,1665881263936,False,True
39611523,15.52000000,14.04000000,217.90080000,1665881263936,False,True
39611524,15.52000000,13.77000000,213.71040000,1665881263936,False,True
39611525,15.52000000,5.91000000,91.72320000,1665881263937,False,True
39611526,15.52000000,7.03000000,109.10560000,1665881263937,False,True
39611527,15.52000000,27.06000000,419.97120000,1665881263937,False,True
39611528,15.52000000,20.00000000,310.40000000,1665881263939,False,True
39611529,15.52000000,20.00000000,310.40000000,1665881263943,False,True
39611530,15.52000000,20.00000000,310.40000000,1665881263945,False,True
39611531,15.52000000,1.04000000,16.14080000,1665881263949,False,True
39611532,15.52000000,2.11000000,32.74720000,1665881263952,False,True
39611533,15.52000000,3.29000000,51.06080000,1665881263956,False,True
39611534,15.53000000,97.13000000,1508.42890000,1665881264066,False,True
39611535,15.53000000,2.87000000,44.57110000,1665881264066,False,True
39611536,15.53000000,3.30000000,51.24900000,1665881267061,False,True
39611537,15.53000000,1.46000000,22.67380000,1665881267061,False,True
39611538,15.53000000,40.14000000,623.37420000,1665881267061,False,True
39611539,15.53000000,29.34000000,455.65020000,1665881267123,False,True
39611540,15.53000000,2.26000000,35.09780000,1665881267131,False,True
39611541,15.53000000,1.95000000,30.28350000,1665881267132,False,True
39611542,15.53000000,19.81000000,307.64930000,1665881267134,False,True
39611543,15.53000000,2.96000000,45.96880000,1665881267247,True,True
39611544,15.53000000,2.96000000,45.96880000,1665881267486,True,True
39611545,15.53000000,0.50000000,7.76500000,1665881267624,True,True
39611546,15.53000000,2.46000000,38.20380000,1665881267624,True,True
39611547,15.53000000,2.87000000,44.57110000,1665881267726,True,True
39611548,15.52000000,4.08000000,63.32160000,1665881268428,True,True
39611549,15.53000000,5.35000000,83.08550000,1665881307231,True,True
39611550,15.53000000,6.20000000,96.28600000,1665881308275,True,True
39611551,15.52000000,0.84000000,13.03680000,1665881315613,True,True
39611552,15.52000000,4.37000000,67.82240000,1665881315614,True,True
39611553,15.52000000,24.27000000,376.67040000,1665881315614,True,True
39611554,15.52000000,50.68000000,786.55360000,1665881315615,True,True
39611555,15.51000000,7.03000000,109.03530000,1665881318134,True,True
39611556,15.51000000,1.46000000,22.64460000,1665881318134,True,True
39611557,15.51000000,5.04000000,78.17040000,1665881318134,True,True
39611558,15.51000000,1.09000000,16.90590000,1665881318134,True,True
39611559,15.51000000,1.09000000,16.90590000,1665881318134,True,True
39611560,15.51000000,8.47000000,131.36970000,1665881318134,True,True
39611561,15.51000000,1.48000000,22.95480000,1665881318197,False,True
39611562,15.51000000,1.48000000,22.95480000,1665881318287,False,True
39611563,15.50000000,12.90000000,199.95000000,1665881387705,True,True
39611564,15.50000000,3.30000000,51.15000000,1665881387705,True,True
39611565,15.50000000,11.72000000,181.66000000,1665881387705,True,True
39611566,15.50000000,14.04000000,217.62000000,1665881387705,True,True
39611567,15.50000000,45.96000000,712.38000000,1665881387705,True,True
39611568,15.50000000,0.93000000,14.41500000,1665881387705,True,True
39611569,15.50000000,0.53000000,8.21500000,1665881387711,True,True
39611570,15.50000000,13.38000000,207.39000000,1665881387753,False,True
39611571,15.50000000,13.18000000,204.29000000,1665881387753,False,True
39611572,15.50000000,7.40000000,114.70000000,1665881388750,False,True
39611573,15.50000000,19.68000000,305.04000000,1665881389591,False,True
39611574,15.50000000,14.04000000,217.62000000,1665881389591,False,True
39611575,15.50000000,6.45000000,99.97500000,1665881389591,False,True
39611576,15.51000000,23.92000000,370.99920000,1665881396147,False,True
39611577,15.51000000,9.68000000,150.13680000,1665881396147,False,True
39611578,15.51000000,27.88000000,432.41880000,1665881396228,False,True
39611579,15.51000000,28.52000000,442.34520000,1665881396231,False,True
39611580,15.51000000,14.37000000,222.87870000,1665881396231,False,True
39611581,15.51000000,1.95000000,30.24450000,1665881396231,False,True
39611582,15.51000000,45.96000000,712.83960000,1665881396234,False,True
39611583,15.51000000,5.61000000,87.01110000,1665881409686,True,True
39611584,15.51000000,9.01000000,139.74510000,1665881409686,True,True
39611585,15.50000000,1.48000000,22.94000000,1665881423713,True,True
39611586,15.50000000,0.65000000,10.07500000,1665881431267,True,True
39611587,15.50000000,6.40000000,99.20000000,1665881431267,True,True
39611588,15.50000000,6.99000000,108.34500000,1665881431267,True,True
39611589,15.50000000,1.48000000,22.94000000,1665881453293,False,True
39611590,15.50000000,2.63000000,40.76500000,1665881550119,True,True
39611591,15.50000000,4.30000000,66.65000000,1665881569694,True,True
39611592,15.51000000,2.79000000,43.27290000,1665881619863,False,True
39611593,15.51000000,6.20000000,96.16200000,1665881619863,False,True
39611594,15.52000000,0.98000000,15.20960000,1665881665927,False,True
39611595,15.52000000,3.58000000,55.56160000,1665881665930,False,True
39611596,15.52000000,1.21000000,18.77920000,1665881666430,False,True
39611597,15.52000000,0.83000000,12.88160000,1665881666934,False,True
39611598,15.52000000,0.69000000,10.70880000,1665881667432,False,True
39611599,15.52000000,1.13000000,17.53760000,1665881667439,False,True
39611600,15.52000000,4.44000000,68.90880000,1665881669312,True,True
39611601,15.52000000,1.15000000,17.84800000,1665881669315,True,True
39611602,15.52000000,0.83000000,12.88160000,1665881669372,True,True
39611603,15.52000000,1.58000000,24.52160000,1665881669372,True,True
39611604,15.52000000,2.41000000,37.40320000,1665881669448,True,True
39611605,15.52000000,2.00000000,31.04000000,1665881669496,True,True
39611606,15.52000000,14.05000000,218.05600000,1665881731856,False,True
39611607,15.52000000,3.30000000,51.21600000,1665881731856,False,True
39611608,15.52000000,0.61000000,9.46720000,1665881731856,False,True
39611609,15.52000000,6.20000000,96.22400000,1665881809161,False,True
39611610,15.52000000,1.29000000,20.02080000,1665881809216,False,True
39611611,15.52000000,0.84000000,13.03680000,1665881809222,False,True
39611612,15.53000000,0.71000000,11.02630000,1665881822968,False,True
39611613,15.53000000,33.07000000,513.57710000,1665881909678,False,True
39611614,15.53000000,18.63000000,289.32390000,1665881909680,False,True
39611615,15.53000000,3.22000000,50.00660000,1665881909680,False,True
39611616,15.53000000,3.30000000,51.24900000,1665881909680,False,True
39611617,15.53000000,1.46000000,22.67380000,1665881909680,False,True
39611618,15.54000000,0.99000000,15.38460000,1665881926203,False,True
39611619,15.54000000,0.96000000,14.91840000,1665881926203,False,True
39611620,15.54000000,0.65000000,10.10100000,1665881926203,False,True
39611621,15.54000000,3.30000000,51.28200000,1665881926203,False,True
39611622,15.54000000,1.46000000,22.68840000,1665881926203,False,True
39611623,15.54000000,1.10000000,17.09400000,1665881954292,True,True
39611624,15.55000000,1.11000000,17.26050000,1665881954713,False,True
39611625,15.55000000,0.82000000,12.75100000,1665881955899,False,True
39611626,15.55000000,0.76000000,11.81800000,1665881955899,False,True
39611627,15.55000000,1.96000000,30.47800000,1665881955899,False,True
39611628,15.55000000,1.51000000,23.48050000,1665881955899,False,True
39611629,15.55000000,0.97000000,15.08350000,1665881955899,False,True
39611630,15.55000000,6.46000000,100.45300000,1665881955899,False,True
39611631,15.55000000,9.00000000,139.95000000,1665881955899,False,True
39611632,15.55000000,3.21000000,49.91550000,1665881955899,False,True
39611633,15.55000000,19.64000000,305.40200000,1665881955899,False,True
39611634,15.55000000,21.69000000,337.27950000,1665881965964,False,True
39611635,15.55000000,1.09000000,16.94950000,1665881994879,False,True
39611636,15.55000000,1.09000000,16.94950000,1665881994879,False,True
39611637,15.55000000,3.30000000,51.31500000,1665881994879,False,True
39611638,15.55000000,6.20000000,96.41000000,1665881994879,False,True
39611639,15.55000000,0.40000000,6.22000000,1665881994879,False,True
39611640,15.54000000,36.43000000,566.12220000,1665882004174,False,True
39611641,15.54000000,1.23000000,19.11420000,1665882007419,True,True
39611642,15.54000000,18.45000000,286.71300000,1665882010929,True,True
39611643,15.54000000,1.84000000,28.59360000,1665882010929,True,True
39611644,15.54000000,58.74000000,912.81960000,1665882019881,False,True
39611645,15.53000000,1.83000000,28.41990000,1665882038366,True,True
39611646,15.53000000,1.26000000,19.56780000,1665882039029,True,True
39611647,15.53000000,1.90000000,29.50700000,1665882039034,True,True
39611648,15.53000000,1.89000000,29.35170000,1665882039036,True,True
39611649,15.54000000,0.95000000,14.76300000,1665882056960,False,True
39611650,15.54000000,2.62000000,40.71480000,1665882078207,False,True
39611651,15.54000000,8.80000000,136.75200000,1665882078207,False,True
39611652,15.54000000,1.36000000,21.13440000,1665882091441,False,True
39611653,15.54000000,42.59000000,661.84860000,1665882094628,False,True
39611654,15.53000000,1.91000000,29.66230000,1665882205436,True,True
39611655,15.53000000,3.21000000,49.85130000,1665882205436,True,True
39611656,15.53000000,7.16000000,111.19480000,1665882205436,True,True
39611657,15.53000000,3.39000000,52.64670000,1665882205532,False,True
39611658,15.53000000,12.98000000,201.57940000,1665882205727,False,True
39611659,15.53000000,6.96000000,108.08880000,1665882205727,False,True
39611660,15.53000000,1.71000000,26.55630000,1665882302942,True,True
39611661,15.53000000,11.50000000,178.59500000,1665882302942,True,True
39611662,15.54000000,0.87000000,13.51980000,1665882372727,False,True
39611663,15.54000000,5.99000000,93.08460000,1665882372727,False,True
39611664,15.54000000,7.03000000,109.24620000,1665882372727,False,True
39611665,15.54000000,6.50000000,101.01000000,1665882378925,True,True
39611666,15.54000000,5.03000000,78.16620000,1665882379854,False,True
39611667,15.53000000,18.62000000,289.16860000,1665882407704,True,True
39611668,15.54000000,3.00000000,46.62000000,1665882421269,False,True
39611669,15.54000000,2.89000000,44.91060000,1665882431665,False,True
39611670,15.53000000,8.08000000,125.48240000,1665882453328,True,True
39611671,15.53000000,7.03000000,109.17590000,1665882453328,True,True
39611672,15.53000000,1.46000000,22.67380000,1665882453328,True,True
39611673,15.53000000,6.49000000,100.78970000,1665882453352,True,True
39611674,15.53000000,1.48000000,22.98440000,1665882453434,False,True
39611675,15.53000000,4.71000000,73.14630000,1665882603962,False,True
39611676,15.53000000,7.02000000,109.02060000,1665882603962,False,True
39611677,15.53000000,19.68000000,305.63040000,1665882603962,False,True
39611678,15.53000000,2.45000000,38.04850000,1665882603962,False,True
39611679,15.53000000,12.13000000,188.37890000,1665882609942,False,True
39611680,15.53000000,46.71000000,725.40630000,1665882620173,False,True
39611681,15.53000000,49.36000000,766.56080000,1665882620173,False,True
39611682,15.53000000,2.68000000,41.62040000,1665882626387,False,True
39611683,15.52000000,2.67000000,41.43840000,1665882654752,True,True
39611684,15.52000000,29.18000000,452.87360000,1665882692083,True,True
39611685,15.52000000,1.46000000,22.65920000,1665882692083,True,True
39611686,15.52000000,3.30000000,51.21600000,1665882692083,True,True
39611687,15.52000000,1.48000000,22.96960000,1665882692110,False,True
39611688,15.52000000,3.22000000,49.97440000,1665882692118,False,True
39611689,15.52000000,0.82000000,12.72640000,1665882692123,False,True
39611690,15.52000000,26.78000000,415.62560000,1665882692124,False,True
39611691,15.52000000,33.60000000,521.47200000,1665882692182,False,True
39611692,15.52000000,7.93000000,123.07360000,1665882703527,False,True
39611693,15.52000000,5.73000000,88.92960000,1665882703541,False,True
39611694,15.52000000,61.23000000,950.28960000,1665882703541,False,True
39611695,15.52000000,7.02000000,108.95040000,1665882703541,False,True
39611696,15.52000000,26.98000000,418.72960000,1665882728086,False,True
39611697,15.52000000,2.16000000,33.52320000,1665882752915,False,True
39611698,15.52000000,6.44000000,99.94880000,1665882783481,False,True
39611699,15.52000000,1.61000000,24.98720000,1665882792040,False,True
39611700,15.52000000,3.28000000,50.90560000,1665882861570,False,True
39611701,15.52000000,2.02000000,31.35040000,1665882876036,False,True
39611702,15.52000000,28.65000000,444.64800000,1665882880190,False,True
39611703,15.52000000,100.00000000,1552.00000000,1665882882954,False,True
39611704,15.52000000,20.00000000,310.40000000,1665882882957,False,True
39611705,15.52000000,60.00000000,931.20000000,1665882882958,False,True
39611706,15.52000000,35.31000000,548.01120000,1665882882980,False,True
39611707,15.52000000,20.00000000,310.40000000,1665882882986,False,True
39611708,15.52000000,20.00000000,310.40000000,1665882883010,False,True
39611709,15.53000000,1.09000000,16.92770000,1665882927168,False,True
39611710,15.53000000,1.09000000,16.92770000,1665882927168,False,True
39611711,15.53000000,90.14000000,1399.87420000,1665882927168,False,True
39611712,15.53000000,6.19000000,96.13070000,1665882927168,False,True
39611713,15.53000000,14.16000000,219.90480000,1665882927168,False,True
39611714,15.53000000,32.35000000,502.39550000,1665882949324,False,True
39611715,15.53000000,0.93000000,14.44290000,1665882949324,False,True
39611716,15.53000000,5.27000000,81.84310000,1665882949589,False,True
39611717,15.53000000,14.70000000,228.29100000,1665882949589,False,True
39611718,15.53000000,6.13000000,95.19890000,1665882949589,False,True
39611719,15.52000000,11.08000000,171.96160000,1665882961339,True,True
39611720,15.52000000,17.57000000,272.68640000,1665882961339,True,True
39611721,15.52000000,2.11000000,32.74720000,1665882961350,True,True
39611722,15.52000000,10.00000000,155.20000000,1665882961350,True,True
39611723,15.52000000,5.09000000,78.99680000,1665882961350,True,True
39611724,15.52000000,5.45000000,84.58400000,1665882961445,False,True
39611725,15.52000000,12.88000000,199.89760000,1665882964689,False,True
39611726,15.52000000,6.20000000,96.22400000,1665882966724,False,True
39611727,15.52000000,6.68000000,103.67360000,1665882966724,False,True
39611728,15.52000000,6.20000000,96.22400000,1665883064604,False,True
39611729,15.52000000,19.68000000,305.43360000,1665883064604,False,True
39611730,15.52000000,56.81000000,881.69120000,1665883064604,False,True
39611731,15.51000000,2.00000000,31.02000000,1665883082251,True,True
39611732,15.51000000,0.85000000,13.18350000,1665883082251,True,True
39611733,15.52000000,9.89000000,153.49280000,1665883085089,False,True
39611734,15.51000000,3.27000000,50.71770000,1665883092156,True,True
39611735,15.52000000,3.31000000,51.37120000,1665883216443,False,True
39611736,15.51000000,6.00000000,93.06000000,1665883223263,True,True
39611737,15.51000000,3.30000000,51.18300000,1665883223263,True,True
39611738,15.51000000,21.05000000,326.48550000,1665883223263,True,True
39611739,15.51000000,23.94000000,371.30940000,1665883223766,True,True
39611740,15.51000000,19.68000000,305.23680000,1665883223766,True,True
39611741,15.51000000,9.92000000,153.85920000,1665883223766,True,True
39611742,15.51000000,1.46000000,22.64460000,1665883223766,True,True
39611743,15.51000000,4.52000000,70.10520000,1665883223766,True,True
39611744,15.50000000,2.50000000,38.75000000,1665883223807,True,True
39611745,15.50000000,116.97000000,1813.03500000,1665883223807,True,True
39611746,15.50000000,1.31000000,20.30500000,1665883223807,True,True
39611747,15.50000000,132.50000000,2053.75000000,1665883223807,True,True
39611748,15.50000000,1.93000000,29.91500000,1665883223807,True,True
39611749,15.50000000,80.90000000,1253.95000000,1665883223807,True,True
39611750,15.51000000,4.63000000,71.81130000,1665883223830,False,True
39611751,15.51000000,2.41000000,37.37910000,1665883225138,False,True
39611752,15.51000000,2.41000000,37.37910000,1665883225883,False,True
39611753,15.51000000,1.48000000,22.95480000,1665883226619,False,True
39611754,15.51000000,10.22000000,158.51220000,1665883240580,False,True
39611755,15.51000000,12.30000000,190.77300000,1665883240580,False,True
39611756,15.51000000,12.30000000,190.77300000,1665883240580,False,True
39611757,15.51000000,6.20000000,96.16200000,1665883240580,False,True
39611758,15.51000000,13.51000000,209.54010000,1665883240580,False,True
39611759,15.51000000,10.55000000,163.63050000,1665883334892,False,True
39611760,15.51000000,20.40000000,316.40400000,1665883381617,True,True
39611761,15.51000000,10.12000000,156.96120000,1665883412899,True,True
39611762,15.51000000,4.92000000,76.30920000,1665883412943,True,True
39611763,15.51000000,1.75000000,27.14250000,1665883512335,False,True
39611764,15.51000000,0.69000000,10.70190000,1665883529452,False,True
39611765,15.51000000,2.28000000,35.36280000,1665883560951,False,True
39611766,15.51000000,9.41000000,145.94910000,1665883574673,False,True
39611767,15.51000000,12.35000000,191.54850000,1665883574673,False,True
39611768,15.51000000,28.65000000,444.36150000,1665883574694,False,True
39611769,15.51000000,11.77000000,182.55270000,1665883575170,False,True
39611770,15.51000000,1.12000000,17.37120000,1665883575170,False,True
39611771,15.51000000,12.92000000,200.38920000,1665883575173,False,True
39611772,15.51000000,12.84000000,199.14840000,1665883580068,False,True
39611773,15.51000000,14.75000000,228.77250000,1665883597685,False,True
39611774,15.51000000,9.70000000,150.44700000,1665883597708,False,True
39611775,15.52000000,3.04000000,47.18080000,1665883661903,False,True
39611776,15.52000000,12.53000000,194.46560000,1665883682643,False,True
39611777,15.53000000,3.30000000,51.24900000,1665883704090,False,True
39611778,15.53000000,1.46000000,22.67380000,1665883704090,False,True
39611779,15.53000000,0.81000000,12.57930000,1665883704090,False,True
39611780,15.53000000,0.81000000,12.57930000,1665883704090,False,True
39611781,15.53000000,5.67000000,88.05510000,1665883705314,True,True
39611782,15.54000000,0.81000000,12.58740000,1665883787586,False,True
39611783,15.54000000,0.81000000,12.58740000,1665883787586,False,True
39611784,15.54000000,3.17000000,49.26180000,1665883787586,False,True
39611785,15.54000000,1.46000000,22.68840000,1665883787586,False,True
39611786,15.55000000,62.30000000,968.76500000,1665883787586,False,True
39611787,15.55000000,48.17000000,749.04350000,1665883787586,False,True
39611788,15.55000000,19.83000000,308.35650000,1665883787586,False,True
39611789,15.55000000,12.92000000,200.90600000,1665883787586,False,True
39611790,15.55000000,1.93000000,30.01150000,1665883787586,False,True
39611791,15.55000000,129.72000000,2017.14600000,1665883787586,False,True
39611792,15.55000000,0.81000000,12.59550000,1665883787586,False,True
39611793,15.55000000,1.55000000,24.10250000,1665883787586,False,True
39611794,15.54000000,1.31000000,20.35740000,1665883789461,True,True
39611795,15.54000000,1.65000000,25.64100000,1665883789464,True,True
39611796,15.54000000,2.00000000,31.08000000,1665883790128,True,True
39611797,15.54000000,1.53000000,23.77620000,1665883790130,True,True
39611798,15.54000000,11.01000000,171.09540000,1665883810513,False,True
39611799,15.55000000,1.11000000,17.26050000,1665883813867,False,True
39611800,15.54000000,4.27000000,66.35580000,1665883816925,True,True
39611801,15.54000000,2.80000000,43.51200000,1665883825329,True,True
39611802,15.55000000,3.21000000,49.91550000,1665883862130,False,True
39611803,15.55000000,0.65000000,10.10750000,1665883862130,False,True
39611804,15.55000000,3.07000000,47.73850000,1665883862130,False,True
39611805,15.55000000,6.18000000,96.09900000,1665883862130,False,True
39611806,15.55000000,5.25000000,81.63750000,1665883862130,False,True
39611807,15.55000000,10.31000000,160.32050000,1665883862130,False,True
39611808,15.55000000,116.09000000,1805.19950000,1665883862197,False,True
39611809,15.55000000,6.20000000,96.41000000,1665883862197,False,True
39611810,15.55000000,89.97000000,1399.03350000,1665883862197,False,True
39611811,15.55000000,1.46000000,22.70300000,1665883862197,False,True
39611812,15.55000000,3.30000000,51.31500000,1665883862197,False,True
39611813,15.55000000,1.09000000,16.94950000,1665883862197,False,True
39611814,15.55000000,1.09000000,16.94950000,1665883862197,False,True
39611815,15.55000000,7.29000000,113.35950000,1665883862197,False,True
39611816,15.55000000,33.29000000,517.65950000,1665883865545,True,True
39611817,15.55000000,6.18000000,96.09900000,1665883865545,True,True
39611818,15.55000000,46.51000000,723.23050000,1665883865545,True,True
39611819,15.55000000,13.51000000,210.08050000,1665883865545,True,True
39611820,15.55000000,7.65000000,118.95750000,1665883866987,True,True
39611821,15.56000000,3.60000000,56.01600000,1665883898917,False,True
39611822,15.56000000,1.30000000,20.22800000,1665883898917,False,True
39611823,15.56000000,1.37000000,21.31720000,1665883898917,False,True
39611824,15.56000000,0.72000000,11.20320000,1665883898917,False,True
39611825,15.56000000,0.65000000,10.11400000,1665883898917,False,True
39611826,15.56000000,1.46000000,22.71760000,1665883898917,False,True
39611827,15.56000000,3.30000000,51.34800000,1665883898917,False,True
39611828,15.56000000,8.94000000,139.10640000,1665883898982,True,True
39611829,15.56000000,1.52000000,23.65120000,1665883899041,True,True
39611830,15.56000000,2.94000000,45.74640000,1665883899112,True,True
39611831,15.56000000,2.94000000,45.74640000,1665883899179,True,True
39611832,15.56000000,2.94000000,45.74640000,1665883899382,True,True
39611833,15.56000000,1.10000000,17.11600000,1665883901125,True,True
39611834,15.57000000,1.01000000,15.72570000,1665883956520,False,True
39611835,15.57000000,0.70000000,10.89900000,1665883956520,False,True
39611836,15.57000000,0.71000000,11.05470000,1665883956520,False,True
39611837,15.57000000,8.03000000,125.02710000,1665883956520,False,True
39611838,15.57000000,3.21000000,49.97970000,1665883956520,False,True
39611839,15.57000000,6.20000000,96.53400000,1665883956520,False,True
39611840,15.57000000,3.30000000,51.38100000,1665883956520,False,True
39611841,15.57000000,1.46000000,22.73220000,1665883956520,False,True
39611842,15.57000000,5.07000000,78.93990000,1665883956520,False,True
39611843,15.57000000,0.88000000,13.70160000,1665883956520,False,True
39611844,15.57000000,1.41000000,21.95370000,1665883956520,False,True
39611845,15.57000000,1.48000000,23.04360000,1665883956772,True,True
39611846,15.57000000,1.92000000,29.89440000,1665883959619,True,True
39611847,15.58000000,0.69000000,10.75020000,1665883966775,False,True
39611848,15.58000000,1.93000000,30.06940000,1665883966775,False,True
39611849,15.58000000,1.30000000,20.25400000,1665883966775,False,True
39611850,15.58000000,0.08000000,1.24640000,1665883966775,False,True
39611851,15.58000000,0.63000000,9.81540000,1665883971194,False,True
39611852,15.58000000,1.29000000,20.09820000,1665883971194,False,True
39611853,15.58000000,2.21000000,34.43180000,1665883971209,False,True
39611854,15.58000000,4.86000000,75.71880000,1665883971209,False,True
39611855,15.58000000,4.69000000,73.07020000,1665883971330,False,True
39611856,15.58000000,3.30000000,51.41400000,1665883971330,False,True
39611857,15.58000000,1.46000000,22.74680000,1665883971330,False,True
39611858,15.58000000,1.11000000,17.29380000,1665883971330,False,True
39611859,15.58000000,0.70000000,10.90600000,1665883971341,True,True
39611860,15.58000000,14.04000000,218.74320000,1665883971486,True,True
39611861,15.58000000,6.42000000,100.02360000,1665883973388,True,True
39611862,15.58000000,6.42000000,100.02360000,1665883973485,True,True
39611863,15.58000000,2.41000000,37.54780000,1665883973894,True,True
39611864,15.58000000,30.12000000,469.26960000,1665883974384,True,True
39611865,15.58000000,36.25000000,564.77500000,1665883974384,True,True
39611866,15.57000000,2.40000000,37.36800000,1665883977297,True,True
39611867,15.57000000,80.00000000,1245.60000000,1665883981200,True,True
39611868,15.57000000,25.29000000,393.76530000,1665883981217,True,True
39611869,15.57000000,3.75000000,58.38750000,1665883981217,True,True
39611870,15.57000000,4.28000000,66.63960000,1665883987872,False,True
39611871,15.57000000,7.22000000,112.41540000,1665883994998,True,True
39611872,15.57000000,28.14000000,438.13980000,1665883997051,True,True
39611873,15.57000000,11.69000000,182.01330000,1665883997053,True,True
39611874,15.57000000,6.20000000,96.53400000,1665883999194,False,True
39611875,15.56000000,3.53000000,54.92680000,1665884025233,True,True
39611876,15.56000000,19.30000000,300.30800000,1665884025233,True,True
39611877,15.56000000,3.66000000,56.94960000,1665884025233,True,True
39611878,15.57000000,7.22000000,112.41540000,1665884112824,False,True
39611879,15.57000000,8.84000000,137.63880000,1665884112824,False,True
39611880,15.57000000,7.49000000,116.61930000,1665884112868,True,True
39611881,15.57000000,1.48000000,23.04360000,1665884112928,True,True
39611882,15.57000000,3.21000000,49.97970000,1665884113193,True,True
39611883,15.57000000,5.77000000,89.83890000,1665884118213,True,True
39611884,15.56000000,1.55000000,24.11800000,1665884168918,True,True
39611885,15.55000000,3.99000000,62.04450000,1665884183152,True,True
39611886,15.55000000,3.99000000,62.04450000,1665884183155,True,True
39611887,15.55000000,3.99000000,62.04450000,1665884183155,True,True
39611888,15.55000000,1.10000000,17.10500000,1665884183157,True,True
39611889,15.55000000,2.89000000,44.93950000,1665884183157,True,True
39611890,15.55000000,1.46000000,22.70300000,1665884184623,True,True
39611891,15.55000000,89.70000000,1394.83500000,1665884206741,False,True
39611892,15.56000000,2.41000000,37.49960000,1665884208065,True,True
39611893,15.56000000,2.41000000,37.49960000,1665884214129,True,True
39611894,15.56000000,5.35000000,83.24600000,1665884214429,True,True
39611895,15.56000000,4.39000000,68.30840000,1665884219671,True,True
39611896,15.55000000,118.75000000,1846.56250000,1665884237883,True,True
39611897,15.55000000,1.48000000,23.01400000,1665884243447,False,True
39611898,15.55000000,0.98000000,15.23900000,1665884243460,False,True
39611899,15.55000000,20.00000000,311.00000000,1665884276423,False,True
39611900,15.55000000,7.65000000,118.95750000,1665884280216,False,True
39611901,15.56000000,3.90000000,60.68400000,1665884288910,False,True
39611902,15.56000000,1.00000000,15.56000000,1665884305452,False,True
39611903,15.56000000,0.10000000,1.55600000,1665884308171,False,True
39611904,15.56000000,0.55000000,8.55800000,1665884331731,True,True
39611905,15.56000000,12.05000000,187.49800000,1665884331731,True,True
39611906,15.56000000,1.48000000,23.02880000,1665884359744,True,True
39611907,15.56000000,54.01000000,840.39560000,1665884364213,True,True
39611908,15.56000000,42.39000000,659.58840000,1665884364213,True,True
39611909,15.56000000,1.48000000,23.02880000,1665884485606,True,True
39611910,15.56000000,41.00000000,637.96000000,1665884506693,True,True
39611911,15.56000000,57.53000000,895.16680000,1665884506693,True,True
39611912,15.56000000,37.53000000,583.96680000,1665884506693,True,True
39611913,15.56000000,10.00000000,155.60000000,1665884523613,False,True
39611914,15.55000000,1.07000000,16.63850000,1665884574760,True,True
39611915,15.55000000,16.48000000,256.26400000,1665884598054,True,True
39611916,15.55000000,16.77000000,260.77350000,1665884598054,True,True
39611917,15.55000000,4.00000000,62.20000000,1665884691641,True,True
39611918,15.55000000,1.70000000,26.43500000,1665884833774,True,True
39611919,15.55000000,9.86000000,153.32300000,1665884833774,True,True
39611920,15.55000000,8.78000000,136.52900000,1665884833774,True,True
39611921,15.55000000,1.00000000,15.55000000,1665884833774,True,True
39611922,15.55000000,18.44000000,286.74200000,1665884833774,True,True
39611923,15.55000000,115.67000000,1798.66850000,1665884833789,True,True
39611924,15.55000000,33.56000000,521.85800000,1665884833804,True,True
39611925,15.55000000,51.95000000,807.82250000,1665884833804,True,True
39611926,15.56000000,123.94000000,1928.50640000,1665884921588,False,True
39611927,15.56000000,19.68000000,306.22080000,1665884921588,False,True
39611928,15.56000000,39.08000000,608.08480000,1665884921588,False,True
39611929,15.56000000,10.21000000,158.86760000,1665884929037,False,True
39611930,15.56000000,1.04000000,16.18240000,1665885011511,False,True
39611931,15.56000000,1.01000000,15.71560000,1665885133474,False,True
39611932,15.56000000,16.38000000,254.87280000,1665885146934,False,True
39611933,15.56000000,1.60000000,24.89600000,1665885195697,False,True
39611934,15.56000000,34.62000000,538.68720000,1665885235279,False,True
39611935,15.56000000,17.54000000,272.92240000,1665885235279,False,True
39611936,15.56000000,7.31000000,113.74360000,1665885235279,False,True
39611937,15.56000000,8.78000000,136.61680000,1665885235279,False,True
39611938,15.56000000,9.86000000,153.42160000,1665885235279,False,True
39611939,15.56000000,38.28000000,595.63680000,1665885235279,False,True
39611940,15.56000000,1.28000000,19.91680000,1665885367250,False,True
39611941,15.55000000,12.86000000,199.97300000,1665885370583,True,True
39611942,15.55000000,1.26000000,19.59300000,1665885377564,False,True
39611943,15.55000000,56.80000000,883.24000000,1665885439927,False,True
39611944,15.55000000,8.22000000,127.82100000,1665885439927,False,True
39611945,15.55000000,46.02000000,715.61100000,1665885439927,False,True
39611946,15.55000000,6.20000000,96.41000000,1665885439927,False,True
39611947,15.55000000,153.55000000,2387.70250000,1665885439927,False,True
39611948,15.55000000,42.12000000,654.96600000,1665885439927,False,True
39611949,15.55000000,1.48000000,23.01400000,1665885604087,False,True
39611950,15.55000000,7.50000000,116.62500000,1665885604271,False,True
39611951,15.55000000,0.99000000,15.39450000,1665885604271,False,True
39611952,15.55000000,5.35000000,83.19250000,1665885604335,True,True
39611953,15.55000000,5.35000000,83.19250000,1665885604355,True,True
39611954,15.55000000,48.63000000,756.19650000,1665885604355,True,True
39611955,15.54000000,5.43000000,84.38220000,1665885604410,True,True
39611956,15.55000000,1.48000000,23.01400000,1665885608064,False,True
39611957,15.55000000,5.65000000,87.85750000,1665885640788,False,True
39611958,15.55000000,28.97000000,450.48350000,1665885726004,False,True
39611959,15.55000000,30.87000000,480.02850000,1665885726004,False,True
39611960,15.55000000,27.27000000,424.04850000,1665885726004,False,True
39611961,15.55000000,15.47000000,240.55850000,1665885727282,True,True
39611962,15.55000000,16.39000000,254.86450000,1665885727416,True,True
39611963,15.55000000,11.86000000,184.42300000,1665885728034,True,True
39611964,15.55000000,4.52000000,70.28600000,1665885728034,True,True
39611965,15.55000000,3.48000000,54.11400000,1665885730848,True,True
39611966,15.55000000,11.06000000,171.98300000,1665885735972,True,True
39611967,15.55000000,38.02000000,591.21100000,1665885820541,True,True
39611968,15.55000000,4.05000000,62.97750000,1665885862394,True,True
39611969,15.56000000,1.09000000,16.96040000,1665885913678,False,True
39611970,15.56000000,1.09000000,16.96040000,1665885913678,False,True
39611971,15.56000000,34.33000000,534.17480000,1665885913678,False,True
39611972,15.56000000,2.24000000,34.85440000,1665885913684,False,True
39611973,15.56000000,5.35000000,83.24600000,1665885914103,True,True
39611974,15.56000000,17.45000000,271.52200000,1665885914185,False,True
39611975,15.56000000,1.16000000,18.04960000,1665885914185,False,True
39611976,15.57000000,1.11000000,17.28270000,1665885943787,False,True
39611977,15.56000000,1.00000000,15.56000000,1665885971549,True,True
39611978,15.55000000,5.86000000,91.12300000,1665885993757,True,True
39611979,15.55000000,1.18000000,18.34900000,1665886017317,True,True
39611980,15.55000000,21.06000000,327.48300000,1665886029708,True,True
39611981,15.55000000,19.68000000,306.02400000,1665886029708,True,True
39611982,15.55000000,3.02000000,46.96100000,1665886029708,True,True
39611983,15.55000000,4.90000000,76.19500000,1665886029708,True,True
39611984,15.55000000,1.00000000,15.55000000,1665886029708,True,True
39611985,15.55000000,3.30000000,51.31500000,1665886029708,True,True
39611986,15.55000000,1.46000000,22.70300000,1665886029708,True,True
39611987,15.55000000,4.06000000,63.13300000,1665886099543,True,True
39611988,15.55000000,8.60000000,133.73000000,1665886099543,True,True
39611989,15.55000000,10.05000000,156.27750000,1665886193413,True,True
39611990,15.55000000,0.39000000,6.06450000,1665886193413,True,True
39611991,15.55000000,2.80000000,43.54000000,1665886280017,True,True
39611992,15.55000000,1.80000000,27.99000000,1665886348249,True,True
39611993,15.56000000,6.20000000,96.47200000,1665886434276,False,True
39611994,15.56000000,1.09000000,16.96040000,1665886434276,False,True
39611995,15.56000000,1.09000000,16.96040000,1665886434276,False,True
39611996,15.56000000,19.68000000,306.22080000,1665886434276,False,True
39611997,15.56000000,0.27000000,4.20120000,1665886434276,False,True
39611998,15.56000000,0.71000000,11.04760000,1665886434535,False,True
39611999,15.56000000,2.15000000,33.45400000,1665886435275,True,True
39612000,15.57000000,7.67000000,119.42190000,1665886461797,False,True
39612001,15.57000000,0.96000000,14.94720000,1665886461797,False,True
39612002,15.57000000,0.96000000,14.94720000,1665886461797,False,True
39612003,15.57000000,0.96000000,14.94720000,1665886461797,False,True
39612004,15.57000000,3.21000000,49.97970000,1665886461797,False,True
39612005,15.57000000,3.30000000,51.38100000,1665886461797,False,True
39612006,15.57000000,1.00000000,15.57000000,1665886461797,False,True
39612007,15.57000000,4.90000000,76.29300000,1665886461797,False,True
39612008,15.57000000,9.60000000,149.47200000,1665886461797,False,True
39612009,15.57000000,1.09000000,16.97130000,1665886461797,False,True
39612010,15.57000000,0.16000000,2.49120000,1665886461797,False,True
39612011,15.57000000,1.30000000,20.24100000,1665886461832,False,True
39612012,15.57000000,1.09000000,16.97130000,1665886461832,False,True
39612013,15.57000000,3.94000000,61.34580000,1665886461832,False,True
39612014,15.57000000,4.87000000,75.82590000,1665886462831,False,True
39612015,15.57000000,10.00000000,155.70000000,1665886462891,True,True
39612016,15.57000000,1.48000000,23.04360000,1665886463177,True,True
39612017,15.57000000,5.35000000,83.29950000,1665886477600,True,True
39612018,15.57000000,5.35000000,83.29950000,1665886477675,True,True
39612019,15.57000000,5.16000000,80.34120000,1665886484691,True,True
39612020,15.57000000,2.94000000,45.77580000,1665886485265,True,True
39612021,15.57000000,2.48000000,38.61360000,1665886485313,True,True
39612022,15.57000000,2.48000000,38.61360000,1665886485376,True,True
39612023,15.57000000,12.84000000,199.91880000,1665886485453,True,True
39612024,15.57000000,2.29000000,35.65530000,1665886485507,True,True
39612025,15.57000000,12.84000000,199.91880000,1665886485588,True,True
39612026,15.57000000,2.10000000,32.69700000,1665886487259,True,True
39612027,15.57000000,7.42000000,115.52940000,1665886491731,True,True
39612028,15.57000000,17.54000000,273.09780000,1665886491731,True,True
39612029,15.57000000,38.57000000,600.53490000,1665886491731,True,True
39612030,15.57000000,37.57000000,584.96490000,1665886491732,True,True
39612031,15.57000000,66.87000000,1041.16590000,1665886491750,True,True
39612032,15.56000000,17.53000000,272.76680000,1665886491770,True,True
39612033,15.56000000,6.01000000,93.51560000,1665886491770,True,True
39612034,15.57000000,47.45000000,738.79650000,1665886491941,True,True
39612035,15.57000000,3.46000000,53.87220000,1665886504087,False,True
39612036,15.56000000,1.21000000,18.82760000,1665886561480,False,True
39612037,15.55000000,27.66000000,430.11300000,1665886610160,True,True
39612038,15.55000000,5.46000000,84.90300000,1665886614349,True,True
39612039,15.55000000,1.73000000,26.90150000,1665886614349,True,True
39612040,15.55000000,5.59000000,86.92450000,1665886631832,True,True
39612041,15.55000000,1.10000000,17.10500000,1665886631832,True,True
39612042,15.55000000,25.51000000,396.68050000,1665886631832,True,True
39612043,15.54000000,0.65000000,10.10100000,1665886633221,True,True
39612044,15.54000000,17.54000000,272.57160000,1665886633221,True,True
39612045,15.54000000,59.87000000,930.37980000,1665886633221,True,True
39612046,15.54000000,78.61000000,1221.59940000,1665886633221,True,True
39612047,15.54000000,26.12000000,405.90480000,1665886633221,True,True
39612048,15.54000000,30.00000000,466.20000000,1665886633221,True,True
39612049,15.54000000,86.35000000,1341.87900000,1665886633221,True,True
39612050,15.54000000,6.58000000,102.25320000,1665886633221,True,True
39612051,15.54000000,4.71000000,73.19340000,1665886633221,True,True
39612052,15.54000000,6.00000000,93.24000000,1665886633221,True,True
39612053,15.54000000,8.96000000,139.23840000,1665886633221,True,True
39612054,15.54000000,214.13000000,3327.58020000,1665886633221,True,True
39612055,15.54000000,71.48000000,1110.79920000,1665886633221,True,True
39612056,15.54000000,1.46000000,22.68840000,1665886673663,True,True
39612057,15.54000000,69.53000000,1080.49620000,1665886681709,False,True
39612058,15.54000000,18.47000000,287.02380000,1665886689978,False,True
39612059,15.54000000,5.44000000,84.53760000,1665886689978,False,True
39612060,15.54000000,0.84000000,13.05360000,1665886820393,False,True
39612061,15.54000000,8.73000000,135.66420000,1665886820393,False,True
39612062,15.54000000,6.20000000,96.34800000,1665886820393,False,True
39612063,15.54000000,29.07000000,451.74780000,1665886820393,False,True
39612064,15.54000000,2.07000000,32.16780000,1665886880349,False,True
39612065,15.54000000,4.16000000,64.64640000,1665886894659,False,True
39612066,15.54000000,5.85000000,90.90900000,1665886894667,True,True
39612067,15.53000000,1.10000000,17.08300000,1665886894692,True,True
39612068,15.53000000,1.42000000,22.05260000,1665886894692,True,True
39612069,15.53000000,0.69000000,10.71570000,1665886894692,True,True
39612070,15.53000000,1.93000000,29.97290000,1665886894692,True,True
39612071,15.53000000,3.30000000,51.24900000,1665886894692,True,True
39612072,15.53000000,214.13000000,3325.43890000,1665886894692,True,True
39612073,15.53000000,47.17000000,732.55010000,1665886894692,True,True
39612074,15.53000000,4.45000000,69.10850000,1665886894692,True,True
39612075,15.53000000,1.09000000,16.92770000,1665886894692,True,True
39612076,15.53000000,4.33000000,67.24490000,1665886894692,True,True
39612077,15.53000000,19.68000000,305.63040000,1665886894692,True,True
39612078,15.53000000,7.09000000,110.10770000,1665886894692,True,True
39612079,15.53000000,5.13000000,79.66890000,1665886923079,True,True
39612080,15.53000000,3.30000000,51.24900000,1665887200330,True,True
39612081,15.53000000,36.84000000,572.12520000,1665887200330,True,True
39612082,15.53000000,0.83000000,12.88990000,1665887200337,True,True
39612083,15.53000000,1.46000000,22.67380000,1665887200337,True,True
39612084,15.53000000,46.53000000,722.61090000,1665887225541,False,True
39612085,15.53000000,11.23000000,174.40190000,1665887227547,False,True
39612086,15.53000000,19.68000000,305.63040000,1665887227547,False,True
39612087,15.53000000,15.61000000,242.42330000,1665887227547,False,True
39612088,15.53000000,1.93000000,29.97290000,1665887228538,False,True
39612089,15.53000000,44.59000000,692.48270000,1665887228538,False,True
39612090,15.53000000,62.66000000,973.10980000,1665887244631,False,True
39612091,15.53000000,23.93000000,371.63290000,1665887268374,True,True
39612092,15.53000000,13.00000000,201.89000000,1665887281571,True,True
39612093,15.53000000,47.17000000,732.55010000,1665887295026,True,True
39612094,15.53000000,4.90000000,76.09700000,1665887314571,True,True
39612095,15.52000000,119.97000000,1861.93440000,1665887336385,True,True
39612096,15.52000000,16.71000000,259.33920000,1665887342968,True,True
39612097,15.53000000,42.97000000,667.32410000,1665887409234,False,True
39612098,15.53000000,9.22000000,143.18660000,1665887409234,False,True
39612099,15.52000000,21.20000000,329.02400000,1665887427918,True,True
39612100,15.52000000,1.68000000,26.07360000,1665887427935,True,True
39612101,15.52000000,25.00000000,388.00000000,1665887427935,True,True
39612102,15.52000000,10.40000000,161.40800000,1665887427951,True,True
39612103,15.52000000,11.26000000,174.75520000,1665887427953,True,True
39612104,15.52000000,1.28000000,19.86560000,1665887428452,True,True
39612105,15.52000000,1.28000000,19.86560000,1665887428456,True,True
39612106,15.52000000,1.28000000,19.86560000,1665887428456,True,True
39612107,15.52000000,0.99000000,15.36480000,1665887428456,True,True
39612108,15.52000000,0.99000000,15.36480000,1665887428457,True,True
39612109,15.52000000,0.99000000,15.36480000,1665887428457,True,True
39612110,15.52000000,0.99000000,15.36480000,1665887428457,True,True
39612111,15.52000000,1.28000000,19.86560000,1665887428457,True,True
39612112,15.52000000,0.99000000,15.36480000,1665887428460,True,True
39612113,15.52000000,0.99000000,15.36480000,1665887428464,True,True
39612114,15.52000000,0.86000000,13.34720000,1665887464645,True,True
39612115,15.52000000,30.00000000,465.60000000,1665887470787,True,True
39612116,15.52000000,6.00000000,93.12000000,1665887470787,True,True
39612117,15.52000000,3.30000000,51.21600000,1665887470787,True,True
39612118,15.52000000,1.45000000,22.50400000,1665887470787,True,True
39612119,15.52000000,0.01000000,0.15520000,1665887470796,True,True
39612120,15.52000000,7.52000000,116.71040000,1665887470814,False,True
39612121,15.51000000,5.13000000,79.56630000,1665887532535,True,True
39612122,15.52000000,64.83000000,1006.16160000,1665887550200,False,True
39612123,15.52000000,5.13000000,79.61760000,1665887550200,False,True
39612124,15.52000000,1.33000000,20.64160000,1665887550200,False,True
39612125,15.52000000,27.39000000,425.09280000,1665887552735,True,True
39612126,15.52000000,27.73000000,430.36960000,1665887591947,False,True
39612127,15.52000000,10.06000000,156.13120000,1665887601950,True,True
39612128,15.53000000,10.82000000,168.03460000,1665887616788,False,True
39612129,15.53000000,7.96000000,123.61880000,1665887616788,False,True
39612130,15.53000000,51.84000000,805.07520000,1665887616788,False,True
39612131,15.53000000,18.67000000,289.94510000,1665887616788,False,True
39612132,15.52000000,2.70000000,41.90400000,1665887674413,True,True
39612133,15.52000000,9.67000000,150.07840000,1665887719806,True,True
39612134,15.52000000,15.50000000,240.56000000,1665887755278,True,True
39612135,15.51000000,3.61000000,55.99110000,1665887797730,True,True
39612136,15.51000000,5.42000000,84.06420000,1665887797730,True,True
39612137,15.52000000,25.99000000,403.36480000,1665887821783,False,True
39612138,15.52000000,3.61000000,56.02720000,1665887821783,False,True
39612139,15.52000000,5.42000000,84.11840000,1665887821783,False,True
39612140,15.52000000,5.00000000,77.60000000,1665887821783,False,True
39612141,15.52000000,5.20000000,80.70400000,1665887822377,True,True
39612142,15.52000000,4.93000000,76.51360000,1665887837559,True,True
39612143,15.52000000,3.66000000,56.80320000,1665887855862,True,True
39612144,15.52000000,32.40000000,502.84800000,1665887855913,True,True
39612145,15.51000000,2.01000000,31.17510000,1665887855932,True,True
39612146,15.52000000,4.80000000,74.49600000,1665887863096,False,True
39612147,15.52000000,9.17000000,142.31840000,1665887934621,False,True
39612148,15.52000000,3.40000000,52.76800000,1665887954242,False,True
39612149,15.52000000,4.72000000,73.25440000,1665887954242,False,True
39612150,15.52000000,13.38000000,207.65760000,1665887954242,False,True
39612151,15.52000000,2.13000000,33.05760000,1665887954242,False,True
39612152,15.52000000,0.98000000,15.20960000,1665888002609,False,True
39612153,15.52000000,1.48000000,22.96960000,1665888023031,False,True
39612154,15.52000000,0.43000000,6.67360000,1665888167481,False,True
39612155,15.52000000,13.66000000,212.00320000,1665888167481,False,True
39612156,15.52000000,14.09000000,218.67680000,1665888169480,False,True
39612157,15.52000000,14.09000000,218.67680000,1665888170484,False,True
39612158,15.51000000,27.26000000,422.80260000,1665888247927,True,True
39612159,15.51000000,1.48000000,22.95480000,1665888271941,False,True
39612160,15.51000000,1.10000000,17.06100000,1665888317786,False,True
39612161,15.51000000,0.38000000,5.89380000,1665888317786,False,True
39612162,15.51000000,1.48000000,22.95480000,1665888331127,False,True
39612163,15.51000000,8.14000000,126.25140000,1665888349450,False,True
39612164,15.51000000,11.32000000,175.57320000,1665888349450,False,True
39612165,15.51000000,5.35000000,82.97850000,1665888407844,False,True
39612166,15.51000000,52.02000000,806.83020000,1665888407844,False,True
39612167,15.51000000,5.35000000,82.97850000,1665888407844,False,True
39612168,15.51000000,6.20000000,96.16200000,1665888407844,False,True
39612169,15.51000000,4.54000000,70.41540000,1665888407925,False,True
39612170,15.51000000,6.44000000,99.88440000,1665888421238,False,True
39612171,15.50000000,12.91000000,200.10500000,1665888443851,True,True
39612172,15.51000000,3.22000000,49.94220000,1665888523810,False,True
39612173,15.50000000,5.09000000,78.89500000,1665888550162,True,True
39612174,15.50000000,1.93000000,29.91500000,1665888550162,True,True
39612175,15.50000000,2.66000000,41.23000000,1665888550162,True,True
39612176,15.50000000,27.34000000,423.77000000,1665888564500,True,True
39612177,15.50000000,2.01000000,31.15500000,1665888564500,True,True
39612178,15.50000000,6.00000000,93.00000000,1665888564500,True,True
39612179,15.50000000,42.65000000,661.07500000,1665888564500,True,True
39612180,15.50000000,116.56000000,1806.68000000,1665888564500,True,True
39612181,15.50000000,3.30000000,51.15000000,1665888564500,True,True
39612182,15.50000000,42.70000000,661.85000000,1665888564500,True,True
39612183,15.50000000,6.73000000,104.31500000,1665888564500,True,True
39612184,15.50000000,63.71000000,987.50500000,1665888564500,True,True
39612185,15.50000000,84.00000000,1302.00000000,1665888564500,True,True
39612186,15.50000000,33.22000000,514.91000000,1665888564500,True,True
39612187,15.50000000,12.30000000,190.65000000,1665888564500,True,True
39612188,15.50000000,12.30000000,190.65000000,1665888564500,True,True
39612189,15.50000000,11.70000000,181.35000000,1665888564500,True,True
39612190,15.50000000,115.42000000,1789.01000000,1665888564500,True,True
39612191,15.50000000,4.26000000,66.03000000,1665888641146,True,True
39612192,15.50000000,2.56000000,39.68000000,1665888731990,True,True
39612193,15.50000000,3.64000000,56.42000000,1665888783299,True,True
39612194,15.50000000,6.97000000,108.03500000,1665888783299,True,True
39612195,15.50000000,3.21000000,49.75500000,1665888828258,True,True
39612196,15.50000000,5.35000000,82.92500000,1665888828443,True,True
39612197,15.50000000,4.43000000,68.66500000,1665888828443,True,True
39612198,15.50000000,0.92000000,14.26000000,1665888829093,True,True
39612199,15.50000000,3.28000000,50.84000000,1665888829093,True,True
39612200,15.50000000,19.68000000,305.04000000,1665888829093,True,True
39612201,15.50000000,16.32000000,252.96000000,1665888829159,False,True
39612202,15.50000000,7.84000000,121.52000000,1665888829264,False,True
39612203,15.50000000,5.62000000,87.11000000,1665888829369,False,True
39612204,15.50000000,6.39000000,99.04500000,1665888830507,False,True
39612205,15.50000000,6.67000000,103.38500000,1665888834097,False,True
39612206,15.50000000,4.70000000,72.85000000,1665888834097,False,True
39612207,15.50000000,2.46000000,38.13000000,1665888839097,False,True
39612208,15.50000000,2.41000000,37.35500000,1665888839097,False,True
39612209,15.50000000,17.41000000,269.85500000,1665888846907,False,True
39612210,15.50000000,17.41000000,269.85500000,1665888846970,False,True
39612211,15.50000000,17.47000000,270.78500000,1665888847551,False,True
39612212,15.50000000,17.47000000,270.78500000,1665888847642,False,True
39612213,15.50000000,1.00000000,15.50000000,1665888857277,False,True
39612214,15.50000000,4.50000000,69.75000000,1665888892094,False,True
39612215,15.50000000,0.64000000,9.92000000,1665888919359,False,True
39612216,15.50000000,6.83000000,105.86500000,1665888921769,False,True
39612217,15.50000000,2.52000000,39.06000000,1665888921769,False,True
39612218,15.50000000,19.68000000,305.04000000,1665888921769,False,True
39612219,15.50000000,8.10000000,125.55000000,1665888921769,False,True
39612220,15.50000000,22.56000000,349.68000000,1665888924584,False,True
39612221,15.50000000,8.09000000,125.39500000,1665888924584,False,True
39612222,15.50000000,9.48000000,146.94000000,1665889004980,True,True
39612223,15.50000000,19.68000000,305.04000000,1665889004980,True,True
39612224,15.50000000,9.38000000,145.39000000,1665889020713,False,True
39612225,15.50000000,5.02000000,77.81000000,1665889124916,False,True
39612226,15.49000000,1.30000000,20.13700000,1665889136725,True,True
39612227,15.49000000,6.50000000,100.68500000,1665889136725,True,True
39612228,15.49000000,10.84000000,167.91160000,1665889136742,True,True
39612229,15.49000000,42.14000000,652.74860000,1665889185349,True,True
39612230,15.49000000,1.50000000,23.23500000,1665889215435,True,True
39612231,15.49000000,2.93000000,45.38570000,1665889215451,True,True
39612232,15.50000000,16.92000000,262.26000000,1665889228252,False,True
39612233,15.50000000,40.10000000,621.55000000,1665889228252,False,True
39612234,15.50000000,12.45000000,192.97500000,1665889292790,False,True
39612235,15.50000000,1.06000000,16.43000000,1665889339600,False,True
39612236,15.50000000,12.90000000,199.95000000,1665889340568,False,True
39612237,15.50000000,19.26000000,298.53000000,1665889343753,False,True
39612238,15.50000000,5.79000000,89.74500000,1665889343753,False,True
39612239,15.50000000,19.68000000,305.04000000,1665889343753,False,True
39612240,15.51000000,24.74000000,383.71740000,1665889415790,False,True
39612241,15.51000000,4.26000000,66.07260000,1665889415790,False,True
39612242,15.51000000,60.23000000,934.16730000,1665889415790,False,True
39612243,15.50000000,39.35000000,609.92500000,1665889461620,True,True
39612244,15.50000000,43.65000000,676.57500000,1665889461620,True,True
39612245,15.50000000,19.68000000,305.04000000,1665889461620,True,True
39612246,15.50000000,19.68000000,305.04000000,1665889506402,False,True
39612247,15.50000000,17.55000000,272.02500000,1665889506402,False,True
39612248,15.50000000,50.37000000,780.73500000,1665889506402,False,True
39612249,15.49000000,1.33000000,20.60170000,1665889520989,True,True
39612250,15.49000000,3.98000000,61.65020000,1665889528135,True,True
39612251,15.49000000,12.92000000,200.13080000,1665889538986,True,True
39612252,15.49000000,7.36000000,114.00640000,1665889539342,True,True
39612253,15.50000000,32.67000000,506.38500000,1665889601898,False,True
39612254,15.50000000,27.02000000,418.81000000,1665889633431,False,True
39612255,15.50000000,29.25000000,453.37500000,1665889655566,False,True
39612256,15.50000000,1.09000000,16.89500000,1665889655655,False,True
39612257,15.50000000,1.09000000,16.89500000,1665889655655,False,True
39612258,15.50000000,16.70000000,258.85000000,1665889655655,False,True
39612259,15.50000000,5.69000000,88.19500000,1665889655655,False,True
39612260,15.50000000,3.35000000,51.92500000,1665889655655,False,True
39612261,15.50000000,4.45000000,68.97500000,1665889727467,False,True
39612262,15.51000000,5.08000000,78.79080000,1665889727543,False,True
39612263,15.51000000,50.35000000,780.92850000,1665889727543,False,True
39612264,15.51000000,12.87000000,199.61370000,1665889727543,False,True
39612265,15.51000000,19.96000000,309.57960000,1665889727543,False,True
39612266,15.51000000,15.21000000,235.90710000,1665889727543,False,True
39612267,15.51000000,13.10000000,203.18100000,1665889727543,False,True
39612268,15.51000000,12.07000000,187.20570000,1665889727544,False,True
39612269,15.51000000,58.09000000,900.97590000,1665889727544,False,True
39612270,15.51000000,32.92000000,510.58920000,1665889727563,False,True
39612271,15.51000000,1.06000000,16.44060000,1665889749784,True,True
39612272,15.51000000,1.06000000,16.44060000,1665889749787,True,True
39612273,15.51000000,1.06000000,16.44060000,1665889749788,True,True
39612274,15.51000000,1.06000000,16.44060000,1665889749788,True,True
39612275,15.51000000,1.06000000,16.44060000,1665889749790,True,True
39612276,15.51000000,1.06000000,16.44060000,1665889749790,True,True
39612277,15.51000000,0.75000000,11.63250000,1665889753075,True,True
39612278,15.51000000,0.75000000,11.63250000,1665889753078,True,True
39612279,15.51000000,0.75000000,11.63250000,1665889753079,True,True
39612280,15.51000000,0.75000000,11.63250000,1665889753079,True,True
39612281,15.51000000,0.75000000,11.63250000,1665889753084,True,True
39612282,15.51000000,4.09000000,63.43590000,1665889768305,True,True
39612283,15.51000000,7.07000000,109.65570000,1665889768308,True,True
39612284,15.50000000,1.09000000,16.89500000,1665889768319,True,True
39612285,15.50000000,17.54000000,271.87000000,1665889768319,True,True
39612286,15.50000000,84.00000000,1302.00000000,1665889768319,True,True
39612287,15.50000000,47.00000000,728.50000000,1665889768319,True,True
39612288,15.50000000,15.28000000,236.84000000,1665889768319,True,True
39612289,15.50000000,3.22000000,49.91000000,1665889769698,False,True
39612290,15.49000000,21.24000000,329.00760000,1665889783213,True,True
39612291,15.50000000,3.24000000,50.22000000,1665889806788,False,True
39612292,15.50000000,17.54000000,271.87000000,1665889806788,False,True
39612293,15.50000000,35.30000000,547.15000000,1665889806788,False,True
39612294,15.50000000,1.19000000,18.44500000,1665889826541,True,True
39612295,15.50000000,14.71000000,228.00500000,1665889826541,True,True
39612296,15.51000000,6.44000000,99.88440000,1665889853518,False,True
39612297,15.51000000,118.16000000,1832.66160000,1665889880101,False,True
39612298,15.50000000,4.90000000,75.95000000,1665889902922,True,True
39612299,15.50000000,5.11000000,79.20500000,1665889902923,True,True
39612300,15.50000000,4.25000000,65.87500000,1665889902925,True,True
39612301,15.50000000,0.65000000,10.07500000,1665889902925,True,True
39612302,15.50000000,4.90000000,75.95000000,1665889902925,True,True
39612303,15.50000000,5.11000000,79.20500000,1665889902927,True,True
39612304,15.50000000,5.11000000,79.20500000,1665889902931,True,True
39612305,15.50000000,28.89000000,447.79500000,1665889902963,True,True
39612306,15.50000000,6.20000000,96.10000000,1665889903450,True,True
39612307,15.50000000,3.30000000,51.15000000,1665889903450,True,True
39612308,15.50000000,1.46000000,22.63000000,1665889903450,True,True
39612309,15.50000000,86.95000000,1347.72500000,1665889904113,True,True
39612310,15.50000000,3.29000000,50.99500000,1665889904133,False,True
39612311,15.50000000,36.30000000,562.65000000,1665889938754,True,True
39612312,15.50000000,34.92000000,541.26000000,1665889938754,True,True
39612313,15.50000000,19.68000000,305.04000000,1665889938754,True,True
39612314,15.50000000,27.36000000,424.08000000,1665889938754,True,True
39612315,15.50000000,17.54000000,271.87000000,1665889938754,True,True
39612316,15.50000000,60.20000000,933.10000000,1665889938754,True,True
39612317,15.51000000,39.68000000,615.43680000,1665889974844,False,True
39612318,15.50000000,1.51000000,23.40500000,1665889991452,True,True
39612319,15.50000000,4.69000000,72.69500000,1665889998844,True,True
39612320,15.50000000,25.93000000,401.91500000,1665889998844,True,True
39612321,15.49000000,32.92000000,509.93080000,1665890117012,True,True
39612322,15.49000000,20.00000000,309.80000000,1665890117027,True,True
39612323,15.49000000,63.68000000,986.40320000,1665890117029,True,True
39612324,15.49000000,106.53000000,1650.14970000,1665890117042,True,True
39612325,15.49000000,50.83000000,787.35670000,1665890121889,True,True
39612326,15.50000000,1.29000000,19.99500000,1665890267764,False,True
39612327,15.49000000,3.56000000,55.14440000,1665890289485,True,True
39612328,15.49000000,5.24000000,81.16760000,1665890301512,True,True
39612329,15.49000000,5.24000000,81.16760000,1665890301513,True,True
39612330,15.49000000,5.38000000,83.33620000,1665890301513,True,True
39612331,15.49000000,5.38000000,83.33620000,1665890301513,True,True
39612332,15.49000000,5.38000000,83.33620000,1665890301513,True,True
39612333,15.49000000,5.24000000,81.16760000,1665890301515,True,True
39612334,15.49000000,5.86000000,90.77140000,1665890301540,True,True
39612335,15.49000000,33.45000000,518.14050000,1665890301540,True,True
39612336,15.49000000,9.30000000,144.05700000,1665890301592,True,True
39612337,15.49000000,1.46000000,22.61540000,1665890301592,True,True
39612338,15.48000000,3.44000000,53.25120000,1665890338123,True,True
39612339,15.48000000,3.52000000,54.48960000,1665890338195,True,True
39612340,15.48000000,3.47000000,53.71560000,1665890343025,True,True
39612341,15.48000000,3.55000000,54.95400000,1665890343115,True,True
39612342,15.48000000,3.08000000,47.67840000,1665890343239,True,True
39612343,15.48000000,3.37000000,52.16760000,1665890343299,True,True
39612344,15.48000000,3.20000000,49.53600000,1665890343362,True,True
39612345,15.48000000,3.28000000,50.77440000,1665890343582,True,True
39612346,15.48000000,3.09000000,47.83320000,1665890343652,True,True
39612347,15.48000000,0.21000000,3.25080000,1665890343652,True,True
39612348,15.48000000,2.31000000,35.75880000,1665890343704,True,True
39612349,15.48000000,0.91000000,14.08680000,1665890343704,True,True
39612350,15.48000000,2.39000000,36.99720000,1665890343761,True,True
39612351,15.48000000,0.82000000,12.69360000,1665890343761,True,True
39612352,15.48000000,3.12000000,48.29760000,1665890343819,True,True
39612353,15.48000000,6.20000000,95.97600000,1665890343873,True,True
39612354,15.48000000,1.46000000,22.60080000,1665890343873,True,True
39612355,15.47000000,2.94000000,45.48180000,1665890343873,True,True
39612356,15.48000000,2.74000000,42.41520000,1665890343999,False,True
39612357,15.48000000,3.78000000,58.51440000,1665890352835,False,True
39612358,15.48000000,3.32000000,51.39360000,1665890352835,False,True
39612359,15.47000000,0.69000000,10.67430000,1665890359791,True,True
39612360,15.47000000,0.33000000,5.10510000,1665890359791,True,True
39612361,15.48000000,1.42000000,21.98160000,1665890364102,False,True
39612362,15.47000000,1.60000000,24.75200000,1665890372744,True,True
39612363,15.47000000,0.70000000,10.82900000,1665890372744,True,True
39612364,15.47000000,4.26000000,65.90220000,1665890372744,True,True
39612365,15.47000000,3.37000000,52.13390000,1665890372744,True,True
39612366,15.47000000,16.05000000,248.29350000,1665890381196,True,True
39612367,15.47000000,40.00000000,618.80000000,1665890389669,True,True
39612368,15.47000000,40.00000000,618.80000000,1665890389670,True,True
39612369,15.47000000,20.00000000,309.40000000,1665890389672,True,True
39612370,15.47000000,40.00000000,618.80000000,1665890389673,True,True
39612371,15.47000000,20.00000000,309.40000000,1665890389673,True,True
39612372,15.47000000,20.00000000,309.40000000,1665890389674,True,True
39612373,15.47000000,7.01000000,108.44470000,1665890389674,True,True
39612374,15.47000000,15.79000000,244.27130000,1665890389684,True,True
39612375,15.47000000,4.21000000,65.12870000,1665890389684,True,True
39612376,15.47000000,4.58000000,70.85260000,1665890389698,True,True
39612377,15.47000000,6.00000000,92.82000000,1665890389698,True,True
39612378,15.47000000,3.30000000,51.05100000,1665890389698,True,True
39612379,15.47000000,0.71000000,10.98370000,1665890389698,True,True
39612380,15.47000000,1.46000000,22.58620000,1665890389698,True,True
39612381,15.47000000,7.29000000,112.77630000,1665890389722,False,True
39612382,15.47000000,54.16000000,837.85520000,1665890457259,False,True
39612383,15.47000000,18.51000000,286.34970000,1665890457259,False,True
39612384,15.47000000,1.33000000,20.57510000,1665890510646,False,True
39612385,15.47000000,1.29000000,19.95630000,1665890515328,False,True
39612386,15.47000000,127.35000000,1970.10450000,1665890537427,False,True
39612387,15.47000000,21.36000000,330.43920000,1665890595403,False,True
39612388,15.47000000,52.76000000,816.19720000,1665890595403,False,True
39612389,15.47000000,40.61000000,628.23670000,1665890595403,False,True
39612390,15.47000000,0.75000000,11.60250000,1665890595403,False,True
39612391,15.47000000,7.82000000,120.97540000,1665890657876,False,True
39612392,15.47000000,5.09000000,78.74230000,1665890657876,False,True
39612393,15.47000000,1.42000000,21.96740000,1665890676739,False,True
39612394,15.47000000,0.88000000,13.61360000,1665890676753,False,True
39612395,15.47000000,1.33000000,20.57510000,1665890676753,False,True
39612396,15.47000000,1.33000000,20.57510000,1665890735204,True,True
39612397,15.48000000,2.52000000,39.00960000,1665890736853,False,True
39612398,15.48000000,8.81000000,136.37880000,1665890736853,False,True
39612399,15.48000000,3.30000000,51.08400000,1665890736853,False,True
39612400,15.48000000,0.93000000,14.39640000,1665890736853,False,True
39612401,15.48000000,6.72000000,104.02560000,1665890736853,False,True
39612402,15.48000000,1.46000000,22.60080000,1665890736853,False,True
39612403,15.48000000,19.68000000,304.64640000,1665890736853,False,True
39612404,15.48000000,13.83000000,214.08840000,1665890736861,True,True
39612405,15.48000000,15.51000000,240.09480000,1665890736861,True,True
39612406,15.48000000,1.50000000,23.22000000,1665890736873,True,True
39612407,15.48000000,4.63000000,71.67240000,1665890793941,True,True
39612408,15.48000000,19.68000000,304.64640000,1665890796607,True,True
39612409,15.48000000,2.21000000,34.21080000,1665890814132,True,True
39612410,15.48000000,25.19000000,389.94120000,1665890814205,True,True
39612411,15.47000000,12.12000000,187.49640000,1665890859616,True,True
39612412,15.47000000,0.80000000,12.37600000,1665890953073,True,True
39612413,15.47000000,32.32000000,499.99040000,1665891066600,True,True
39612414,15.48000000,8.19000000,126.78120000,1665891227986,False,True
39612415,15.48000000,3.79000000,58.66920000,1665891300925,False,True
39612416,15.48000000,7.21000000,111.61080000,1665891300925,False,True
39612417,15.49000000,9.99000000,154.74510000,1665891305288,False,True
39612418,15.48000000,9.75000000,150.93000000,1665891308318,True,True
39612419,15.49000000,11.62000000,179.99380000,1665891333880,False,True
39612420,15.48000000,1.75000000,27.09000000,1665891362111,True,True
39612421,15.48000000,4.84000000,74.92320000,1665891363858,True,True
39612422,15.48000000,0.77000000,11.91960000,1665891379653,True,True
39612423,15.48000000,0.57000000,8.82360000,1665891379653,True,True
39612424,15.48000000,30.60000000,473.68800000,1665891440761,True,True
39612425,15.48000000,13.84000000,214.24320000,1665891440761,True,True
39612426,15.48000000,15.40000000,238.39200000,1665891440761,True,True
39612427,15.48000000,2.86000000,44.27280000,1665891440761,True,True
39612428,15.48000000,31.17000000,482.51160000,1665891440762,True,True
39612429,15.48000000,21.47000000,332.35560000,1665891440770,True,True
39612430,15.48000000,9.07000000,140.40360000,1665891440770,True,True
39612431,15.49000000,1.32000000,20.44680000,1665891462346,False,True
39612432,15.49000000,29.90000000,463.15100000,1665891466760,False,True
39612433,15.49000000,0.77000000,11.92730000,1665891492531,False,True
39612434,15.49000000,7.77000000,120.35730000,1665891531840,False,True
39612435,15.49000000,4.37000000,67.69130000,1665891531840,False,True
39612436,15.49000000,3.23000000,50.03270000,1665891531840,False,True
39612437,15.49000000,0.93000000,14.40570000,1665891531840,False,True
39612438,15.49000000,0.75000000,11.61750000,1665891531840,False,True
39612439,15.48000000,60.32000000,933.75360000,1665891578657,False,True
39612440,15.49000000,29.34000000,454.47660000,1665891578658,False,True
39612441,15.49000000,8.11000000,125.62390000,1665891583890,False,True
39612442,15.49000000,20.04000000,310.41960000,1665891583942,False,True
39612443,15.49000000,3.30000000,51.11700000,1665891583942,False,True
39612444,15.49000000,1.46000000,22.61540000,1665891583942,False,True
39612445,15.49000000,2.55000000,39.49950000,1665891583942,False,True
39612446,15.49000000,29.34000000,454.47660000,1665891583948,False,True
39612447,15.49000000,12.73000000,197.18770000,1665891583953,False,True
39612448,15.49000000,6.95000000,107.65550000,1665891583955,False,True
39612449,15.50000000,3.32000000,51.46000000,1665891636162,False,True
39612450,15.50000000,1.68000000,26.04000000,1665891644172,False,True
39612451,15.50000000,0.93000000,14.41500000,1665891644172,False,True
39612452,15.50000000,30.00000000,465.00000000,1665891644172,False,True
39612453,15.50000000,3.22000000,49.91000000,1665891644172,False,True
39612454,15.50000000,3.91000000,60.60500000,1665891644172,False,True
39612455,15.50000000,3.30000000,51.15000000,1665891644172,False,True
39612456,15.50000000,1.09000000,16.89500000,1665891644172,False,True
39612457,15.50000000,68.41000000,1060.35500000,1665891644172,False,True
39612458,15.49000000,1.78000000,27.57220000,1665891746945,True,True
39612459,15.49000000,1.88000000,29.12120000,1665891746945,True,True
39612460,15.49000000,1.04000000,16.10960000,1665891746945,True,True
39612461,15.49000000,1.94000000,30.05060000,1665891746947,True,True
