39490690,15.95000000,9.96000000,158.86200000,1665532806326,True,True
39490691,15.95000000,11.70000000,186.61500000,1665532806326,True,True
39490692,15.95000000,12.30000000,196.18500000,1665532806326,True,True
39490693,15.95000000,7.07000000,112.76650000,1665532806326,True,True
39490694,15.95000000,9.97000000,159.02150000,1665532806326,True,True
39490695,15.95000000,7.07000000,112.76650000,1665532814453,True,True
39490696,15.95000000,7.31000000,116.59450000,1665532814454,True,True
39490697,15.95000000,13.74000000,219.15300000,1665532821477,False,True
39490698,15.96000000,1.00000000,15.96000000,1665532821506,False,True
39490699,15.96000000,53.58000000,855.13680000,1665532830059,True,True
39490700,15.97000000,12.73000000,203.29810000,1665532831096,False,True
39490701,15.96000000,5.35000000,85.38600000,1665532831922,True,True
39490702,15.95000000,64.41000000,1027.33950000,1665532851471,True,True
39490703,15.95000000,23.68000000,377.69600000,1665532851471,True,True
39490704,15.95000000,1.29000000,20.57550000,1665532868397,True,True
39490705,15.95000000,18.00000000,287.10000000,1665532868771,True,True
39490706,15.97000000,16.61000000,265.26170000,1665532871076,False,True
39490707,15.97000000,0.68000000,10.85960000,1665532871421,False,True
39490708,15.97000000,85.79000000,1370.06630000,1665532879867,False,True
39490709,15.97000000,1.11000000,17.72670000,1665532879867,False,True
39490710,15.97000000,5.66000000,90.39020000,1665532879867,False,True
39490711,15.97000000,2.91000000,46.47270000,1665532879867,False,True
39490712,15.97000000,3.13000000,49.98610000,1665532879867,False,True
39490713,15.97000000,112.62000000,1798.54140000,1665532879867,False,True
39490714,15.97000000,1.46000000,23.31620000,1665532879867,False,True
39490715,15.97000000,1.11000000,17.72670000,1665532879867,False,True
39490716,15.97000000,1.11000000,17.72670000,1665532879867,False,True
39490717,15.97000000,36.30000000,579.71100000,1665532879867,False,True
39490718,15.97000000,16.21000000,258.87370000,1665532879867,False,True
39490719,15.96000000,2.34000000,37.34640000,1665532892482,True,True
39490720,15.97000000,1.04000000,16.60880000,1665532901139,False,True
39490721,15.96000000,8.46000000,135.02160000,1665532908198,True,True
39490722,15.96000000,30.10000000,480.39600000,1665532908214,True,True
39490723,15.96000000,22.26000000,355.26960000,1665532908214,True,True
39490724,15.95000000,2.34000000,37.32300000,1665532908339,True,True
39490725,15.96000000,2.36000000,37.66560000,1665532920900,False,True
39490726,15.96000000,10.47000000,167.10120000,1665532921076,False,True
39490727,15.95000000,8.26000000,131.74700000,1665532922310,True,True
39490728,15.95000000,30.94000000,493.49300000,1665532929155,True,True
39490729,15.95000000,7.11000000,113.40450000,1665532929155,True,True
39490730,15.95000000,3.13000000,49.92350000,1665532929155,True,True
39490731,15.95000000,1.46000000,23.28700000,1665532929155,True,True
39490732,15.94000000,3.30000000,52.60200000,1665532935218,True,True
39490733,15.94000000,1.46000000,23.27240000,1665532935218,True,True
39490734,15.93000000,0.66000000,10.51380000,1665532935320,True,True
39490735,15.93000000,0.03000000,0.47790000,1665532935320,True,True
39490736,15.93000000,0.97000000,15.45210000,1665532935320,True,True
39490737,15.94000000,12.72000000,202.75680000,1665532951095,False,True
39490738,15.93000000,0.14000000,2.23020000,1665532952071,True,True
39490739,15.93000000,5.40000000,86.02200000,1665532952071,True,True
39490740,15.93000000,9.06000000,144.32580000,1665532952071,True,True
39490741,15.93000000,5.16000000,82.19880000,1665532952098,True,True
39490742,15.93000000,3.30000000,52.56900000,1665532952098,True,True
39490743,15.93000000,1.46000000,23.25780000,1665532952098,True,True
39490744,15.92000000,1.27000000,20.21840000,1665532956115,True,True
39490745,15.92000000,1.11000000,17.67120000,1665532956115,True,True
39490746,15.92000000,1.46000000,23.24320000,1665532956115,True,True
39490747,15.92000000,3.30000000,52.53600000,1665532956115,True,True
39490748,15.92000000,3.71000000,59.06320000,1665532965096,False,True
39490749,15.91000000,1.11000000,17.66010000,1665532975590,True,True
39490750,15.91000000,5.40000000,85.91400000,1665532975590,True,True
39490751,15.91000000,1.46000000,23.22860000,1665532975590,True,True
39490752,15.91000000,3.30000000,52.50300000,1665532975590,True,True
39490753,15.91000000,12.73000000,202.53430000,1665532975590,True,True
39490754,15.91000000,11.21000000,178.35110000,1665532991076,False,True
39490755,15.90000000,2.01000000,31.95900000,1665532997110,True,True
39490756,15.90000000,10.56000000,167.90400000,1665532997110,True,True
39490757,15.90000000,1.11000000,17.64900000,1665532997110,True,True
39490758,15.90000000,6.28000000,99.85200000,1665532997110,True,True
39490759,15.90000000,1.46000000,23.21400000,1665532997110,True,True
39490760,15.90000000,21.09000000,335.33100000,1665532998147,False,True
39490761,15.90000000,64.37000000,1023.48300000,1665532998147,False,True
39490762,15.90000000,16.55000000,263.14500000,1665533003703,True,True
39490763,15.90000000,10.53000000,167.42700000,1665533003703,True,True
39490764,15.90000000,1.46000000,23.21400000,1665533003703,True,True
39490765,15.90000000,28.86000000,458.87400000,1665533004671,False,True
39490766,15.90000000,12.73000000,202.40700000,1665533004671,False,True
39490767,15.91000000,41.67000000,662.96970000,1665533019927,False,True
39490768,15.91000000,11.50000000,182.96500000,1665533019937,False,True
39490769,15.91000000,22.17000000,352.72470000,1665533019937,False,True
39490770,15.91000000,4.20000000,66.82200000,1665533019937,False,True
39490771,15.91000000,9.04000000,143.82640000,1665533019937,False,True
39490772,15.91000000,1.09000000,17.34190000,1665533019937,False,True
39490773,15.91000000,1.09000000,17.34190000,1665533019937,False,True
39490774,15.91000000,12.66000000,201.42060000,1665533019937,False,True
39490775,15.91000000,23.25000000,369.90750000,1665533019937,False,True
39490776,15.91000000,28.72000000,456.93520000,1665533019937,False,True
39490777,15.91000000,16.55000000,263.31050000,1665533020550,False,True
39490778,15.91000000,5.16000000,82.09560000,1665533020550,False,True
39490779,15.91000000,64.41000000,1024.76310000,1665533020550,False,True
39490780,15.91000000,94.20000000,1498.72200000,1665533020550,False,True
39490781,15.92000000,3.30000000,52.53600000,1665533029713,False,True
39490782,15.92000000,1.46000000,23.24320000,1665533029713,False,True
39490783,15.92000000,2.81000000,44.73520000,1665533029922,True,True
39490784,15.92000000,5.52000000,87.87840000,1665533037706,True,True
39490785,15.92000000,8.22000000,130.86240000,1665533050915,True,True
39490786,15.92000000,12.73000000,202.66160000,1665533050915,True,True
39490787,15.92000000,58.95000000,938.48400000,1665533050915,True,True
39490788,15.92000000,38.58000000,614.19360000,1665533050915,True,True
39490789,15.92000000,14.20000000,226.06400000,1665533050915,True,True
39490790,15.92000000,12.30000000,195.81600000,1665533050915,True,True
39490791,15.92000000,12.30000000,195.81600000,1665533050915,True,True
39490792,15.92000000,11.70000000,186.26400000,1665533050915,True,True
39490793,15.92000000,2.21000000,35.18320000,1665533050915,True,True
39490794,15.92000000,47.48000000,755.88160000,1665533054093,True,True
39490795,15.92000000,56.66000000,902.02720000,1665533054093,True,True
39490796,15.92000000,2.64000000,42.02880000,1665533054093,True,True
39490797,15.91000000,16.55000000,263.31050000,1665533054093,True,True
39490798,15.91000000,28.61000000,455.18510000,1665533054093,True,True
39490799,15.91000000,64.39000000,1024.44490000,1665533054093,True,True
39490800,15.91000000,17.75000000,282.40250000,1665533054093,True,True
39490801,15.91000000,1.11000000,17.66010000,1665533054093,True,True
39490802,15.91000000,1.11000000,17.66010000,1665533054093,True,True
39490803,15.91000000,7.11000000,113.12010000,1665533054093,True,True
39490804,15.91000000,33.62000000,534.89420000,1665533054093,True,True
39490805,15.91000000,44.12000000,701.94920000,1665533054094,True,True
39490806,15.91000000,20.00000000,318.20000000,1665533054094,True,True
39490807,15.91000000,53.75000000,855.16250000,1665533054094,True,True
39490808,15.91000000,35.04000000,557.48640000,1665533054094,True,True
39490809,15.91000000,2.13000000,33.88830000,1665533054094,True,True
39490810,15.91000000,84.98000000,1352.03180000,1665533054094,True,True
39490811,15.91000000,11.57000000,184.07870000,1665533054094,True,True
39490812,15.91000000,21.98000000,349.70180000,1665533054094,True,True
39490813,15.90000000,12.73000000,202.40700000,1665533054094,True,True
39490814,15.90000000,19.81000000,314.97900000,1665533054094,True,True
39490815,15.90000000,9.04000000,143.73600000,1665533054094,True,True
39490816,15.90000000,5.16000000,82.04400000,1665533054094,True,True
39490817,15.90000000,16.55000000,263.14500000,1665533054094,True,True
39490818,15.90000000,44.62000000,709.45800000,1665533054094,True,True
39490819,15.90000000,30.70000000,488.13000000,1665533054094,True,True
39490820,15.90000000,47.10000000,748.89000000,1665533054094,True,True
39490821,15.90000000,36.64000000,582.57600000,1665533054094,True,True
39490822,15.90000000,37.14000000,590.52600000,1665533054094,True,True
39490823,15.90000000,4.58000000,72.82200000,1665533054094,True,True
39490824,15.90000000,1.98000000,31.48200000,1665533054094,True,True
39490825,15.90000000,78.20000000,1243.38000000,1665533054094,True,True
39490826,15.90000000,10.99000000,174.74100000,1665533054094,True,True
39490827,15.90000000,81.26000000,1292.03400000,1665533054094,True,True
39490828,15.92000000,16.82000000,267.77440000,1665533056057,True,True
39490829,15.92000000,20.69000000,329.38480000,1665533056060,True,True
39490830,15.92000000,5.74000000,91.38080000,1665533056061,True,True
39490831,15.91000000,12.44000000,197.92040000,1665533056061,True,True
39490832,15.91000000,7.56000000,120.27960000,1665533056722,True,True
39490833,15.91000000,8.16000000,129.82560000,1665533056722,True,True
39490834,15.92000000,9.07000000,144.39440000,1665533057948,False,True
39490835,15.92000000,16.39000000,260.92880000,1665533059770,False,True
39490836,15.92000000,1.93000000,30.72560000,1665533059770,False,True
39490837,15.92000000,25.49000000,405.80080000,1665533059783,False,True
39490838,15.92000000,2.34000000,37.25280000,1665533059914,False,True
39490839,15.92000000,10.88000000,173.20960000,1665533059921,False,True
39490840,15.92000000,10.51000000,167.31920000,1665533060157,False,True
39490841,15.92000000,10.00000000,159.20000000,1665533060204,False,True
39490842,15.92000000,1.16000000,18.46720000,1665533061821,True,True
39490843,15.93000000,3.14000000,50.02020000,1665533078361,False,True
39490844,15.93000000,3.30000000,52.56900000,1665533078361,False,True
39490845,15.93000000,1.46000000,23.25780000,1665533078361,False,True
39490846,15.94000000,14.60000000,232.72400000,1665533091076,False,True
39490847,15.94000000,1.11000000,17.69340000,1665533095048,False,True
39490848,15.94000000,3.30000000,52.60200000,1665533095048,False,True
39490849,15.94000000,1.46000000,23.27240000,1665533095048,False,True
39490850,15.94000000,2.34000000,37.29960000,1665533095160,True,True
39490851,15.94000000,23.83000000,379.85020000,1665533111908,True,True
39490852,15.94000000,12.30000000,196.06200000,1665533111908,True,True
39490853,15.94000000,12.30000000,196.06200000,1665533111908,True,True
39490854,15.94000000,11.70000000,186.49800000,1665533111908,True,True
39490855,15.94000000,19.87000000,316.72780000,1665533111908,True,True
39490856,15.94000000,44.39000000,707.57660000,1665533111914,True,True
39490857,15.94000000,18.82000000,299.99080000,1665533111914,True,True
39490858,15.94000000,20.07000000,319.91580000,1665533111914,True,True
39490859,15.94000000,12.54000000,199.88760000,1665533121076,False,True
39490860,15.94000000,3.66000000,58.34040000,1665533121076,False,True
39490861,15.93000000,2.90000000,46.19700000,1665533121167,True,True
39490862,15.94000000,57.25000000,912.56500000,1665533127454,False,True
39490863,15.94000000,3.50000000,55.79000000,1665533127462,False,True
39490864,15.94000000,3.70000000,58.97800000,1665533127462,False,True
39490865,15.94000000,64.40000000,1026.53600000,1665533148705,True,True
39490866,15.94000000,11.70000000,186.49800000,1665533148705,True,True
39490867,15.94000000,12.30000000,196.06200000,1665533148705,True,True
39490868,15.94000000,12.30000000,196.06200000,1665533148705,True,True
39490869,15.94000000,10.00000000,159.40000000,1665533148705,True,True
39490870,15.94000000,5.35000000,85.27900000,1665533150606,False,True
39490871,15.94000000,17.05000000,271.77700000,1665533171076,False,True
39490872,15.94000000,2.00000000,31.88000000,1665533173174,False,True
39490873,15.93000000,11.13000000,177.30090000,1665533221077,False,True
39490874,15.93000000,6.42000000,102.27060000,1665533233723,False,True
39490875,15.93000000,3.57000000,56.87010000,1665533233723,False,True
39490876,15.93000000,8.28000000,131.90040000,1665533251095,False,True
39490877,15.92000000,2.80000000,44.57600000,1665533257018,True,True
39490878,15.92000000,3.30000000,52.53600000,1665533257018,True,True
39490879,15.92000000,1.46000000,23.24320000,1665533257018,True,True
39490880,15.92000000,7.93000000,126.24560000,1665533286076,False,True
39490881,15.92000000,3.14000000,49.98880000,1665533302512,False,True
39490882,15.92000000,0.69000000,10.98480000,1665533310651,False,True
39490883,15.92000000,1.14000000,18.14880000,1665533319013,False,True
39490884,15.92000000,12.17000000,193.74640000,1665533319013,False,True
39490885,15.92000000,84.98000000,1352.88160000,1665533319013,False,True
39490886,15.93000000,15.91000000,253.44630000,1665533319116,False,True
39490887,15.93000000,6.99000000,111.35070000,1665533351076,False,True
39490888,15.92000000,9.56000000,152.19520000,1665533355170,True,True
39490889,15.92000000,4.07000000,64.79440000,1665533361675,True,True
39490890,15.91000000,3.30000000,52.50300000,1665533372807,True,True
39490891,15.91000000,1.46000000,23.22860000,1665533372807,True,True
39490892,15.90000000,5.31000000,84.42900000,1665533381444,True,True
39490893,15.90000000,1.11000000,17.64900000,1665533381444,True,True
39490894,15.90000000,5.40000000,85.86000000,1665533381444,True,True
39490895,15.90000000,11.70000000,186.03000000,1665533381444,True,True
39490896,15.90000000,3.26000000,51.83400000,1665533381444,True,True
39490897,15.90000000,9.04000000,143.73600000,1665533381444,True,True
39490898,15.90000000,12.30000000,195.57000000,1665533381444,True,True
39490899,15.90000000,3.30000000,52.47000000,1665533381444,True,True
39490900,15.90000000,1.46000000,23.21400000,1665533381444,True,True
39490901,15.90000000,15.75000000,250.42500000,1665533406076,False,True
39490902,15.90000000,0.62000000,9.85800000,1665533412233,False,True
39490903,15.90000000,7.86000000,124.97400000,1665533426076,False,True
39490904,15.89000000,1.11000000,17.63790000,1665533445140,True,True
39490905,15.89000000,0.67000000,10.64630000,1665533445140,True,True
39490906,15.89000000,19.76000000,313.98640000,1665533445140,True,True
39490907,15.89000000,5.30000000,84.21700000,1665533445156,True,True
39490908,15.89000000,3.30000000,52.43700000,1665533445156,True,True
39490909,15.89000000,1.46000000,23.19940000,1665533445156,True,True
39490910,15.88000000,0.67000000,10.63960000,1665533445490,True,True
39490911,15.89000000,12.58000000,199.89620000,1665533451610,False,True
39490912,15.89000000,45.35000000,720.61150000,1665533451610,False,True
39490913,15.90000000,17.12000000,272.20800000,1665533471076,False,True
39490914,15.90000000,2.95000000,46.90500000,1665533484445,True,True
39490915,15.90000000,9.35000000,148.66500000,1665533484796,True,True
39490916,15.89000000,6.42000000,102.01380000,1665533487993,False,True
39490917,15.90000000,14.11000000,224.34900000,1665533491089,False,True
39490918,15.90000000,0.04000000,0.63600000,1665533491089,False,True
39490919,15.89000000,86.01000000,1366.69890000,1665533525060,False,True
39490920,15.89000000,12.30000000,195.44700000,1665533536076,False,True
39490921,15.90000000,0.60000000,9.54000000,1665533536076,False,True
39490922,15.89000000,9.80000000,155.72200000,1665533543919,True,True
39490923,15.90000000,25.00000000,397.50000000,1665533552472,False,True
39490924,15.90000000,12.47000000,198.27300000,1665533571076,False,True
39490925,15.90000000,4.69000000,74.57100000,1665533598970,False,True
39490926,15.90000000,2.34000000,37.20600000,1665533601774,True,True
39490927,15.90000000,4.49000000,71.39100000,1665533606376,True,True
39490928,15.91000000,8.99000000,143.03090000,1665533611076,False,True
39490929,15.91000000,0.95000000,15.11450000,1665533619902,False,True
39490930,15.91000000,14.95000000,237.85450000,1665533641076,False,True
39490931,15.90000000,11.70000000,186.03000000,1665533651915,True,True
39490932,15.90000000,4.04000000,64.23600000,1665533651915,True,True
39490933,15.91000000,64.28000000,1022.69480000,1665533671058,False,True
39490934,15.91000000,48.31000000,768.61210000,1665533671058,False,True
39490935,15.91000000,3.70000000,58.86700000,1665533671058,False,True
39490936,15.91000000,3.30000000,52.50300000,1665533671058,False,True
39490937,15.91000000,86.03000000,1368.73730000,1665533671058,False,True
39490938,15.91000000,1.09000000,17.34190000,1665533671058,False,True
39490939,15.91000000,1.09000000,17.34190000,1665533671058,False,True
39490940,15.91000000,1.46000000,23.22860000,1665533671058,False,True
39490941,15.91000000,7.99000000,127.12090000,1665533671776,True,True
39490942,15.92000000,2.51000000,39.95920000,1665533677693,False,True
39490943,15.92000000,15.27000000,243.09840000,1665533686076,False,True
39490944,15.92000000,3.14000000,49.98880000,1665533690003,False,True
39490945,15.92000000,1.09000000,17.35280000,1665533690003,False,True
39490946,15.92000000,3.30000000,52.53600000,1665533690003,False,True
39490947,15.92000000,1.46000000,23.24320000,1665533690003,False,True
39490948,15.92000000,28.74000000,457.54080000,1665533690003,False,True
39490949,15.92000000,6.04000000,96.15680000,1665533690104,True,True
39490950,15.92000000,32.99000000,525.20080000,1665533690525,True,True
39490951,15.92000000,33.66000000,535.86720000,1665533690525,True,True
39490952,15.93000000,10.99000000,175.07070000,1665533692276,False,True
39490953,15.93000000,1.11000000,17.68230000,1665533692276,False,True
39490954,15.93000000,3.22000000,51.29460000,1665533692417,True,True
39490955,15.93000000,9.06000000,144.32580000,1665533692417,True,True
39490956,15.93000000,28.02000000,446.35860000,1665533709443,True,True
39490957,15.93000000,12.30000000,195.93900000,1665533709443,True,True
39490958,15.93000000,11.94000000,190.20420000,1665533709443,True,True
39490959,15.93000000,0.36000000,5.73480000,1665533710446,True,True
39490960,15.93000000,5.51000000,87.77430000,1665533710446,True,True
39490961,15.93000000,2.34000000,37.27620000,1665533713146,False,True
39490962,15.93000000,1.43000000,22.77990000,1665533732208,True,True
39490963,15.94000000,1.11000000,17.69340000,1665533740143,False,True
39490964,15.94000000,0.67000000,10.67980000,1665533740143,False,True
39490965,15.94000000,3.13000000,49.89220000,1665533740143,False,True
39490966,15.94000000,3.30000000,52.60200000,1665533740143,False,True
39490967,15.94000000,1.46000000,23.27240000,1665533740143,False,True
39490968,15.94000000,14.21000000,226.50740000,1665533740143,False,True
39490969,15.94000000,12.15000000,193.67100000,1665533740275,True,True
39490970,15.94000000,5.72000000,91.17680000,1665533740555,True,True
39490971,15.94000000,2.34000000,37.29960000,1665533740557,True,True
39490972,15.95000000,0.66000000,10.52700000,1665533748406,False,True
39490973,15.95000000,11.04000000,176.08800000,1665533751076,False,True
39490974,15.95000000,1.11000000,17.70450000,1665533751076,False,True
39490975,15.95000000,2.55000000,40.67250000,1665533751076,False,True
39490976,15.95000000,8.19000000,130.63050000,1665533781349,False,True
39490977,15.95000000,3.30000000,52.63500000,1665533781349,False,True
39490978,15.95000000,1.46000000,23.28700000,1665533781349,False,True
39490979,15.95000000,33.66000000,536.87700000,1665533781349,False,True
39490980,15.95000000,65.66000000,1047.27700000,1665533781349,False,True
39490981,15.95000000,50.89000000,811.69550000,1665533781349,False,True
39490982,15.96000000,0.66000000,10.53360000,1665533782778,False,True
39490983,15.95000000,35.32000000,563.35400000,1665533785306,True,True
39490984,15.96000000,1.27000000,20.26920000,1665533788743,False,True
39490985,15.96000000,1.11000000,17.71560000,1665533788743,False,True
39490986,15.96000000,3.30000000,52.66800000,1665533788743,False,True
39490987,15.96000000,1.46000000,23.30160000,1665533788743,False,True
39490988,15.96000000,1.54000000,24.57840000,1665533791463,True,True
39490989,15.96000000,1.29000000,20.58840000,1665533791463,True,True
39490990,15.96000000,1.69000000,26.97240000,1665533791466,True,True
39490991,15.96000000,1.80000000,28.72800000,1665533791467,True,True
39490992,15.97000000,1.11000000,17.72670000,1665533796076,False,True
39490993,15.97000000,8.76000000,139.89720000,1665533796076,False,True
39490994,15.97000000,4.82000000,76.97540000,1665533804354,False,True
39490995,15.97000000,3.13000000,49.98610000,1665533815407,False,True
39490996,15.97000000,3.13000000,49.98610000,1665533815407,False,True
39490997,15.97000000,3.30000000,52.70100000,1665533815407,False,True
39490998,15.97000000,2.15000000,34.33550000,1665533815407,False,True
39490999,15.97000000,1.46000000,23.31620000,1665533815407,False,True
39491000,15.97000000,2.34000000,37.36980000,1665533815643,True,True
39491001,15.98000000,2.70000000,43.14600000,1665533826076,False,True
39491002,15.98000000,1.11000000,17.73780000,1665533826076,False,True
39491003,15.98000000,0.69000000,11.02620000,1665533826076,False,True
39491004,15.98000000,0.69000000,11.02620000,1665533826076,False,True
39491005,15.98000000,0.70000000,11.18600000,1665533826076,False,True
39491006,15.98000000,3.50000000,55.93000000,1665533826076,False,True
39491007,15.98000000,2.04000000,32.59920000,1665533826076,False,True
39491008,15.98000000,1.08000000,17.25840000,1665533833801,False,True
39491009,15.98000000,6.25000000,99.87500000,1665533834256,False,True
39491010,15.98000000,3.30000000,52.73400000,1665533844537,False,True
39491011,15.98000000,1.46000000,23.33080000,1665533844537,False,True
39491012,15.98000000,1.49000000,23.81020000,1665533844705,True,True
39491013,15.98000000,0.85000000,13.58300000,1665533844705,True,True
39491014,15.98000000,36.98000000,590.94040000,1665533844757,True,True
39491015,15.97000000,2.34000000,37.36980000,1665533844765,True,True
39491016,15.98000000,8.04000000,128.47920000,1665533861862,True,True
39491017,15.99000000,1.11000000,17.74890000,1665533862885,False,True
39491018,15.99000000,0.67000000,10.71330000,1665533862885,False,True
39491019,15.99000000,2.71000000,43.33290000,1665533862885,False,True
39491020,15.99000000,0.50000000,7.99500000,1665533866076,False,True
39491021,15.99000000,11.49000000,183.72510000,1665533866076,False,True
39491022,15.98000000,51.01000000,815.13980000,1665533889247,True,True
39491023,15.98000000,6.25000000,99.87500000,1665533895864,False,True
39491024,15.99000000,0.92000000,14.71080000,1665533909840,False,True
39491025,15.99000000,18.21000000,291.17790000,1665533936076,False,True
39491026,15.98000000,65.68000000,1049.56640000,1665533940900,True,True
39491027,15.98000000,56.36000000,900.63280000,1665533940900,True,True
39491028,15.98000000,41.20000000,658.37600000,1665533940900,True,True
39491029,15.98000000,20.00000000,319.60000000,1665533960041,True,True
39491030,15.98000000,26.63000000,425.54740000,1665533960043,True,True
39491031,15.98000000,3.69000000,58.96620000,1665533969291,True,True
39491032,15.97000000,12.38000000,197.70860000,1665533969880,True,True
39491033,15.97000000,12.38000000,197.70860000,1665533969882,True,True
39491034,15.97000000,16.05000000,256.31850000,1665533969895,True,True
39491035,15.97000000,8.32000000,132.87040000,1665533971502,True,True
39491036,15.97000000,56.67000000,905.01990000,1665533971515,True,True
39491037,15.96000000,24.62000000,392.93520000,1665533974786,True,True
39491038,15.97000000,5.75000000,91.82750000,1665533983907,False,True
39491039,15.97000000,88.17000000,1408.07490000,1665533983907,False,True
39491040,15.97000000,11.98000000,191.32060000,1665534001076,False,True
39491041,15.97000000,10.02000000,160.01940000,1665534013618,False,True
39491042,15.97000000,8.93000000,142.61210000,1665534025740,False,True
39491043,15.97000000,31.07000000,496.18790000,1665534025740,False,True
39491044,15.97000000,12.34000000,197.06980000,1665534025743,False,True
39491045,15.97000000,45.46000000,725.99620000,1665534025743,False,True
39491046,15.97000000,1.06000000,16.92820000,1665534025753,False,True
39491047,15.97000000,2.34000000,37.36980000,1665534031006,True,True
39491048,15.98000000,8.13000000,129.91740000,1665534031076,False,True
39491049,15.97000000,0.36000000,5.74920000,1665534038535,True,True
39491050,15.97000000,9.64000000,153.95080000,1665534038535,True,True
39491051,15.97000000,10.68000000,170.55960000,1665534042937,True,True
39491052,15.97000000,12.97000000,207.13090000,1665534066076,False,True
39491053,15.96000000,56.29000000,898.38840000,1665534070905,True,True
39491054,15.96000000,3.30000000,52.66800000,1665534070966,True,True
39491055,15.96000000,4.39000000,70.06440000,1665534070966,True,True
39491056,15.96000000,1.46000000,23.30160000,1665534070966,True,True
39491057,15.96000000,4.09000000,65.27640000,1665534070966,True,True
39491058,15.96000000,10.11000000,161.35560000,1665534070977,True,True
39491059,15.96000000,13.62000000,217.37520000,1665534070977,True,True
39491060,15.96000000,24.58000000,392.29680000,1665534071020,True,True
39491061,15.96000000,70.88000000,1131.24480000,1665534079827,False,True
39491062,15.97000000,0.17000000,2.71490000,1665534082695,False,True
39491063,15.97000000,56.29000000,898.95130000,1665534082695,False,True
39491064,15.97000000,4.10000000,65.47700000,1665534082695,False,True
39491065,15.97000000,10.10000000,161.29700000,1665534082695,False,True
39491066,15.97000000,7.11000000,113.54670000,1665534082695,False,True
39491067,15.97000000,2.34000000,37.36980000,1665534087554,True,True
39491068,15.97000000,53.95000000,861.58150000,1665534087567,True,True
39491069,15.97000000,18.07000000,288.57790000,1665534096076,False,True
39491070,15.96000000,27.65000000,441.29400000,1665534096976,True,True
39491071,15.96000000,6.14000000,97.99440000,1665534096976,True,True
39491072,15.96000000,28.86000000,460.60560000,1665534096981,True,True
39491073,15.96000000,33.97000000,542.16120000,1665534096986,True,True
39491074,15.96000000,1.90000000,30.32400000,1665534096990,True,True
39491075,15.96000000,28.96000000,462.20160000,1665534096990,True,True
39491076,15.97000000,0.62000000,9.90140000,1665534128877,False,True
39491077,15.97000000,4.93000000,78.73210000,1665534134708,False,True
39491078,15.97000000,35.00000000,558.95000000,1665534134708,False,True
39491079,15.97000000,33.96000000,542.34120000,1665534134708,False,True
39491080,15.98000000,8.62000000,137.74760000,1665534151076,False,True
39491081,15.98000000,3.30000000,52.73400000,1665534160910,False,True
39491082,15.98000000,1.46000000,23.33080000,1665534160910,False,True
39491083,15.98000000,2.70000000,43.14600000,1665534160910,False,True
39491084,15.98000000,2.34000000,37.39320000,1665534161048,True,True
39491085,15.99000000,1.00000000,15.99000000,1665534162722,False,True
39491086,15.99000000,2.12000000,33.89880000,1665534162867,False,True
39491087,16.00000000,0.66000000,10.56000000,1665534162899,False,True
39491088,16.00000000,0.61000000,9.76000000,1665534162899,False,True
39491089,16.00000000,1.11000000,17.76000000,1665534162899,False,True
39491090,16.00000000,0.28000000,4.48000000,1665534162899,False,True
39491091,16.00000000,0.93000000,14.88000000,1665534163035,False,True
39491092,16.00000000,0.07000000,1.12000000,1665534163035,False,True
39491093,15.99000000,0.63000000,10.07370000,1665534163428,True,True
39491094,15.99000000,2.55000000,40.77450000,1665534165017,True,True
39491095,15.99000000,6.94000000,110.97060000,1665534165296,True,True
39491096,15.99000000,4.69000000,74.99310000,1665534165307,True,True
39491097,15.99000000,0.67000000,10.71330000,1665534165364,True,True
39491098,15.99000000,11.70000000,187.08300000,1665534165364,True,True
39491099,15.99000000,12.30000000,196.67700000,1665534165364,True,True
39491100,15.99000000,2.28000000,36.45720000,1665534165679,True,True
39491101,15.99000000,1.94000000,31.02060000,1665534165681,True,True
39491102,15.99000000,2.29000000,36.61710000,1665534165681,True,True
39491103,15.99000000,7.49000000,119.76510000,1665534169810,True,True
39491104,15.99000000,7.71000000,123.28290000,1665534169810,True,True
39491105,15.99000000,12.50000000,199.87500000,1665534179955,False,True
39491106,16.00000000,1.53000000,24.48000000,1665534185482,False,True
39491107,16.00000000,18.41000000,294.56000000,1665534185482,False,True
39491108,16.00000000,19.93000000,318.88000000,1665534187481,False,True
39491109,16.00000000,11.66000000,186.56000000,1665534188481,False,True
39491110,16.00000000,8.27000000,132.32000000,1665534188481,False,True
39491111,16.00000000,3.12000000,49.92000000,1665534193000,False,True
39491112,15.99000000,13.55000000,216.66450000,1665534196438,False,True
39491113,15.99000000,21.36000000,341.54640000,1665534196438,False,True
39491114,16.00000000,9.67000000,154.72000000,1665534201076,False,True
39491115,16.00000000,1.46000000,23.36000000,1665534201076,False,True
39491116,16.00000000,4.40000000,70.40000000,1665534201076,False,True
39491117,15.99000000,2.34000000,37.41660000,1665534202375,True,True
39491118,16.00000000,6.52000000,104.32000000,1665534226146,False,True
39491119,16.00000000,3.12000000,49.92000000,1665534226146,False,True
39491120,16.00000000,7.62000000,121.92000000,1665534226146,False,True
39491121,16.00000000,0.09000000,1.44000000,1665534226152,False,True
39491122,16.00000000,3.30000000,52.80000000,1665534226152,False,True
39491123,16.00000000,1.46000000,23.36000000,1665534226152,False,True
39491124,16.00000000,14.94000000,239.04000000,1665534226375,True,True
39491125,16.00000000,0.85000000,13.60000000,1665534234512,True,True
39491126,16.00000000,2.34000000,37.44000000,1665534236369,True,True
39491127,16.01000000,2.12000000,33.94120000,1665534239620,False,True
39491128,16.01000000,1.11000000,17.77110000,1665534239620,False,True
39491129,16.01000000,50.00000000,800.50000000,1665534239620,False,True
39491130,16.01000000,3.30000000,52.83300000,1665534239620,False,True
39491131,16.01000000,1.46000000,23.37460000,1665534239620,False,True
39491132,16.01000000,5.10000000,81.65100000,1665534239697,True,True
39491133,16.01000000,3.27000000,52.35270000,1665534239983,True,True
39491134,16.00000000,2.95000000,47.20000000,1665534245937,True,True
39491135,16.00000000,9.67000000,154.72000000,1665534256076,False,True
39491136,16.00000000,0.75000000,12.00000000,1665534257240,False,True
39491137,16.00000000,60.00000000,960.00000000,1665534274525,True,True
39491138,16.00000000,30.24000000,483.84000000,1665534274528,True,True
39491139,16.00000000,5.08000000,81.28000000,1665534274528,True,True
39491140,16.00000000,9.37000000,149.92000000,1665534274528,True,True
39491141,16.00000000,3.20000000,51.20000000,1665534275302,False,True
39491142,16.00000000,20.00000000,320.00000000,1665534277148,False,True
39491143,16.00000000,74.48000000,1191.68000000,1665534277152,False,True
39491144,16.01000000,1.46000000,23.37460000,1665534281076,False,True
39491145,16.01000000,6.85000000,109.66850000,1665534281076,False,True
39491146,16.00000000,1.07000000,17.12000000,1665534298513,True,True
39491147,16.01000000,5.71000000,91.41710000,1665534306076,False,True
39491148,16.01000000,9.35000000,149.69350000,1665534306076,False,True
39491149,16.00000000,93.41000000,1494.56000000,1665534306398,True,True
39491150,16.00000000,0.68000000,10.88000000,1665534306398,True,True
39491151,16.00000000,4.86000000,77.76000000,1665534309523,True,True
39491152,16.00000000,5.14000000,82.24000000,1665534310246,True,True
39491153,15.99000000,1.24000000,19.82760000,1665534324934,True,True
39491154,16.00000000,3.37000000,53.92000000,1665534338181,True,True
39491155,16.00000000,2.34000000,37.44000000,1665534338503,True,True
39491156,16.01000000,8.47000000,135.60470000,1665534346076,False,True
39491157,16.01000000,15.80000000,252.95800000,1665534365402,False,True
39491158,16.01000000,1.46000000,23.37460000,1665534365402,False,True
39491159,16.01000000,94.48000000,1512.62480000,1665534365402,False,True
39491160,16.01000000,1.79000000,28.65790000,1665534369127,True,True
39491161,16.01000000,2.26000000,36.18260000,1665534369129,True,True
39491162,16.01000000,1.85000000,29.61850000,1665534369131,True,True
39491163,16.01000000,2.21000000,35.38210000,1665534369134,True,True
39491164,16.02000000,1.00000000,16.02000000,1665534372854,False,True
39491165,16.01000000,1.07000000,17.13070000,1665534374627,True,True
39491166,16.02000000,0.11000000,1.76220000,1665534375083,False,True
39491167,16.02000000,0.67000000,10.73340000,1665534375083,False,True
39491168,16.02000000,0.29000000,4.64580000,1665534375083,False,True
39491169,16.02000000,1.51000000,24.19020000,1665534376076,False,True
39491170,16.02000000,8.54000000,136.81080000,1665534376076,False,True
39491171,16.02000000,69.07000000,1106.50140000,1665534378979,False,True
39491172,16.02000000,4.15000000,66.48300000,1665534378979,False,True
39491173,16.02000000,3.30000000,52.86600000,1665534386528,False,True
39491174,16.02000000,3.12000000,49.98240000,1665534386528,False,True
39491175,16.02000000,1.46000000,23.38920000,1665534386528,False,True
39491176,16.03000000,0.66000000,10.57980000,1665534386636,False,True
39491177,16.03000000,8.93000000,143.14790000,1665534411076,False,True
39491178,16.02000000,1.07000000,17.14140000,1665534418875,True,True
39491179,16.02000000,0.83000000,13.29660000,1665534419091,True,True
39491180,16.03000000,2.84000000,45.52520000,1665534451076,False,True
39491181,16.03000000,1.11000000,17.79330000,1665534451076,False,True
39491182,16.03000000,0.69000000,11.06070000,1665534451076,False,True
39491183,16.03000000,3.21000000,51.45630000,1665534451076,False,True
39491184,16.03000000,1.80000000,28.85400000,1665534451076,False,True
39491185,16.03000000,3.84000000,61.55520000,1665534476076,False,True
39491186,16.03000000,1.52000000,24.36560000,1665534476076,False,True
39491187,16.03000000,1.70000000,27.25100000,1665534476076,False,True
39491188,16.03000000,3.30000000,52.89900000,1665534476076,False,True
39491189,16.03000000,1.46000000,23.40380000,1665534476076,False,True
39491190,16.04000000,1.27000000,20.37080000,1665534476076,False,True
39491191,16.04000000,1.10000000,17.64400000,1665534476076,False,True
39491192,16.04000000,0.67000000,10.74680000,1665534476076,False,True
39491193,16.04000000,0.69000000,11.06760000,1665534476076,False,True
39491194,16.04000000,1.37000000,21.97480000,1665534476076,False,True
39491195,16.04000000,0.72000000,11.54880000,1665534476076,False,True
39491196,16.04000000,0.54000000,8.66160000,1665534476076,False,True
39491197,16.03000000,7.44000000,119.26320000,1665534480357,True,True
39491198,16.03000000,2.34000000,37.51020000,1665534480418,True,True
39491199,16.03000000,2.34000000,37.51020000,1665534480477,True,True
39491200,16.04000000,0.72000000,11.54880000,1665534482583,False,True
39491201,16.04000000,0.70000000,11.22800000,1665534482583,False,True
39491202,16.04000000,0.63000000,10.10520000,1665534482583,False,True
39491203,16.04000000,18.96000000,304.11840000,1665534482583,False,True
39491204,16.03000000,2.25000000,36.06750000,1665534492197,True,True
39491205,16.03000000,2.09000000,33.50270000,1665534492198,True,True
39491206,16.03000000,2.14000000,34.30420000,1665534492198,True,True
39491207,16.03000000,1.62000000,25.96860000,1665534492199,True,True
39491208,16.03000000,12.30000000,197.16900000,1665534506230,True,True
39491209,16.03000000,11.70000000,187.55100000,1665534506230,True,True
39491210,16.03000000,12.30000000,197.16900000,1665534506230,True,True
39491211,16.03000000,7.11000000,113.97330000,1665534506230,True,True
39491212,16.02000000,49.29000000,789.62580000,1665534519287,True,True
39491213,16.02000000,94.48000000,1513.56960000,1665534519287,True,True
39491214,16.02000000,65.42000000,1048.02840000,1665534519287,True,True
39491215,16.02000000,14.22000000,227.80440000,1665534519287,True,True
39491216,16.02000000,4.35000000,69.68700000,1665534519287,True,True
39491217,16.02000000,6.90000000,110.53800000,1665534536076,False,True
39491218,16.01000000,94.48000000,1512.62480000,1665534545461,True,True
39491219,16.01000000,2.09000000,33.46090000,1665534545461,True,True
39491220,16.01000000,1.46000000,23.37460000,1665534545461,True,True
39491221,16.01000000,57.88000000,926.65880000,1665534563627,False,True
39491222,16.01000000,36.60000000,585.96600000,1665534563628,False,True
39491223,16.01000000,43.48000000,696.11480000,1665534563628,False,True
39491224,16.01000000,20.13000000,322.28130000,1665534563628,False,True
39491225,16.01000000,21.94000000,351.25940000,1665534563628,False,True
39491226,16.01000000,7.24000000,115.91240000,1665534576076,False,True
39491227,16.00000000,2.31000000,36.96000000,1665534593695,True,True
39491228,16.00000000,1.27000000,20.32000000,1665534593695,True,True
39491229,16.00000000,3.30000000,52.80000000,1665534593695,True,True
39491230,16.00000000,1.10000000,17.60000000,1665534593695,True,True
39491231,16.00000000,1.46000000,23.36000000,1665534593695,True,True
39491232,16.00000000,0.55000000,8.80000000,1665534593695,True,True
39491233,16.00000000,2.15000000,34.40000000,1665534593777,True,True
39491234,16.00000000,4.98000000,79.68000000,1665534593777,True,True
39491235,16.01000000,10.68000000,170.98680000,1665534617525,False,True
39491236,16.01000000,15.45000000,247.35450000,1665534617525,False,True
39491237,16.02000000,46.11000000,738.68220000,1665534617525,False,True
39491238,16.01000000,6.42000000,102.78420000,1665534618422,False,True
39491239,16.02000000,9.79000000,156.83580000,1665534626076,False,True
39491240,16.02000000,14.71000000,235.65420000,1665534651076,False,True
39491241,16.02000000,54.99000000,880.93980000,1665534669822,True,True
39491242,16.02000000,10.37000000,166.12740000,1665534669823,True,True
39491243,16.02000000,9.63000000,154.27260000,1665534669823,True,True
39491244,16.02000000,7.98000000,127.83960000,1665534669825,True,True
39491245,16.02000000,12.02000000,192.56040000,1665534669825,True,True
39491246,16.02000000,12.47000000,199.76940000,1665534669830,True,True
39491247,16.02000000,5.05000000,80.90100000,1665534669830,True,True
39491248,16.01000000,3.54000000,56.67540000,1665534669925,True,True
39491249,16.02000000,2.70000000,43.25400000,1665534684890,False,True
39491250,16.02000000,21.65000000,346.83300000,1665534684890,False,True
39491251,16.02000000,15.94000000,255.35880000,1665534696076,False,True
39491252,16.02000000,14.32000000,229.40640000,1665534718018,False,True
39491253,16.02000000,49.28000000,789.46560000,1665534718272,False,True
39491254,16.03000000,9.86000000,158.05580000,1665534736076,False,True
39491255,16.03000000,5.26000000,84.31780000,1665534744058,False,True
39491256,16.03000000,3.17000000,50.81510000,1665534744058,False,True
39491257,16.03000000,1.09000000,17.47270000,1665534744058,False,True
39491258,16.03000000,3.30000000,52.89900000,1665534744058,False,True
39491259,16.03000000,7.12000000,114.13360000,1665534744058,False,True
39491260,16.03000000,1.46000000,23.40380000,1665534744058,False,True
39491261,16.03000000,20.09000000,322.04270000,1665534744058,False,True
39491262,16.03000000,20.00000000,320.60000000,1665534744069,False,True
39491263,16.03000000,33.77000000,541.33310000,1665534744070,False,True
39491264,16.03000000,13.30000000,213.19900000,1665534744072,False,True
39491265,16.03000000,53.77000000,861.93310000,1665534744072,False,True
39491266,16.03000000,65.43000000,1048.84290000,1665534744073,False,True
39491267,16.03000000,2.74000000,43.92220000,1665534744672,True,True
39491268,16.04000000,3.11000000,49.88440000,1665534747114,False,True
39491269,16.04000000,1.27000000,20.37080000,1665534747114,False,True
39491270,16.04000000,1.10000000,17.64400000,1665534747114,False,True
39491271,16.04000000,3.30000000,52.93200000,1665534747114,False,True
39491272,16.04000000,1.46000000,23.41840000,1665534747114,False,True
39491273,16.04000000,15.53000000,249.10120000,1665534747177,True,True
39491274,16.04000000,23.87000000,382.87480000,1665534747237,True,True
39491275,16.05000000,12.43000000,199.50150000,1665534765871,False,True
39491276,16.05000000,1.10000000,17.65500000,1665534765871,False,True
39491277,16.05000000,2.50000000,40.12500000,1665534765871,False,True
39491278,16.05000000,153.94000000,2470.73700000,1665534765871,False,True
39491279,16.05000000,15.57000000,249.89850000,1665534765871,False,True
39491280,16.05000000,84.98000000,1363.92900000,1665534765871,False,True
39491281,16.05000000,169.48000000,2720.15400000,1665534765871,False,True
39491282,16.05000000,40.00000000,642.00000000,1665534765877,False,True
39491283,16.05000000,3.30000000,52.96500000,1665534765908,False,True
39491284,16.05000000,1.46000000,23.43300000,1665534765908,False,True
39491285,16.05000000,1.11000000,17.81550000,1665534765908,False,True
39491286,16.05000000,1.01000000,16.21050000,1665534765908,False,True
39491287,16.05000000,0.10000000,1.60500000,1665534765930,False,True
39491288,16.05000000,2.65000000,42.53250000,1665534765930,False,True
39491289,16.06000000,1.10000000,17.66600000,1665534766076,False,True
39491290,16.06000000,3.48000000,55.88880000,1665534766076,False,True
39491291,16.06000000,1.01000000,16.22060000,1665534766076,False,True
39491292,16.06000000,1.13000000,18.14780000,1665534766076,False,True
39491293,16.06000000,0.81000000,13.00860000,1665534766076,False,True
39491294,16.05000000,3.50000000,56.17500000,1665534766238,True,True
39491295,16.05000000,11.85000000,190.19250000,1665534771223,True,True
39491296,16.05000000,8.15000000,130.80750000,1665534771223,True,True
39491297,16.05000000,35.63000000,571.86150000,1665534771224,True,True
39491298,16.05000000,21.66000000,347.64300000,1665534771225,True,True
39491299,16.05000000,2.70000000,43.33500000,1665534771225,True,True
39491300,16.05000000,94.49000000,1516.56450000,1665534771225,True,True
39491301,16.05000000,7.10000000,113.95500000,1665534771225,True,True
39491302,16.05000000,12.30000000,197.41500000,1665534771225,True,True
39491303,16.05000000,11.70000000,187.78500000,1665534771225,True,True
39491304,16.05000000,12.30000000,197.41500000,1665534771225,True,True
39491305,16.05000000,37.75000000,605.88750000,1665534771225,True,True
39491306,16.05000000,13.07000000,209.77350000,1665534771229,True,True
39491307,16.04000000,9.55000000,153.18200000,1665534775549,True,True
39491308,16.04000000,40.00000000,641.60000000,1665534776666,True,True
39491309,16.04000000,20.31000000,325.77240000,1665534776670,True,True
39491310,16.04000000,7.30000000,117.09200000,1665534776671,True,True
39491311,16.04000000,32.70000000,524.50800000,1665534776671,True,True
39491312,16.04000000,40.00000000,641.60000000,1665534776671,True,True
39491313,16.04000000,20.00000000,320.80000000,1665534776671,True,True
39491314,16.04000000,1.79000000,28.71160000,1665534776671,True,True
39491315,16.04000000,18.21000000,292.08840000,1665534776671,True,True
39491316,16.04000000,40.00000000,641.60000000,1665534776680,True,True
39491317,16.04000000,7.15000000,114.68600000,1665534776681,True,True
39491318,16.04000000,5.15000000,82.60600000,1665534776681,True,True
39491319,16.04000000,8.34000000,133.77360000,1665534776681,True,True
39491320,16.04000000,7.11000000,114.04440000,1665534776681,True,True
39491321,16.04000000,18.70000000,299.94800000,1665534776681,True,True
39491322,16.04000000,13.55000000,217.34200000,1665534776681,True,True
39491323,16.04000000,6.62000000,106.18480000,1665534778822,False,True
39491324,16.04000000,35.25000000,565.41000000,1665534786072,False,True
39491325,16.04000000,16.52000000,264.98080000,1665534786082,False,True
39491326,16.04000000,89.99000000,1443.43960000,1665534786082,False,True
39491327,16.05000000,2.70000000,43.33500000,1665534807598,False,True
39491328,16.05000000,94.48000000,1516.40400000,1665534807598,False,True
39491329,16.05000000,8.32000000,133.53600000,1665534807598,False,True
39491330,16.06000000,8.46000000,135.86760000,1665534811076,False,True
39491331,16.06000000,0.91000000,14.61460000,1665534811076,False,True
39491332,16.06000000,0.63000000,10.11780000,1665534811076,False,True
39491333,16.06000000,8.38000000,134.58280000,1665534811076,False,True
39491334,16.05000000,2.33000000,37.39650000,1665534813448,True,True
39491335,16.06000000,4.22000000,67.77320000,1665534822912,False,True
39491336,16.06000000,15.32000000,246.03920000,1665534822912,False,True
39491337,16.06000000,20.46000000,328.58760000,1665534822912,False,True
39491338,16.06000000,3.62000000,58.13720000,1665534822913,False,True
39491339,16.06000000,23.12000000,371.30720000,1665534822913,False,True
39491340,16.06000000,3.11000000,49.94660000,1665534822913,False,True
39491341,16.06000000,1.11000000,17.82660000,1665534822913,False,True
39491342,16.06000000,24.89000000,399.73340000,1665534822913,False,True
39491343,16.06000000,94.44000000,1516.70640000,1665534822916,False,True
39491344,16.06000000,3.30000000,52.99800000,1665534822916,False,True
39491345,16.06000000,1.46000000,23.44760000,1665534822916,False,True
39491346,16.06000000,81.90000000,1315.31400000,1665534822916,False,True
39491347,16.06000000,1.11000000,17.82660000,1665534822916,False,True
39491348,16.06000000,50.67000000,813.76020000,1665534822916,False,True
39491349,16.06000000,99.88000000,1604.07280000,1665534822916,False,True
39491350,16.06000000,4.51000000,72.43060000,1665534822928,True,True
39491351,16.06000000,16.86000000,270.77160000,1665534823013,True,True
39491352,16.06000000,20.00000000,321.20000000,1665534824772,True,True
39491353,16.06000000,27.27000000,437.95620000,1665534824775,True,True
39491354,16.06000000,5.30000000,85.11800000,1665534824775,True,True
39491355,16.06000000,12.90000000,207.17400000,1665534824775,True,True
39491356,16.06000000,26.10000000,419.16600000,1665534824783,True,True
39491357,16.06000000,12.30000000,197.53800000,1665534824783,True,True
39491358,16.06000000,12.30000000,197.53800000,1665534824783,True,True
39491359,16.06000000,11.70000000,187.90200000,1665534824783,True,True
39491360,16.06000000,5.40000000,86.72400000,1665534824783,True,True
39491361,16.07000000,1.07000000,17.19490000,1665534824809,False,True
39491362,16.06000000,94.48000000,1517.34880000,1665534824820,True,True
39491363,16.06000000,8.31000000,133.45860000,1665534824824,True,True
39491364,16.06000000,56.09000000,900.80540000,1665534824825,True,True
39491365,16.06000000,8.31000000,133.45860000,1665534824825,True,True
39491366,16.05000000,20.00000000,321.00000000,1665534824911,True,True
39491367,16.05000000,20.00000000,321.00000000,1665534824916,True,True
39491368,16.05000000,2.43000000,39.00150000,1665534824921,True,True
39491369,16.05000000,5.88000000,94.37400000,1665534824921,True,True
39491370,16.05000000,65.42000000,1049.99100000,1665534824921,True,True
39491371,16.05000000,5.40000000,86.67000000,1665534824921,True,True
39491372,16.05000000,0.87000000,13.96350000,1665534824921,True,True
39491373,16.05000000,17.81000000,285.85050000,1665534824925,True,True
39491374,16.05000000,4.62000000,74.15100000,1665534824925,True,True
39491375,16.05000000,14.21000000,228.07050000,1665534824925,True,True
39491376,16.05000000,40.26000000,646.17300000,1665534824925,True,True
39491377,16.05000000,84.98000000,1363.92900000,1665534824925,True,True
39491378,16.05000000,3.75000000,60.18750000,1665534824925,True,True
39491379,16.05000000,18.60000000,298.53000000,1665534824925,True,True
39491380,16.05000000,14.70000000,235.93500000,1665534824925,True,True
39491381,16.05000000,0.68000000,10.91400000,1665534827906,False,True
39491382,16.05000000,2.04000000,32.74200000,1665534843606,False,True
39491383,16.05000000,0.49000000,7.86450000,1665534843606,False,True
39491384,16.04000000,1.00000000,16.04000000,1665534850777,True,True
39491385,16.05000000,19.51000000,313.13550000,1665534851786,False,True
39491386,16.05000000,5.49000000,88.11450000,1665534851786,False,True
39491387,16.06000000,9.06000000,145.50360000,1665534896076,False,True
39491388,16.05000000,1.07000000,17.17350000,1665534898572,True,True
39491389,16.05000000,65.76000000,1055.44800000,1665534909908,True,True
39491390,16.05000000,17.30000000,277.66500000,1665534909908,True,True
39491391,16.05000000,39.38000000,632.04900000,1665534909908,True,True
39491392,16.05000000,18.69000000,299.97450000,1665534909908,True,True
39491393,16.05000000,62.11000000,996.86550000,1665534909908,True,True
39491394,16.05000000,50.04000000,803.14200000,1665534909908,True,True
39491395,16.05000000,2.56000000,41.08800000,1665534909908,True,True
39491396,16.05000000,50.14000000,804.74700000,1665534909908,True,True
39491397,16.05000000,49.34000000,791.90700000,1665534909908,True,True
39491398,16.05000000,34.00000000,545.70000000,1665534909908,True,True
39491399,16.05000000,0.68000000,10.91400000,1665534909908,True,True
39491400,16.05000000,6.88000000,110.42400000,1665534909991,True,True
39491401,16.06000000,6.28000000,100.85680000,1665534942802,False,True
39491402,16.06000000,1.07000000,17.18420000,1665534944754,False,True
39491403,16.06000000,6.88000000,110.49280000,1665534951076,False,True
39491404,16.06000000,2.23000000,35.81380000,1665534966416,False,True
39491405,16.05000000,19.15000000,307.35750000,1665534969506,True,True
39491406,16.05000000,1.93000000,30.97650000,1665534969506,True,True
39491407,16.05000000,16.76000000,268.99800000,1665534969514,True,True
39491408,16.05000000,23.57000000,378.29850000,1665534969538,True,True
39491409,16.05000000,19.73000000,316.66650000,1665534969538,True,True
39491410,16.06000000,18.10000000,290.68600000,1665534971076,False,True
39491411,16.05000000,22.47000000,360.64350000,1665534972807,True,True
39491412,16.05000000,14.86000000,238.50300000,1665534972807,True,True
39491413,16.05000000,14.44000000,231.76200000,1665534972807,True,True
39491414,16.05000000,4.25000000,68.21250000,1665534972820,True,True
39491415,16.05000000,14.70000000,235.93500000,1665534995992,False,True
39491416,16.05000000,18.60000000,298.53000000,1665534995992,False,True
39491417,16.05000000,64.53000000,1035.70650000,1665534995992,False,True
39491418,16.05000000,18.51000000,297.08550000,1665535011076,False,True
39491419,16.05000000,15.93000000,255.67650000,1665535051573,True,True
39491420,16.05000000,4.59000000,73.66950000,1665535051573,True,True
39491421,16.04000000,18.85000000,302.35400000,1665535074477,True,True
39491422,16.04000000,2.78000000,44.59120000,1665535074501,True,True
39491423,16.04000000,1.46000000,23.41840000,1665535074501,True,True
39491424,16.04000000,2.33000000,37.37320000,1665535075224,False,True
39491425,16.03000000,3.16000000,50.65480000,1665535086108,True,True
39491426,16.03000000,3.30000000,52.89900000,1665535086108,True,True
39491427,16.03000000,1.46000000,23.40380000,1665535086108,True,True
39491428,16.02000000,0.66000000,10.57320000,1665535091343,True,True
39491429,16.03000000,12.65000000,202.77950000,1665535101076,False,True
39491430,16.03000000,42.83000000,686.56490000,1665535119766,False,True
39491431,16.03000000,28.46000000,456.21380000,1665535119771,False,True
39491432,16.04000000,0.68000000,10.90720000,1665535131324,False,True
39491433,16.04000000,6.47000000,103.77880000,1665535141076,False,True
39491434,16.04000000,64.14000000,1028.80560000,1665535146538,False,True
39491435,16.04000000,7.14000000,114.52560000,1665535146538,False,True
39491436,16.04000000,14.20000000,227.76800000,1665535146538,False,True
39491437,16.04000000,2.34000000,37.53360000,1665535152950,True,True
39491438,16.04000000,1.41000000,22.61640000,1665535154686,True,True
39491439,16.04000000,71.86000000,1152.63440000,1665535155498,True,True
39491440,16.04000000,1.44000000,23.09760000,1665535157489,True,True
39491441,16.04000000,5.20000000,83.40800000,1665535157492,True,True
39491442,16.04000000,6.04000000,96.88160000,1665535157538,True,True
39491443,16.04000000,7.14000000,114.52560000,1665535157865,True,True
39491444,16.04000000,5.75000000,92.23000000,1665535157938,True,True
39491445,16.04000000,1.23000000,19.72920000,1665535159107,True,True
39491446,16.04000000,43.06000000,690.68240000,1665535159502,True,True
39491447,16.05000000,13.09000000,210.09450000,1665535166076,False,True
39491448,16.04000000,4.13000000,66.24520000,1665535174052,True,True
39491449,16.04000000,36.97000000,592.99880000,1665535191487,False,True
39491450,16.04000000,14.14000000,226.80560000,1665535202507,False,True
39491451,16.04000000,10.29000000,165.05160000,1665535206076,False,True
39491452,16.04000000,4.02000000,64.48080000,1665535206076,False,True
39491453,16.04000000,1.07000000,17.16280000,1665535214043,False,True
39491454,16.03000000,4.94000000,79.18820000,1665535222981,True,True
39491455,16.03000000,5.01000000,80.31030000,1665535230485,True,True
39491456,16.03000000,16.51000000,264.65530000,1665535230485,True,True
39491457,16.03000000,12.30000000,197.16900000,1665535230485,True,True
39491458,16.03000000,9.19000000,147.31570000,1665535230485,True,True
39491459,16.03000000,3.11000000,49.85330000,1665535230493,True,True
39491460,16.03000000,11.70000000,187.55100000,1665535230493,True,True
39491461,16.03000000,1.46000000,23.40380000,1665535230493,True,True
39491462,16.03000000,65.76000000,1054.13280000,1665535230493,True,True
39491463,16.03000000,6.91000000,110.76730000,1665535241116,False,True
39491464,16.03000000,0.89000000,14.26670000,1665535241127,False,True
39491465,16.03000000,6.77000000,108.52310000,1665535241128,False,True
39491466,16.03000000,2.79000000,44.72370000,1665535241217,True,True
39491467,16.03000000,9.63000000,154.36890000,1665535241313,True,True
39491468,16.03000000,9.63000000,154.36890000,1665535241546,True,True
39491469,16.03000000,2.34000000,37.51020000,1665535246193,True,True
39491470,16.03000000,2.33000000,37.34990000,1665535249918,True,True
39491471,16.03000000,2.33000000,37.34990000,1665535252466,True,True
39491472,16.03000000,20.00000000,320.60000000,1665535253274,True,True
39491473,16.03000000,15.21000000,243.81630000,1665535253279,True,True
39491474,16.03000000,4.79000000,76.78370000,1665535253279,True,True
39491475,16.03000000,12.30000000,197.16900000,1665535253285,True,True
39491476,16.03000000,4.25000000,68.12750000,1665535253285,True,True
39491477,16.02000000,0.44000000,7.04880000,1665535267378,True,True
39491478,16.02000000,5.40000000,86.50800000,1665535267378,True,True
39491479,16.02000000,3.30000000,52.86600000,1665535267378,True,True
39491480,16.02000000,4.06000000,65.04120000,1665535267378,True,True
39491481,16.02000000,7.63000000,122.23260000,1665535267378,True,True
39491482,16.02000000,1.46000000,23.38920000,1665535267378,True,True
39491483,16.02000000,12.53000000,200.73060000,1665535267378,True,True
39491484,16.01000000,2.52000000,40.34520000,1665535268731,True,True
39491485,16.01000000,4.51000000,72.20510000,1665535268731,True,True
39491486,16.01000000,3.11000000,49.79110000,1665535268733,True,True
39491487,16.01000000,3.11000000,49.79110000,1665535268733,True,True
39491488,16.01000000,0.23000000,3.68230000,1665535268734,True,True
39491489,16.01000000,1.10000000,17.61100000,1665535268734,True,True
39491490,16.01000000,2.70000000,43.22700000,1665535268734,True,True
39491491,16.01000000,33.22000000,531.85220000,1665535276032,False,True
39491492,16.01000000,65.76000000,1052.81760000,1665535276032,False,True
39491493,16.01000000,86.75000000,1388.86750000,1665535276032,False,True
39491494,16.01000000,5.93000000,94.93930000,1665535276032,False,True
39491495,16.02000000,4.44000000,71.12880000,1665535284520,False,True
39491496,16.02000000,7.03000000,112.62060000,1665535284524,False,True
39491497,16.02000000,7.49000000,119.98980000,1665535285032,False,True
39491498,16.02000000,1.67000000,26.75340000,1665535296513,True,True
39491499,16.03000000,36.50000000,585.09500000,1665535299911,False,True
39491500,16.03000000,8.63000000,138.33890000,1665535299940,False,True
39491501,16.03000000,7.92000000,126.95760000,1665535299948,False,True
39491502,16.03000000,12.69000000,203.42070000,1665535299953,False,True
39491503,16.03000000,20.00000000,320.60000000,1665535299953,False,True
39491504,16.03000000,1.35000000,21.64050000,1665535299953,False,True
39491505,16.04000000,16.94000000,271.71760000,1665535316076,False,True
39491506,16.04000000,3.30000000,52.93200000,1665535346606,False,True
39491507,16.04000000,1.46000000,23.41840000,1665535346606,False,True
39491508,16.04000000,1.33000000,21.33320000,1665535346606,False,True
39491509,16.05000000,10.29000000,165.15450000,1665535349938,False,True
39491510,16.04000000,2.07000000,33.20280000,1665535372032,True,True
39491511,16.05000000,10.97000000,176.06850000,1665535381076,False,True
39491512,16.05000000,1.10000000,17.65500000,1665535389161,False,True
39491513,16.05000000,3.11000000,49.91550000,1665535389161,False,True
39491514,16.05000000,3.30000000,52.96500000,1665535389161,False,True
39491515,16.05000000,1.46000000,23.43300000,1665535389161,False,True
39491516,16.05000000,1.37000000,21.98850000,1665535389161,False,True
39491517,16.05000000,12.60000000,202.23000000,1665535392566,True,True
39491518,16.05000000,6.22000000,99.83100000,1665535392566,True,True
39491519,16.06000000,11.56000000,185.65360000,1665535406076,False,True
39491520,16.05000000,1.06000000,17.01300000,1665535423805,True,True
39491521,16.06000000,1.07000000,17.18420000,1665535424300,False,True
39491522,16.06000000,8.15000000,130.88900000,1665535426077,False,True
39491523,16.06000000,1.10000000,17.66600000,1665535426077,False,True
39491524,16.06000000,1.14000000,18.30840000,1665535426077,False,True
39491525,16.05000000,5.02000000,80.57100000,1665535436376,True,True
39491526,16.05000000,54.19000000,869.74950000,1665535436376,True,True
39491527,16.05000000,50.75000000,814.53750000,1665535440605,True,True
39491528,16.05000000,8.87000000,142.36350000,1665535451076,False,True
39491529,16.06000000,5.97000000,95.87820000,1665535481077,False,True
39491530,16.06000000,10.36000000,166.38160000,1665535481077,False,True
39491531,16.05000000,7.32000000,117.48600000,1665535493179,True,True
39491532,16.05000000,6.31000000,101.27550000,1665535493184,True,True
39491533,16.05000000,4.47000000,71.74350000,1665535493184,True,True
39491534,16.06000000,3.12000000,50.10720000,1665535508345,False,True
39491535,16.05000000,12.29000000,197.25450000,1665535546077,False,True
39491536,16.05000000,36.01000000,577.96050000,1665535570444,False,True
39491537,16.05000000,7.15000000,114.75750000,1665535576053,True,True
39491538,16.05000000,56.36000000,904.57800000,1665535576061,True,True
39491539,16.05000000,63.66000000,1021.74300000,1665535576061,True,True
39491540,16.05000000,3.51000000,56.33550000,1665535576061,True,True
39491541,16.05000000,4.83000000,77.52150000,1665535576077,False,True
39491542,16.05000000,11.93000000,191.47650000,1665535592249,False,True
39491543,16.05000000,63.65000000,1021.58250000,1665535592249,False,True
39491544,16.05000000,9.51000000,152.63550000,1665535592249,False,True
39491545,16.06000000,3.30000000,52.99800000,1665535597365,False,True
39491546,16.06000000,8.28000000,132.97680000,1665535597365,False,True
39491547,16.06000000,1.46000000,23.44760000,1665535597365,False,True
39491548,16.06000000,75.58000000,1213.81480000,1665535604007,True,True
39491549,16.06000000,19.76000000,317.34560000,1665535604007,True,True
39491550,16.06000000,4.08000000,65.52480000,1665535604007,True,True
39491551,16.06000000,14.22000000,228.37320000,1665535604007,True,True
39491552,16.06000000,75.58000000,1213.81480000,1665535606202,False,True
39491553,16.07000000,0.03000000,0.48210000,1665535616379,False,True
39491554,16.07000000,1.85000000,29.72950000,1665535616379,False,True
39491555,16.07000000,1.21000000,19.44470000,1665535616379,False,True
39491556,16.07000000,3.21000000,51.58470000,1665535616379,False,True
39491557,16.07000000,1.00000000,16.07000000,1665535616379,False,True
39491558,16.07000000,7.78000000,125.02460000,1665535616379,False,True
39491559,16.07000000,0.69000000,11.08830000,1665535616379,False,True
39491560,16.07000000,3.11000000,49.97770000,1665535616379,False,True
39491561,16.07000000,10.30000000,165.52100000,1665535616379,False,True
39491562,16.07000000,3.30000000,53.03100000,1665535616379,False,True
39491563,16.07000000,1.46000000,23.46220000,1665535616379,False,True
39491564,16.07000000,63.47000000,1019.96290000,1665535616379,False,True
39491565,16.07000000,7.11000000,114.25770000,1665535616379,False,True
39491566,16.08000000,3.29000000,52.90320000,1665535616379,False,True
39491567,16.08000000,1.27000000,20.42160000,1665535616379,False,True
39491568,16.08000000,1.10000000,17.68800000,1665535616379,False,True
39491569,16.08000000,4.05000000,65.12400000,1665535616379,False,True
39491570,16.08000000,0.70000000,11.25600000,1665535616379,False,True
39491571,16.08000000,0.95000000,15.27600000,1665535616379,False,True
39491572,16.08000000,1.37000000,22.02960000,1665535616379,False,True
39491573,16.07000000,10.61000000,170.50270000,1665535626077,False,True
39491574,16.07000000,0.65000000,10.44550000,1665535627824,False,True
39491575,16.07000000,3.23000000,51.90610000,1665535629368,True,True
39491576,16.07000000,2.70000000,43.38900000,1665535629368,True,True
39491577,16.08000000,2.13000000,34.25040000,1665535639954,False,True
39491578,16.08000000,0.50000000,8.04000000,1665535639954,False,True
39491579,16.08000000,0.25000000,4.02000000,1665535640089,False,True
39491580,16.08000000,0.41000000,6.59280000,1665535640089,False,True
39491581,16.07000000,1.68000000,26.99760000,1665535644172,True,True
39491582,16.07000000,0.97000000,15.58790000,1665535644173,True,True
39491583,16.07000000,1.77000000,28.44390000,1665535644174,True,True
39491584,16.07000000,1.79000000,28.76530000,1665535644176,True,True
39491585,16.08000000,3.30000000,53.06400000,1665535657446,False,True
39491586,16.08000000,1.46000000,23.47680000,1665535657446,False,True
39491587,16.08000000,5.76000000,92.62080000,1665535657446,False,True
39491588,16.08000000,15.88000000,255.35040000,1665535657455,False,True
39491589,16.08000000,3.30000000,53.06400000,1665535657459,False,True
39491590,16.08000000,3.37000000,54.18960000,1665535657459,False,True
39491591,16.08000000,8.66000000,139.25280000,1665535657461,False,True
39491592,16.08000000,4.25000000,68.34000000,1665535657469,False,True
39491593,16.08000000,8.66000000,139.25280000,1665535657490,False,True
39491594,16.08000000,24.94000000,401.03520000,1665535657500,False,True
39491595,16.08000000,7.15000000,114.97200000,1665535657502,False,True
39491596,16.08000000,3.30000000,53.06400000,1665535657509,False,True
39491597,16.08000000,14.49000000,232.99920000,1665535657510,False,True
39491598,16.08000000,10.45000000,168.03600000,1665535657510,False,True
39491599,16.08000000,14.47000000,232.67760000,1665535657511,False,True
39491600,16.08000000,2.94000000,47.27520000,1665535660415,True,True
39491601,16.09000000,0.67000000,10.78030000,1665535661084,False,True
39491602,16.09000000,0.69000000,11.10210000,1665535661084,False,True
39491603,16.09000000,1.10000000,17.69900000,1665535661084,False,True
39491604,16.09000000,0.69000000,11.10210000,1665535661084,False,True
39491605,16.09000000,0.75000000,12.06750000,1665535661084,False,True
39491606,16.09000000,5.62000000,90.42580000,1665535661084,False,True
39491607,16.09000000,2.91000000,46.82190000,1665535661084,False,True
39491608,16.09000000,1.38000000,22.20420000,1665535661084,False,True
39491609,16.09000000,1.50000000,24.13500000,1665535661084,False,True
39491610,16.09000000,10.14000000,163.15260000,1665535661084,False,True
39491611,16.09000000,3.30000000,53.09700000,1665535661084,False,True
39491612,16.09000000,1.46000000,23.49140000,1665535661084,False,True
39491613,16.10000000,0.66000000,10.62600000,1665535661101,False,True
39491614,16.09000000,3.32000000,53.41880000,1665535661179,True,True
39491615,16.09000000,7.62000000,122.60580000,1665535661254,True,True
39491616,16.09000000,16.33000000,262.74970000,1665535661761,True,True
39491617,16.09000000,4.70000000,75.62300000,1665535661913,True,True
39491618,16.09000000,1.15000000,18.50350000,1665535661982,True,True
39491619,16.09000000,1.15000000,18.50350000,1665535662059,True,True
39491620,16.09000000,1.15000000,18.50350000,1665535662117,True,True
39491621,16.09000000,2.86000000,46.01740000,1665535662148,True,True
39491622,16.09000000,44.36000000,713.75240000,1665535662148,True,True
39491623,16.09000000,41.97000000,675.29730000,1665535662148,True,True
39491624,16.09000000,21.57000000,347.06130000,1665535662148,True,True
39491625,16.09000000,78.75000000,1267.08750000,1665535662148,True,True
39491626,16.09000000,12.30000000,197.90700000,1665535662148,True,True
39491627,16.09000000,12.30000000,197.90700000,1665535662148,True,True
39491628,16.09000000,11.70000000,188.25300000,1665535662148,True,True
39491629,16.09000000,3.38000000,54.38420000,1665535662148,True,True
39491630,16.09000000,15.56000000,250.36040000,1665535676099,False,True
39491631,16.09000000,3.30000000,53.09700000,1665535725149,False,True
39491632,16.09000000,1.46000000,23.49140000,1665535725149,False,True
39491633,16.09000000,8.10000000,130.32900000,1665535728968,True,True
39491634,16.10000000,0.44000000,7.08400000,1665535731076,False,True
39491635,16.10000000,0.67000000,10.78700000,1665535731076,False,True
39491636,16.10000000,1.60000000,25.76000000,1665535731076,False,True
39491637,16.10000000,0.67000000,10.78700000,1665535731076,False,True
39491638,16.10000000,0.96000000,15.45600000,1665535731076,False,True
39491639,16.10000000,10.35000000,166.63500000,1665535731076,False,True
39491640,16.09000000,4.20000000,67.57800000,1665535743887,True,True
39491641,16.09000000,12.30000000,197.90700000,1665535743887,True,True
39491642,16.09000000,11.70000000,188.25300000,1665535743887,True,True
39491643,16.09000000,23.02000000,370.39180000,1665535743887,True,True
39491644,16.09000000,10.84000000,174.41560000,1665535743896,True,True
39491645,16.09000000,41.72000000,671.27480000,1665535743900,True,True
39491646,16.09000000,14.21000000,228.63890000,1665535743900,True,True
39491647,16.09000000,7.49000000,120.51410000,1665535745186,False,True
39491648,16.09000000,7.49000000,120.51410000,1665535745186,False,True
39491649,16.09000000,2.70000000,43.44300000,1665535745186,False,True
39491650,16.09000000,19.23000000,309.41070000,1665535745186,False,True
39491651,16.10000000,7.50000000,120.75000000,1665535771076,False,True
39491652,16.10000000,4.29000000,69.06900000,1665535771076,False,True
39491653,16.09000000,1.06000000,17.05540000,1665535783698,True,True
39491654,16.10000000,1.07000000,17.22700000,1665535784173,False,True
39491655,16.10000000,1.75000000,28.17500000,1665535793595,False,True
39491656,16.10000000,3.10000000,49.91000000,1665535793595,False,True
39491657,16.10000000,3.30000000,53.13000000,1665535793595,False,True
39491658,16.10000000,11.56000000,186.11600000,1665535793595,False,True
39491659,16.10000000,7.09000000,114.14900000,1665535793595,False,True
39491660,16.10000000,56.35000000,907.23500000,1665535793595,False,True
39491661,16.10000000,1.46000000,23.50600000,1665535793595,False,True
39491662,16.10000000,6.93000000,111.57300000,1665535793605,True,True
39491663,16.10000000,7.31000000,117.69100000,1665535793608,True,True
39491664,16.10000000,2.89000000,46.52900000,1665535793626,True,True
39491665,16.10000000,0.38000000,6.11800000,1665535793626,True,True
39491666,16.10000000,2.45000000,39.44500000,1665535793760,True,True
39491667,16.10000000,34.92000000,562.21200000,1665535793806,True,True
39491668,16.09000000,9.49000000,152.69410000,1665535793846,True,True
39491669,16.10000000,11.92000000,191.91200000,1665535821076,False,True
39491670,16.09000000,1.06000000,17.05540000,1665535844663,True,True
39491671,16.10000000,1.07000000,17.22700000,1665535845112,False,True
39491672,16.10000000,17.28000000,278.20800000,1665535861076,False,True
39491673,16.10000000,8.70000000,140.07000000,1665535877695,False,True
39491674,16.10000000,33.48000000,539.02800000,1665535877695,False,True
39491675,16.09000000,2.68000000,43.12120000,1665535888388,True,True
39491676,16.09000000,5.37000000,86.40330000,1665535888388,True,True
39491677,16.09000000,8.83000000,142.07470000,1665535888388,True,True
39491678,16.09000000,18.64000000,299.91760000,1665535888388,True,True
39491679,16.09000000,1.39000000,22.36510000,1665535888388,True,True
39491680,16.09000000,53.01000000,852.93090000,1665535888400,True,True
39491681,16.09000000,1.85000000,29.76650000,1665535888416,True,True
39491682,16.08000000,75.58000000,1215.32640000,1665535902181,True,True
39491683,16.08000000,5.48000000,88.11840000,1665535902181,True,True
39491684,16.08000000,7.11000000,114.32880000,1665535902181,True,True
39491685,16.08000000,3.30000000,53.06400000,1665535902181,True,True
39491686,16.08000000,1.46000000,23.47680000,1665535902181,True,True
39491687,16.08000000,6.85000000,110.14800000,1665535902181,True,True
39491688,16.08000000,7.11000000,114.32880000,1665535917303,False,True
39491689,16.08000000,28.97000000,465.83760000,1665535917303,False,True
39491690,16.08000000,10.08000000,162.08640000,1665535917315,False,True
39491691,16.08000000,23.12000000,371.76960000,1665535917323,False,True
39491692,16.08000000,1.87000000,30.06960000,1665535933450,True,True
39491693,16.09000000,12.27000000,197.42430000,1665535941077,False,True
39491694,16.09000000,2.61000000,41.99490000,1665535954558,False,True
39491695,16.09000000,14.20000000,228.47800000,1665535954558,False,True
39491696,16.09000000,14.48000000,232.98320000,1665535954558,False,True
39491697,16.09000000,63.53000000,1022.19770000,1665535954558,False,True
39491698,16.09000000,14.46000000,232.66140000,1665535954558,False,True
39491699,16.09000000,14.22000000,228.79980000,1665535966076,False,True
39491700,16.09000000,4.64000000,74.65760000,1665536011076,False,True
39491701,16.10000000,2.75000000,44.27500000,1665536011076,False,True
39491702,16.09000000,12.18000000,195.97620000,1665536017649,True,True
39491703,16.09000000,14.20000000,228.47800000,1665536017649,True,True
39491704,16.09000000,11.70000000,188.25300000,1665536017649,True,True
39491705,16.09000000,12.30000000,197.90700000,1665536017649,True,True
39491706,16.09000000,12.30000000,197.90700000,1665536017649,True,True
39491707,16.09000000,21.32000000,343.03880000,1665536017649,True,True
39491708,16.09000000,42.19000000,678.83710000,1665536017654,True,True
39491709,16.09000000,3.97000000,63.87730000,1665536017654,True,True
39491710,16.09000000,70.43000000,1133.21870000,1665536017655,True,True
39491711,16.09000000,14.20000000,228.47800000,1665536031076,False,True
39491712,16.09000000,3.74000000,60.17660000,1665536031076,False,True
39491713,16.09000000,1.42000000,22.84780000,1665536049770,True,True
39491714,16.09000000,1.93000000,31.05370000,1665536051220,True,True
39491715,16.09000000,14.20000000,228.47800000,1665536051220,True,True
39491716,16.09000000,2.70000000,43.44300000,1665536051220,True,True
39491717,16.09000000,2.70000000,43.44300000,1665536096076,False,True
39491718,16.09000000,6.31000000,101.52790000,1665536096076,False,True
39491719,16.08000000,38.36000000,616.82880000,1665536122498,True,True
39491720,16.08000000,14.06000000,226.08480000,1665536122536,True,True
39491721,16.08000000,5.20000000,83.61600000,1665536122575,True,True
39491722,16.08000000,11.17000000,179.61360000,1665536122575,True,True
39491723,16.08000000,6.39000000,102.75120000,1665536141076,False,True
39491724,16.08000000,18.59000000,298.92720000,1665536161076,False,True
39491725,16.07000000,3.79000000,60.90530000,1665536216176,True,True
39491726,16.07000000,5.40000000,86.77800000,1665536216176,True,True
39491727,16.07000000,2.05000000,32.94350000,1665536216176,True,True
39491728,16.07000000,1.25000000,20.08750000,1665536216176,True,True
39491729,16.07000000,1.46000000,23.46220000,1665536216176,True,True
39491730,16.06000000,5.81000000,93.30860000,1665536218262,True,True
39491731,16.06000000,5.15000000,82.70900000,1665536218264,True,True
39491732,16.06000000,0.66000000,10.59960000,1665536218264,True,True
39491733,16.06000000,0.44000000,7.06640000,1665536226107,True,True
39491734,16.06000000,1.05000000,16.86300000,1665536226107,True,True
39491735,16.06000000,1.49000000,23.92940000,1665536226109,True,True
39491736,16.06000000,0.59000000,9.47540000,1665536226109,True,True
39491737,16.06000000,0.90000000,14.45400000,1665536226109,True,True
39491738,16.06000000,1.49000000,23.92940000,1665536226109,True,True
39491739,16.06000000,0.31000000,4.97860000,1665536226110,True,True
39491740,16.06000000,1.18000000,18.95080000,1665536226110,True,True
39491741,16.06000000,1.49000000,23.92940000,1665536226112,True,True
39491742,16.06000000,0.63000000,10.11780000,1665536226116,True,True
39491743,16.06000000,1.46000000,23.44760000,1665536226116,True,True
39491744,16.06000000,13.36000000,214.56160000,1665536231076,False,True
39491745,16.06000000,14.08000000,226.12480000,1665536251127,False,True
39491746,16.06000000,63.28000000,1016.27680000,1665536251127,False,True
39491747,16.06000000,69.81000000,1121.14860000,1665536251127,False,True
39491748,16.06000000,14.20000000,228.05200000,1665536251127,False,True
39491749,16.06000000,7.78000000,124.94680000,1665536251127,False,True
39491750,16.07000000,17.58000000,282.51060000,1665536281076,False,True
39491751,16.07000000,6.73000000,108.15110000,1665536294689,False,True
39491752,16.07000000,10.14000000,162.94980000,1665536294689,False,True
39491753,16.07000000,2.70000000,43.38900000,1665536294689,False,True
39491754,16.07000000,16.78000000,269.65460000,1665536294689,False,True
39491755,16.07000000,39.70000000,637.97900000,1665536294693,False,True
39491756,16.08000000,9.33000000,150.02640000,1665536322915,False,True
39491757,16.08000000,11.70000000,188.13600000,1665536331076,False,True
39491758,16.07000000,42.61000000,684.74270000,1665536332785,True,True
39491759,16.07000000,5.08000000,81.63560000,1665536332785,True,True
39491760,16.07000000,14.95000000,240.24650000,1665536381076,False,True
39491761,16.06000000,2.63000000,42.23780000,1665536383057,True,True
39491762,16.07000000,1.38000000,22.17660000,1665536405679,False,True
39491763,16.07000000,37.07000000,595.71490000,1665536405679,False,True
39491764,16.07000000,8.45000000,135.79150000,1665536405687,False,True
39491765,16.07000000,17.75000000,285.24250000,1665536405796,False,True
39491766,16.07000000,7.90000000,126.95300000,1665536405796,False,True
39491767,16.07000000,6.42000000,103.16940000,1665536405837,False,True
39491768,16.07000000,8.56000000,137.55920000,1665536418789,True,True
39491769,16.07000000,4.80000000,77.13600000,1665536418992,True,True
39491770,16.07000000,2.69000000,43.22830000,1665536419089,True,True
39491771,16.07000000,25.51000000,409.94570000,1665536426565,True,True
39491772,16.07000000,35.11000000,564.21770000,1665536426565,True,True
39491773,16.07000000,14.20000000,228.19400000,1665536426565,True,True
39491774,16.07000000,45.29000000,727.81030000,1665536436001,True,True
39491775,16.07000000,6.42000000,103.16940000,1665536436076,False,True
39491776,16.07000000,0.07000000,1.12490000,1665536436076,False,True
39491777,16.07000000,34.68000000,557.30760000,1665536438696,False,True
39491778,16.08000000,1.00000000,16.08000000,1665536438731,False,True
39491779,16.07000000,13.91000000,223.53370000,1665536438959,True,True
39491780,16.07000000,38.86000000,624.48020000,1665536445157,True,True
39491781,16.07000000,11.85000000,190.42950000,1665536451076,False,True
39491782,16.06000000,55.56000000,892.29360000,1665536466446,True,True
39491783,16.06000000,61.51000000,987.85060000,1665536466446,True,True
39491784,16.06000000,14.20000000,228.05200000,1665536466446,True,True
39491785,16.06000000,2.23000000,35.81380000,1665536466446,True,True
39491786,16.06000000,17.81000000,286.02860000,1665536466446,True,True
39491787,16.06000000,12.30000000,197.53800000,1665536466446,True,True
39491788,16.06000000,11.70000000,187.90200000,1665536466446,True,True
39491789,16.06000000,12.30000000,197.53800000,1665536466446,True,True
39491790,16.05000000,2.59000000,41.56950000,1665536466446,True,True
39491791,16.05000000,1.10000000,17.65500000,1665536466446,True,True
39491792,16.05000000,14.98000000,240.42900000,1665536466446,True,True
39491793,16.06000000,6.42000000,103.10520000,1665536467316,False,True
39491794,16.06000000,1.69000000,27.14140000,1665536467316,False,True
39491795,16.06000000,7.57000000,121.57420000,1665536506076,False,True
39491796,16.05000000,0.66000000,10.59300000,1665536510679,True,True
39491797,16.05000000,8.49000000,136.26450000,1665536510817,True,True
39491798,16.06000000,11.94000000,191.75640000,1665536526076,False,True
39491799,16.05000000,39.70000000,637.18500000,1665536531408,True,True
39491800,16.05000000,240.00000000,3852.00000000,1665536538704,True,True
39491801,16.05000000,97.65000000,1567.28250000,1665536538711,True,True
39491802,16.05000000,2.83000000,45.42150000,1665536538730,True,True
39491803,16.05000000,29.79000000,478.12950000,1665536538731,True,True
39491804,16.05000000,2.21000000,35.47050000,1665536538731,True,True
39491805,16.05000000,0.11000000,1.76550000,1665536538770,True,True
39491806,16.05000000,3.30000000,52.96500000,1665536538770,True,True
39491807,16.05000000,1.46000000,23.43300000,1665536538770,True,True
39491808,16.05000000,7.51000000,120.53550000,1665536571076,False,True
39491809,16.05000000,0.89000000,14.28450000,1665536571185,False,True
39491810,16.06000000,9.34000000,150.00040000,1665536596076,False,True
39491811,16.05000000,7.14000000,114.59700000,1665536621076,False,True
39491812,16.04000000,0.70000000,11.22800000,1665536648387,True,True
39491813,16.04000000,2.99000000,47.95960000,1665536648387,True,True
39491814,16.04000000,1.27000000,20.37080000,1665536648387,True,True
39491815,16.04000000,1.10000000,17.64400000,1665536648387,True,True
39491816,16.04000000,0.67000000,10.74680000,1665536648387,True,True
39491817,16.04000000,0.69000000,11.06760000,1665536648387,True,True
39491818,16.04000000,5.40000000,86.61600000,1665536648387,True,True
39491819,16.04000000,2.76000000,44.27040000,1665536648387,True,True
39491820,16.04000000,18.70000000,299.94800000,1665536648387,True,True
39491821,16.04000000,14.44000000,231.61760000,1665536648387,True,True
39491822,16.04000000,3.30000000,52.93200000,1665536648387,True,True
39491823,16.04000000,1.46000000,23.41840000,1665536648387,True,True
39491824,16.04000000,51.04000000,818.68160000,1665536648387,True,True
39491825,16.04000000,31.55000000,506.06200000,1665536648387,True,True
39491826,16.04000000,131.77000000,2113.59080000,1665536648387,True,True
39491827,16.05000000,5.94000000,95.33700000,1665536666076,False,True
39491828,16.05000000,7.14000000,114.59700000,1665536666076,False,True
39491829,16.05000000,2.47000000,39.64350000,1665536666076,False,True
39491830,16.04000000,2.63000000,42.18520000,1665536682357,True,True
39491831,16.04000000,26.30000000,421.85200000,1665536682357,True,True
39491832,16.04000000,1.10000000,17.64400000,1665536682374,True,True
39491833,16.04000000,2.70000000,43.30800000,1665536682378,True,True
39491834,16.03000000,0.66000000,10.57980000,1665536696438,True,True
39491835,16.03000000,4.13000000,66.20390000,1665536708998,True,True
39491836,16.03000000,2.46000000,39.43380000,1665536708998,True,True
39491837,16.03000000,1.10000000,17.63300000,1665536708998,True,True
39491838,16.03000000,0.69000000,11.06070000,1665536708998,True,True
39491839,16.03000000,3.30000000,52.89900000,1665536708998,True,True
39491840,16.03000000,38.39000000,615.39170000,1665536708998,True,True
39491841,16.04000000,15.98000000,256.31920000,1665536726076,False,True
39491842,16.03000000,2.31000000,37.02930000,1665536752042,True,True
39491843,16.03000000,3.30000000,52.89900000,1665536752042,True,True
39491844,16.03000000,1.46000000,23.40380000,1665536752042,True,True
39491845,16.03000000,3.37000000,54.02110000,1665536752076,False,True
39491846,16.02000000,3.76000000,60.23520000,1665536756940,True,True
39491847,16.02000000,1.10000000,17.62200000,1665536756940,True,True
39491848,16.02000000,3.24000000,51.90480000,1665536756940,True,True
39491849,16.02000000,4.22000000,67.60440000,1665536756940,True,True
39491850,16.03000000,35.63000000,571.14890000,1665536802815,False,True
39491851,16.03000000,14.79000000,237.08370000,1665536802835,False,True
39491852,16.03000000,10.71000000,171.68130000,1665536802835,False,True
39491853,16.03000000,67.33000000,1079.29990000,1665536802835,False,True
39491854,16.03000000,2.53000000,40.55590000,1665536823694,True,True
39491855,16.04000000,1.14000000,18.28560000,1665536836076,False,True
39491856,16.04000000,11.33000000,181.73320000,1665536836076,False,True
39491857,16.04000000,27.40000000,439.49600000,1665536840630,False,True
39491858,16.04000000,8.70000000,139.54800000,1665536842564,True,True
39491859,16.04000000,19.08000000,306.04320000,1665536851021,True,True
39491860,16.04000000,7.77000000,124.63080000,1665536851021,True,True
39491861,16.04000000,18.70000000,299.94800000,1665536851021,True,True
39491862,16.04000000,1.35000000,21.65400000,1665536851021,True,True
39491863,16.04000000,9.39000000,150.61560000,1665536851026,True,True
39491864,16.04000000,13.94000000,223.59760000,1665536866076,False,True
39491865,16.03000000,0.75000000,12.02250000,1665536898595,True,True
39491866,16.04000000,16.10000000,258.24400000,1665536901076,False,True
39491867,16.04000000,4.03000000,64.64120000,1665536911411,False,True
39491868,16.04000000,50.04000000,802.64160000,1665536911411,False,True
39491869,16.04000000,4.53000000,72.66120000,1665536911411,False,True
39491870,16.04000000,7.95000000,127.51800000,1665536941076,False,True
39491871,16.04000000,6.15000000,98.64600000,1665536941076,False,True
39491872,16.04000000,0.91000000,14.59640000,1665536986076,False,True
39491873,16.04000000,7.14000000,114.52560000,1665536986076,False,True
39491874,16.04000000,1.07000000,17.16280000,1665536986076,False,True
39491875,16.03000000,7.14000000,114.45420000,1665537009071,True,True
39491876,16.03000000,7.29000000,116.85870000,1665537009081,True,True
39491877,16.03000000,31.76000000,509.11280000,1665537009082,True,True
39491878,16.03000000,5.25000000,84.15750000,1665537009113,True,True
39491879,16.03000000,8.68000000,139.14040000,1665537031076,False,True
39491880,16.03000000,6.80000000,109.00400000,1665537071076,False,True
39491881,16.03000000,6.28000000,100.66840000,1665537091076,False,True
39491882,16.03000000,6.99000000,112.04970000,1665537091076,False,True
39491883,16.03000000,12.30000000,197.16900000,1665537131076,False,True
39491884,16.03000000,0.78000000,12.50340000,1665537131076,False,True
39491885,16.03000000,0.99000000,15.86970000,1665537131076,False,True
39491886,16.03000000,1.02000000,16.35060000,1665537131076,False,True
39491887,16.03000000,12.47000000,199.89410000,1665537131270,True,True
39491888,16.03000000,2.50000000,40.07500000,1665537166076,False,True
39491889,16.03000000,9.76000000,156.45280000,1665537166076,False,True
39491890,16.03000000,84.00000000,1346.52000000,1665537172951,False,True
39491891,16.03000000,36.92000000,591.82760000,1665537172995,False,True
39491892,16.03000000,39.89000000,639.43670000,1665537174544,False,True
39491893,16.03000000,15.19000000,243.49570000,1665537185607,False,True
39491894,16.03000000,9.77000000,156.61310000,1665537185607,False,True
39491895,16.03000000,5.47000000,87.68410000,1665537185612,False,True
39491896,16.03000000,63.39000000,1016.14170000,1665537185619,False,True
39491897,16.03000000,3.83000000,61.39490000,1665537185619,False,True
39491898,16.03000000,1.54000000,24.68620000,1665537185619,False,True
39491899,16.04000000,1.63000000,26.14520000,1665537206076,False,True
39491900,16.04000000,13.71000000,219.90840000,1665537206076,False,True
39491901,16.03000000,1.25000000,20.03750000,1665537212565,True,True
39491902,16.03000000,3.13000000,50.17390000,1665537251018,True,True
39491903,16.04000000,5.16000000,82.76640000,1665537256076,False,True
39491904,16.04000000,6.95000000,111.47800000,1665537256076,False,True
39491905,16.04000000,1.96000000,31.43840000,1665537273075,False,True
39491906,16.04000000,1.15000000,18.44600000,1665537273075,False,True
39491907,16.03000000,41.03000000,657.71090000,1665537283638,True,True
39491908,16.03000000,26.28000000,421.26840000,1665537283645,True,True
39491909,16.03000000,12.30000000,197.16900000,1665537283645,True,True
39491910,16.03000000,12.30000000,197.16900000,1665537283645,True,True
39491911,16.03000000,11.70000000,187.55100000,1665537283645,True,True
39491912,16.03000000,3.88000000,62.19640000,1665537283645,True,True
39491913,16.03000000,16.58000000,265.77740000,1665537283645,True,True
39491914,16.03000000,4.60000000,73.73800000,1665537300874,False,True
39491915,16.04000000,18.55000000,297.54200000,1665537306076,False,True
39491916,16.03000000,12.30000000,197.16900000,1665537310664,True,True
39491917,16.03000000,12.30000000,197.16900000,1665537310664,True,True
39491918,16.03000000,4.62000000,74.05860000,1665537344643,True,True
39491919,16.03000000,12.41000000,198.93230000,1665537344648,True,True
39491920,16.03000000,2.70000000,43.28100000,1665537344648,True,True
39491921,16.03000000,19.71000000,315.95130000,1665537344648,True,True
39491922,16.03000000,51.93000000,832.43790000,1665537344648,True,True
39491923,16.03000000,18.71000000,299.92130000,1665537344655,True,True
39491924,16.03000000,12.30000000,197.16900000,1665537344655,True,True
39491925,16.03000000,3.02000000,48.41060000,1665537344655,True,True
39491926,16.03000000,50.35000000,807.11050000,1665537344655,True,True
39491927,16.03000000,18.08000000,289.82240000,1665537371076,False,True
39491928,16.03000000,41.98000000,672.93940000,1665537410724,False,True
39491929,16.03000000,13.07000000,209.51210000,1665537410724,False,True
39491930,16.04000000,0.62000000,9.94480000,1665537411840,False,True
39491931,16.04000000,7.76000000,124.47040000,1665537461076,False,True
39491932,16.04000000,9.90000000,158.79600000,1665537461076,False,True
39491933,16.03000000,8.51000000,136.41530000,1665537504343,True,True
39491934,16.03000000,3.15000000,50.49450000,1665537504343,True,True
39491935,16.03000000,12.24000000,196.20720000,1665537516076,False,True
39491936,16.03000000,16.96000000,271.86880000,1665537556076,False,True
39491937,16.02000000,0.66000000,10.57320000,1665537564440,True,True
39491938,16.02000000,2.64000000,42.29280000,1665537564611,True,True
39491939,16.02000000,4.77000000,76.41540000,1665537564611,True,True
39491940,16.02000000,1.46000000,23.38920000,1665537564611,True,True
39491941,16.02000000,4.18000000,66.96360000,1665537564653,False,True
39491942,16.02000000,12.41000000,198.80820000,1665537616729,False,True
39491943,16.02000000,11.83000000,189.51660000,1665537621077,False,True
39491944,16.02000000,0.75000000,12.01500000,1665537654818,False,True
39491945,16.02000000,35.57000000,569.83140000,1665537657389,False,True
39491946,16.02000000,10.36000000,165.96720000,1665537657398,False,True
39491947,16.02000000,3.83000000,61.35660000,1665537657400,False,True
39491948,16.02000000,31.32000000,501.74640000,1665537657400,False,True
39491949,16.02000000,52.66000000,843.61320000,1665537657405,False,True
39491950,16.02000000,1.92000000,30.75840000,1665537657405,False,True
39491951,16.02000000,7.91000000,126.71820000,1665537657405,False,True
39491952,16.02000000,1.35000000,21.62700000,1665537657405,False,True
39491953,16.02000000,20.32000000,325.52640000,1665537657405,False,True
39491954,16.03000000,92.79000000,1487.42370000,1665537658459,False,True
39491955,16.03000000,7.38000000,118.30140000,1665537666076,False,True
39491956,16.03000000,14.34000000,229.87020000,1665537696076,False,True
39491957,16.02000000,1.16000000,18.58320000,1665537697126,True,True
39491958,16.03000000,15.59000000,249.90770000,1665537718606,False,True
39491959,16.03000000,3.61000000,57.86830000,1665537731076,False,True
39491960,16.03000000,11.25000000,180.33750000,1665537731076,False,True
39491961,16.03000000,1.88000000,30.13640000,1665537771076,False,True
39491962,16.03000000,1.84000000,29.49520000,1665537771076,False,True
39491963,16.03000000,2.70000000,43.28100000,1665537771076,False,True
39491964,16.03000000,0.44000000,7.05320000,1665537771076,False,True
39491965,16.02000000,44.00000000,704.88000000,1665537796586,True,True
39491966,16.02000000,3.38000000,54.14760000,1665537796594,True,True
39491967,16.02000000,53.28000000,853.54560000,1665537796594,True,True
39491968,16.02000000,44.84000000,718.33680000,1665537796594,True,True
39491969,16.02000000,2.43000000,38.92860000,1665537796600,True,True
39491970,16.02000000,12.30000000,197.04600000,1665537796600,True,True
39491971,16.02000000,12.30000000,197.04600000,1665537796600,True,True
39491972,16.02000000,5.26000000,84.26520000,1665537796600,True,True
39491973,16.02000000,1.90000000,30.43800000,1665537796600,True,True
39491974,16.02000000,83.08000000,1330.94160000,1665537796600,True,True
39491975,16.02000000,12.48000000,199.92960000,1665537811076,False,True
39491976,16.02000000,1.05000000,16.82100000,1665537811076,False,True
39491977,16.01000000,5.00000000,80.05000000,1665537812341,True,True
39491978,16.01000000,0.04000000,0.64040000,1665537813448,True,True
39491979,16.01000000,1.10000000,17.61100000,1665537813448,True,True
39491980,16.01000000,4.05000000,64.84050000,1665537813448,True,True
39491981,16.01000000,5.40000000,86.45400000,1665537813448,True,True
39491982,16.01000000,71.94000000,1151.75940000,1665537813448,True,True
39491983,16.01000000,1.27000000,20.33270000,1665537813462,True,True
39491984,16.01000000,51.62000000,826.43620000,1665537813473,True,True
39491985,16.01000000,4.20000000,67.24200000,1665537813631,True,True
39491986,16.01000000,0.75000000,12.00750000,1665537813631,True,True
39491987,16.01000000,3.30000000,52.83300000,1665537813631,True,True
39491988,16.01000000,1.46000000,23.37460000,1665537813631,True,True
39491989,16.01000000,2.70000000,43.22700000,1665537813817,True,True
39491990,16.01000000,7.19000000,115.11190000,1665537821271,False,True
39491991,16.01000000,7.08000000,113.35080000,1665537821276,False,True
39491992,16.01000000,8.97000000,143.60970000,1665537821281,False,True
39491993,16.01000000,5.31000000,85.01310000,1665537821281,False,True
39491994,16.02000000,0.93000000,14.89860000,1665537854043,False,True
39491995,16.01000000,1.81000000,28.97810000,1665537865253,True,True
39491996,16.02000000,7.27000000,116.46540000,1665537871076,False,True
39491997,16.02000000,3.57000000,57.19140000,1665537871076,False,True
39491998,16.01000000,55.13000000,882.63130000,1665537892312,True,True
39491999,16.01000000,20.45000000,327.40450000,1665537892314,True,True
39492000,16.01000000,14.21000000,227.50210000,1665537892314,True,True
39492001,16.01000000,11.27000000,180.43270000,1665537892314,True,True
39492002,16.01000000,12.30000000,196.92300000,1665537892317,True,True
39492003,16.01000000,24.62000000,394.16620000,1665537892317,True,True
39492004,16.01000000,7.18000000,114.95180000,1665537892323,True,True
39492005,16.01000000,7.03000000,112.55030000,1665537892326,True,True
39492006,16.01000000,84.00000000,1344.84000000,1665537892327,True,True
39492007,16.01000000,59.46000000,951.95460000,1665537892331,True,True
39492008,16.01000000,7.09000000,113.51090000,1665537901076,False,True
39492009,16.01000000,2.96000000,47.38960000,1665537901076,False,True
39492010,16.01000000,34.72000000,555.86720000,1665537926494,False,True
39492011,16.01000000,9.51000000,152.25510000,1665537926691,False,True
39492012,16.01000000,28.39000000,454.52390000,1665537926701,False,True
39492013,16.01000000,6.58000000,105.34580000,1665537926701,False,True
39492014,16.01000000,7.07000000,113.19070000,1665537926702,False,True
39492015,16.01000000,14.75000000,236.14750000,1665537926702,False,True
39492016,16.01000000,197.61000000,3163.73610000,1665537926702,False,True
39492017,16.02000000,10.36000000,165.96720000,1665537926704,False,True
39492018,16.02000000,8.50000000,136.17000000,1665537926707,False,True
39492019,16.02000000,15.60000000,249.91200000,1665537926714,False,True
39492020,16.02000000,6.19000000,99.16380000,1665537926714,False,True
39492021,16.02000000,2.52000000,40.37040000,1665537926714,False,True
39492022,16.02000000,5.95000000,95.31900000,1665537926714,False,True
39492023,16.02000000,2.81000000,45.01620000,1665537926714,False,True
39492024,16.02000000,0.46000000,7.36920000,1665537935207,False,True
39492025,16.02000000,9.54000000,152.83080000,1665537935207,False,True
39492026,16.02000000,6.47000000,103.64940000,1665537936076,False,True
39492027,16.02000000,11.76000000,188.39520000,1665537946191,False,True
39492028,16.01000000,46.63000000,746.54630000,1665537951300,True,True
39492029,16.01000000,12.49000000,199.96490000,1665537951300,True,True
39492030,16.01000000,50.05000000,801.30050000,1665537951300,True,True
39492031,16.02000000,0.68000000,10.89360000,1665537980716,False,True
39492032,16.02000000,14.31000000,229.24620000,1665537981076,False,True
39492033,16.02000000,8.09000000,129.60180000,1665538006076,False,True
39492034,16.02000000,1.83000000,29.31660000,1665538036076,False,True
39492035,16.02000000,10.87000000,174.13740000,1665538036076,False,True
39492036,16.02000000,15.25000000,244.30500000,1665538071076,False,True
39492037,16.01000000,25.53000000,408.73530000,1665538075730,True,True
39492038,16.01000000,9.61000000,153.85610000,1665538075730,True,True
39492039,16.01000000,12.30000000,196.92300000,1665538075730,True,True
39492040,16.01000000,12.30000000,196.92300000,1665538075730,True,True
39492041,16.01000000,18.73000000,299.86730000,1665538075730,True,True
39492042,16.01000000,26.12000000,418.18120000,1665538075730,True,True
39492043,16.01000000,2.70000000,43.22700000,1665538082919,False,True
39492044,16.01000000,15.98000000,255.83980000,1665538082919,False,True
39492045,16.00000000,3.11000000,49.76000000,1665538119880,True,True
39492046,16.00000000,1.27000000,20.32000000,1665538119880,True,True
39492047,16.00000000,1.10000000,17.60000000,1665538119880,True,True
39492048,16.00000000,1.85000000,29.60000000,1665538119880,True,True
39492049,16.00000000,0.66000000,10.56000000,1665538119880,True,True
39492050,16.00000000,0.55000000,8.80000000,1665538119988,True,True
39492051,16.00000000,3.21000000,51.36000000,1665538119988,True,True
39492052,16.00000000,1.63000000,26.08000000,1665538119988,True,True
39492053,16.00000000,3.99000000,63.84000000,1665538122194,True,True
39492054,16.00000000,0.67000000,10.72000000,1665538122194,True,True
39492055,16.00000000,1.60000000,25.60000000,1665538122194,True,True
39492056,16.00000000,3.30000000,52.80000000,1665538122194,True,True
39492057,16.00000000,26.65000000,426.40000000,1665538122194,True,True
39492058,16.00000000,31.26000000,500.16000000,1665538122205,True,True
39492059,16.00000000,16.90000000,270.40000000,1665538122208,True,True
39492060,16.00000000,561.54000000,8984.64000000,1665538122214,True,True
39492061,16.00000000,3.62000000,57.92000000,1665538122218,True,True
39492062,16.00000000,9.72000000,155.52000000,1665538122219,True,True
39492063,16.00000000,9.44000000,151.04000000,1665538122221,True,True
39492064,16.00000000,120.00000000,1920.00000000,1665538122227,True,True
39492065,16.00000000,7.29000000,116.64000000,1665538122232,True,True
39492066,16.00000000,1.69000000,27.04000000,1665538122234,True,True
39492067,16.00000000,142.62000000,2281.92000000,1665538122273,True,True
39492068,16.00000000,19.76000000,316.16000000,1665538122274,True,True
39492069,16.00000000,46.02000000,736.32000000,1665538122317,True,True
39492070,16.00000000,13.57000000,217.12000000,1665538122518,True,True
39492071,16.00000000,105.63000000,1690.08000000,1665538122522,True,True
39492072,16.00000000,7.82000000,125.12000000,1665538122533,True,True
39492073,16.00000000,76.17000000,1218.72000000,1665538122550,True,True
39492074,16.00000000,33.60000000,537.60000000,1665538122590,True,True
39492075,16.00000000,11.63000000,186.08000000,1665538122808,True,True
39492076,16.00000000,4.52000000,72.32000000,1665538122819,True,True
39492077,16.00000000,0.97000000,15.52000000,1665538122825,True,True
39492078,16.00000000,11.11000000,177.76000000,1665538122833,True,True
39492079,16.00000000,0.11000000,1.76000000,1665538122833,True,True
39492080,16.00000000,1.35000000,21.60000000,1665538122842,True,True
39492081,16.00000000,3.17000000,50.72000000,1665538122842,True,True
39492082,16.00000000,0.74000000,11.84000000,1665538122842,True,True
39492083,15.99000000,1.11000000,17.74890000,1665538122949,True,True
39492084,15.99000000,0.67000000,10.71330000,1665538122949,True,True
39492085,15.99000000,2.54000000,40.61460000,1665538122949,True,True
39492086,15.99000000,0.23000000,3.67770000,1665538122949,True,True
39492087,16.00000000,8.17000000,130.72000000,1665538151076,False,True
39492088,16.00000000,2.89000000,46.24000000,1665538193332,False,True
39492089,16.00000000,12.09000000,193.44000000,1665538196076,False,True
39492090,16.00000000,44.36000000,709.76000000,1665538204791,False,True
39492091,16.00000000,6.26000000,100.16000000,1665538204791,False,True
39492092,15.99000000,2.70000000,43.17300000,1665538210797,True,True
39492093,15.99000000,3.30000000,52.76700000,1665538210797,True,True
39492094,15.99000000,1.46000000,23.34540000,1665538210797,True,True
39492095,15.98000000,0.84000000,13.42320000,1665538213354,True,True
39492096,15.98000000,0.27000000,4.31460000,1665538213355,True,True
39492097,15.98000000,0.57000000,9.10860000,1665538213355,True,True
39492098,15.98000000,0.12000000,1.91760000,1665538213358,True,True
39492099,15.98000000,0.69000000,11.02620000,1665538213358,True,True
39492100,15.98000000,0.03000000,0.47940000,1665538213358,True,True
39492101,15.98000000,0.84000000,13.42320000,1665538213358,True,True
39492102,15.98000000,0.31000000,4.95380000,1665538213361,True,True
39492103,15.98000000,0.53000000,8.46940000,1665538213361,True,True
39492104,15.98000000,0.17000000,2.71660000,1665538213366,True,True
39492105,15.98000000,0.67000000,10.70660000,1665538213366,True,True
39492106,15.98000000,5.24000000,83.73520000,1665538213423,True,True
39492107,15.98000000,41.32000000,660.29360000,1665538213563,True,True
39492108,15.98000000,7.23000000,115.53540000,1665538213602,True,True
39492109,15.98000000,21.20000000,338.77600000,1665538213602,True,True
39492110,15.98000000,0.66000000,10.54680000,1665538213711,True,True
39492111,15.98000000,8.84000000,141.26320000,1665538213859,True,True
39492112,15.98000000,10.00000000,159.80000000,1665538214581,True,True
39492113,15.98000000,10.00000000,159.80000000,1665538215197,True,True
39492114,15.98000000,10.00000000,159.80000000,1665538215332,True,True
39492115,15.98000000,83.47000000,1333.85060000,1665538215755,True,True
39492116,15.98000000,8.52000000,136.14960000,1665538215821,True,True
39492117,15.98000000,3.11000000,49.69780000,1665538215885,True,True
39492118,15.99000000,1.25000000,19.98750000,1665538216322,False,True
39492119,15.98000000,92.79000000,1482.78420000,1665538216339,True,True
39492120,15.99000000,3.12000000,49.88880000,1665538230995,False,True
39492121,15.99000000,17.79000000,284.46210000,1665538231076,False,True
39492122,15.98000000,74.52000000,1190.82960000,1665538233331,True,True
39492123,15.98000000,72.78000000,1163.02440000,1665538233347,True,True
39492124,15.98000000,167.52000000,2676.96960000,1665538233349,True,True
39492125,15.98000000,5.98000000,95.56040000,1665538233868,True,True
39492126,15.98000000,3.35000000,53.53300000,1665538233885,True,True
39492127,15.99000000,3.12000000,49.88880000,1665538233907,False,True
39492128,15.98000000,47.62000000,760.96760000,1665538235479,True,True
39492129,15.98000000,3.10000000,49.53800000,1665538236573,True,True
