39785548,15.69000000,3.30000000,51.77700000,1666483213454,False,True
39785549,15.69000000,2.86000000,44.87340000,1666483213454,False,True
39785550,15.69000000,3.45000000,54.13050000,1666483213454,False,True
39785551,15.69000000,0.90000000,14.12100000,1666483213454,False,True
39785552,15.69000000,0.90000000,14.12100000,1666483213454,False,True
39785553,15.69000000,15.12000000,237.23280000,1666483213454,False,True
39785554,15.69000000,3.00000000,47.07000000,1666483213490,False,True
39785555,15.69000000,7.01000000,109.98690000,1666483213493,False,True
39785556,15.69000000,5.71000000,89.58990000,1666483213495,False,True
39785557,15.69000000,13.50000000,211.81500000,1666483213496,False,True
39785558,15.70000000,2.04000000,32.02800000,1666483214385,False,True
39785559,15.70000000,2.84000000,44.58800000,1666483229303,False,True
39785560,15.70000000,3.76000000,59.03200000,1666483229303,False,True
39785561,15.70000000,0.25000000,3.92500000,1666483229303,False,True
39785562,15.70000000,3.31000000,51.96700000,1666483233449,False,True
39785563,15.71000000,0.90000000,14.13900000,1666483233449,False,True
39785564,15.71000000,17.87000000,280.73770000,1666483233449,False,True
39785565,15.70000000,2.85000000,44.74500000,1666483233479,False,True
39785566,15.71000000,2.23000000,35.03330000,1666483270465,False,True
39785567,15.71000000,3.30000000,51.84300000,1666483270465,False,True
39785568,15.71000000,3.76000000,59.06960000,1666483270465,False,True
39785569,15.71000000,2.76000000,43.35960000,1666483270465,False,True
39785570,15.71000000,10.17000000,159.77070000,1666483270541,True,True
39785571,15.71000000,1.47000000,23.09370000,1666483270636,True,True
39785572,15.71000000,1.11000000,17.43810000,1666483270750,True,True
39785573,15.71000000,1.47000000,23.09370000,1666483273427,True,True
39785574,15.71000000,6.94000000,109.02740000,1666483273986,True,True
39785575,15.71000000,38.93000000,611.59030000,1666483273986,True,True
39785576,15.71000000,4.46000000,70.06660000,1666483274251,True,True
39785577,15.71000000,111.72000000,1755.12120000,1666483303831,False,True
39785578,15.72000000,0.70000000,11.00400000,1666483330949,False,True
39785579,15.72000000,0.70000000,11.00400000,1666483330949,False,True
39785580,15.72000000,2.27000000,35.68440000,1666483330949,False,True
39785581,15.72000000,1.84000000,28.92480000,1666483330949,False,True
39785582,15.72000000,0.90000000,14.14800000,1666483330949,False,True
39785583,15.72000000,3.18000000,49.98960000,1666483330949,False,True
39785584,15.72000000,3.30000000,51.87600000,1666483330949,False,True
39785585,15.72000000,3.76000000,59.10720000,1666483330949,False,True
39785586,15.72000000,2.85000000,44.80200000,1666483330997,True,True
39785587,15.72000000,10.17000000,159.87240000,1666483331185,True,True
39785588,15.72000000,1.47000000,23.10840000,1666483331268,True,True
39785589,15.71000000,2.39000000,37.54690000,1666483331343,True,True
39785590,15.73000000,20.05000000,315.38650000,1666483339513,False,True
39785591,15.72000000,1.47000000,23.10840000,1666483379030,True,True
39785592,15.73000000,17.74000000,279.05020000,1666483382810,False,True
39785593,15.73000000,7.44000000,117.03120000,1666483382819,False,True
39785594,15.73000000,6.35000000,99.88550000,1666483382829,False,True
39785595,15.73000000,5.16000000,81.16680000,1666483382834,False,True
39785596,15.73000000,3.30000000,51.90900000,1666483382834,False,True
39785597,15.73000000,3.76000000,59.14480000,1666483382834,False,True
39785598,15.73000000,2.88000000,45.30240000,1666483382834,False,True
39785599,15.74000000,0.71000000,11.17540000,1666483464155,False,True
39785600,15.74000000,3.30000000,51.94200000,1666483464155,False,True
39785601,15.74000000,3.22000000,50.68280000,1666483464155,False,True
39785602,15.74000000,1.62000000,25.49880000,1666483464206,True,True
39785603,15.75000000,0.69000000,10.86750000,1666483475816,False,True
39785604,15.75000000,1.99000000,31.34250000,1666483475816,False,True
39785605,15.75000000,11.64000000,183.33000000,1666483475816,False,True
39785606,15.75000000,3.30000000,51.97500000,1666483475816,False,True
39785607,15.75000000,1.11000000,17.48250000,1666483475816,False,True
39785608,15.75000000,1.11000000,17.48250000,1666483475816,False,True
39785609,15.75000000,2.86000000,45.04500000,1666483475857,True,True
39785610,15.75000000,13.11000000,206.48250000,1666483475923,True,True
39785611,15.75000000,42.07000000,662.60250000,1666483475923,True,True
39785612,15.75000000,71.52000000,1126.44000000,1666483475923,True,True
39785613,15.75000000,12.97000000,204.27750000,1666483475923,True,True
39785614,15.75000000,13.46000000,211.99500000,1666483475955,True,True
39785615,15.75000000,1.75000000,27.56250000,1666483489198,True,True
39785616,15.75000000,2.39000000,37.64250000,1666483493542,True,True
39785617,15.75000000,12.72000000,200.34000000,1666483500840,True,True
39785618,15.76000000,2.26000000,35.61760000,1666483514964,False,True
39785619,15.76000000,1.94000000,30.57440000,1666483514964,False,True
39785620,15.76000000,4.21000000,66.34960000,1666483514964,False,True
39785621,15.76000000,3.30000000,52.00800000,1666483560239,False,True
39785622,15.76000000,3.76000000,59.25760000,1666483560239,False,True
39785623,15.76000000,2.39000000,37.66640000,1666483560268,True,True
39785624,15.76000000,3.04000000,47.91040000,1666483560360,True,True
39785625,15.76000000,43.18000000,680.51680000,1666483561256,True,True
39785626,15.76000000,1.87000000,29.47120000,1666483561865,True,True
39785627,15.76000000,2.43000000,38.29680000,1666483562919,True,True
39785628,15.76000000,1.43000000,22.53680000,1666483569093,True,True
39785629,15.76000000,1.06000000,16.70560000,1666483582189,True,True
39785630,15.76000000,9.97000000,157.12720000,1666483584588,True,True
39785631,15.76000000,110.54000000,1742.11040000,1666483600819,True,True
39785632,15.76000000,280.00000000,4412.80000000,1666483600820,True,True
39785633,15.76000000,43.49000000,685.40240000,1666483600823,True,True
39785634,15.76000000,40.00000000,630.40000000,1666483600824,True,True
39785635,15.76000000,80.00000000,1260.80000000,1666483600824,True,True
39785636,15.76000000,13.13000000,206.92880000,1666483600826,True,True
39785637,15.76000000,15.44000000,243.33440000,1666483600826,True,True
39785638,15.76000000,35.78000000,563.89280000,1666483600830,True,True
39785639,15.76000000,27.05000000,426.30800000,1666483600830,True,True
39785640,15.76000000,211.55000000,3334.02800000,1666483600830,True,True
39785641,15.75000000,16.60000000,261.45000000,1666483600898,True,True
39785642,15.75000000,6.20000000,97.65000000,1666483600898,True,True
39785643,15.75000000,3.17000000,49.92750000,1666483601081,True,True
39785644,15.75000000,2.62000000,41.26500000,1666483601081,True,True
39785645,15.75000000,8.54000000,134.50500000,1666483601083,True,True
39785646,15.75000000,26.00000000,409.50000000,1666483601083,True,True
39785647,15.75000000,1.11000000,17.48250000,1666483601083,True,True
39785648,15.75000000,5.00000000,78.75000000,1666483601318,False,True
39785649,15.74000000,11.16000000,175.65840000,1666483602756,True,True
39785650,15.74000000,12.76000000,200.84240000,1666483602756,True,True
39785651,15.74000000,3.76000000,59.18240000,1666483602756,True,True
39785652,15.74000000,3.30000000,51.94200000,1666483602756,True,True
39785653,15.74000000,10.00000000,157.40000000,1666483602756,True,True
39785654,15.74000000,4.00000000,62.96000000,1666483602756,True,True
39785655,15.74000000,42.41000000,667.53340000,1666483610577,True,True
39785656,15.74000000,36.08000000,567.89920000,1666483616890,False,True
39785657,15.74000000,33.59000000,528.70660000,1666483616900,False,True
39785658,15.74000000,5.94000000,93.49560000,1666483616901,False,True
39785659,15.74000000,15.45000000,243.18300000,1666483616902,False,True
39785660,15.74000000,16.90000000,266.00600000,1666483617016,True,True
39785661,15.74000000,1.87000000,29.43380000,1666483617268,True,True
39785662,15.74000000,2.69000000,42.34060000,1666483617637,True,True
39785663,15.74000000,2.65000000,41.71100000,1666483617914,True,True
39785664,15.74000000,2.60000000,40.92400000,1666483617980,True,True
39785665,15.74000000,2.55000000,40.13700000,1666483618158,True,True
39785666,15.74000000,2.47000000,38.87780000,1666483618218,True,True
39785667,15.74000000,5.00000000,78.70000000,1666483619240,True,True
39785668,15.74000000,2.54000000,39.97960000,1666483619240,True,True
39785669,15.73000000,0.74000000,11.64020000,1666483665780,True,True
39785670,15.73000000,0.91000000,14.31430000,1666483665780,True,True
39785671,15.73000000,3.76000000,59.14480000,1666483665780,True,True
39785672,15.73000000,12.44000000,195.68120000,1666483665780,True,True
39785673,15.73000000,5.00000000,78.65000000,1666483665780,True,True
39785674,15.73000000,194.11000000,3053.35030000,1666483665841,True,True
39785675,15.73000000,3.30000000,51.90900000,1666483665841,True,True
39785676,15.73000000,7.46000000,117.34580000,1666483708948,False,True
39785677,15.73000000,1.00000000,15.73000000,1666483708970,False,True
39785678,15.73000000,0.91000000,14.31430000,1666483708970,False,True
39785679,15.73000000,12.71000000,199.92830000,1666483732273,True,True
39785680,15.73000000,12.51000000,196.78230000,1666483732273,True,True
39785681,15.72000000,0.93000000,14.61960000,1666483785116,True,True
39785682,15.73000000,23.29000000,366.35170000,1666483828042,True,True
39785683,15.73000000,5.63000000,88.55990000,1666483828043,True,True
39785684,15.73000000,22.89000000,360.05970000,1666483843468,False,True
39785685,15.73000000,7.57000000,119.07610000,1666483843469,False,True
39785686,15.73000000,1.21000000,19.03330000,1666483856906,True,True
39785687,15.73000000,1.29000000,20.29170000,1666483878266,True,True
39785688,15.73000000,1.29000000,20.29170000,1666483878266,True,True
39785689,15.73000000,1.29000000,20.29170000,1666483878266,True,True
39785690,15.73000000,1.29000000,20.29170000,1666483878271,True,True
39785691,15.73000000,1.29000000,20.29170000,1666483878272,True,True
39785692,15.73000000,47.10000000,740.88300000,1666483886245,True,True
39785693,15.72000000,37.68000000,592.32960000,1666483934531,True,True
39785694,15.72000000,21.31000000,334.99320000,1666483934544,True,True
39785695,15.72000000,2.54000000,39.92880000,1666483934544,True,True
39785696,15.72000000,3.30000000,51.87600000,1666483934544,True,True
39785697,15.72000000,4.32000000,67.91040000,1666483934544,True,True
39785698,15.72000000,3.76000000,59.10720000,1666483934544,True,True
39785699,15.72000000,7.70000000,121.04400000,1666483995707,False,True
39785700,15.72000000,1.03000000,16.19160000,1666483998317,False,True
39785701,15.71000000,0.64000000,10.05440000,1666484100484,True,True
39785702,15.71000000,12.76000000,200.45960000,1666484100484,True,True
39785703,15.71000000,11.16000000,175.32360000,1666484100484,True,True
39785704,15.71000000,3.30000000,51.84300000,1666484100484,True,True
39785705,15.71000000,3.76000000,59.06960000,1666484100484,True,True
39785706,15.73000000,3.30000000,51.90900000,1666484168510,False,True
39785707,15.73000000,9.83000000,154.62590000,1666484168510,False,True
39785708,15.73000000,10.00000000,157.30000000,1666484168510,False,True
39785709,15.73000000,3.76000000,59.14480000,1666484168510,False,True
39785710,15.73000000,10.26000000,161.38980000,1666484168510,False,True
39785711,15.73000000,2.39000000,37.59470000,1666484168592,True,True
39785712,15.73000000,2.64000000,41.52720000,1666484168739,True,True
39785713,15.74000000,1.26000000,19.83240000,1666484246854,False,True
39785714,15.73000000,30.46000000,479.13580000,1666484262924,True,True
39785715,15.72000000,3.30000000,51.87600000,1666484347929,True,True
39785716,15.72000000,3.76000000,59.10720000,1666484347929,True,True
39785717,15.72000000,39.13000000,615.12360000,1666484347929,True,True
39785718,15.72000000,20.65000000,324.61800000,1666484347936,True,True
39785719,15.72000000,37.92000000,596.10240000,1666484347948,True,True
39785720,15.72000000,6.39000000,100.45080000,1666484347949,True,True
39785721,15.72000000,38.95000000,612.29400000,1666484370570,False,True
39785722,15.72000000,27.05000000,425.22600000,1666484370570,False,True
39785723,15.72000000,3.31000000,52.03320000,1666484526155,False,True
39785724,15.71000000,19.09000000,299.90390000,1666484529444,True,True
39785725,15.71000000,3.30000000,51.84300000,1666484529444,True,True
39785726,15.71000000,16.59000000,260.62890000,1666484529444,True,True
39785727,15.71000000,6.65000000,104.47150000,1666484529444,True,True
39785728,15.70000000,201.51000000,3163.70700000,1666484552803,True,True
39785729,15.70000000,274.56000000,4310.59200000,1666484552803,True,True
39785730,15.70000000,154.58000000,2426.90600000,1666484552855,True,True
39785731,15.70000000,5.65000000,88.70500000,1666484590130,True,True
39785732,15.70000000,3.30000000,51.81000000,1666484590130,True,True
39785733,15.70000000,3.76000000,59.03200000,1666484590130,True,True
39785734,15.70000000,1.83000000,28.73100000,1666484590148,False,True
39785735,15.69000000,0.69000000,10.82610000,1666484617692,True,True
39785736,15.69000000,2.26000000,35.45940000,1666484617692,True,True
39785737,15.69000000,11.16000000,175.10040000,1666484617692,True,True
39785738,15.69000000,83.39000000,1308.38910000,1666484617692,True,True
39785739,15.70000000,0.97000000,15.22900000,1666484622446,False,True
39785740,15.69000000,3.30000000,51.77700000,1666484624529,True,True
39785741,15.69000000,3.76000000,58.99440000,1666484624529,True,True
39785742,15.69000000,12.89000000,202.24410000,1666484705229,False,True
39785743,15.69000000,9.52000000,149.36880000,1666484705297,False,True
39785744,15.69000000,15.08000000,236.60520000,1666484727101,False,True
39785745,15.69000000,21.25000000,333.41250000,1666484727101,False,True
39785746,15.69000000,5.59000000,87.70710000,1666484727116,False,True
39785747,15.69000000,36.15000000,567.19350000,1666484727117,False,True
39785748,15.69000000,2.25000000,35.30250000,1666484727117,False,True
39785749,15.69000000,10.67000000,167.41230000,1666484727117,False,True
39785750,15.69000000,2.17000000,34.04730000,1666484727117,False,True
39785751,15.69000000,5.59000000,87.70710000,1666484727117,False,True
39785752,15.69000000,119.79000000,1879.50510000,1666484727119,False,True
39785753,15.70000000,83.37000000,1308.90900000,1666484738294,False,True
39785754,15.70000000,35.50000000,557.35000000,1666484738296,False,True
39785755,15.70000000,6.59000000,103.46300000,1666484738297,False,True
39785756,15.70000000,3.43000000,53.85100000,1666484738298,False,True
39785757,15.70000000,2.54000000,39.87800000,1666484738298,False,True
39785758,15.70000000,3.30000000,51.81000000,1666484738298,False,True
39785759,15.70000000,3.76000000,59.03200000,1666484738298,False,True
39785760,15.71000000,7.31000000,114.84010000,1666484751532,False,True
39785761,15.72000000,32.56000000,511.84320000,1666484769781,False,True
39785762,15.72000000,10.46000000,164.43120000,1666484769781,False,True
39785763,15.72000000,50.66000000,796.37520000,1666484770313,False,True
39785764,15.72000000,1.67000000,26.25240000,1666484770313,False,True
39785765,15.72000000,3.30000000,51.87600000,1666484770313,False,True
39785766,15.72000000,3.76000000,59.10720000,1666484770313,False,True
39785767,15.72000000,10.81000000,169.93320000,1666484804032,True,True
39785768,15.72000000,32.83000000,516.08760000,1666484804032,True,True
39785769,15.72000000,4.65000000,73.09800000,1666484804038,True,True
39785770,15.72000000,65.81000000,1034.53320000,1666484804038,True,True
39785771,15.71000000,45.30000000,711.66300000,1666484815170,True,True
39785772,15.70000000,11.16000000,175.21200000,1666484831605,True,True
39785773,15.70000000,3.30000000,51.81000000,1666484831605,True,True
39785774,15.70000000,3.76000000,59.03200000,1666484831605,True,True
39785775,15.70000000,19.52000000,306.46400000,1666484831605,True,True
39785776,15.70000000,7.62000000,119.63400000,1666484831605,True,True
39785777,15.70000000,4.42000000,69.39400000,1666484831605,True,True
39785778,15.70000000,2.68000000,42.07600000,1666484831705,False,True
39785779,15.69000000,15.54000000,243.82260000,1666484950641,True,True
39785780,15.69000000,7.85000000,123.16650000,1666484950665,True,True
39785781,15.69000000,1.47000000,23.06430000,1666484950672,True,True
39785782,15.69000000,3.14000000,49.26660000,1666484950672,True,True
39785783,15.69000000,4.87000000,76.41030000,1666484950680,True,True
39785784,15.69000000,0.75000000,11.76750000,1666484950680,True,True
39785785,15.69000000,2.55000000,40.00950000,1666484950688,True,True
39785786,15.69000000,2.54000000,39.85260000,1666484950688,True,True
39785787,15.69000000,32.43000000,508.82670000,1666484961672,False,True
39785788,15.69000000,33.41000000,524.20290000,1666484961673,False,True
39785789,15.69000000,25.31000000,397.11390000,1666484961673,False,True
39785790,15.69000000,6.51000000,102.14190000,1666485105001,False,True
39785791,15.69000000,7.39000000,115.94910000,1666485287977,True,True
39785792,15.70000000,35.51000000,557.50700000,1666485314600,False,True
39785793,15.70000000,1.97000000,30.92900000,1666485314606,False,True
39785794,15.70000000,3.07000000,48.19900000,1666485314606,False,True
39785795,15.70000000,25.42000000,399.09400000,1666485314606,False,True
39785796,15.71000000,4.42000000,69.43820000,1666485323744,False,True
39785797,15.71000000,3.30000000,51.84300000,1666485323744,False,True
39785798,15.71000000,2.28000000,35.81880000,1666485323744,False,True
39785799,15.71000000,4.81000000,75.56510000,1666485323771,False,True
39785800,15.71000000,3.76000000,59.06960000,1666485323771,False,True
39785801,15.71000000,3.08000000,48.38680000,1666485323793,True,True
39785802,15.71000000,35.51000000,557.86210000,1666485334365,True,True
39785803,15.71000000,27.25000000,428.09750000,1666485334377,True,True
39785804,15.71000000,19.60000000,307.91600000,1666485334377,True,True
39785805,15.71000000,11.28000000,177.20880000,1666485334377,True,True
39785806,15.71000000,26.20000000,411.60200000,1666485334387,True,True
39785807,15.71000000,30.46000000,478.52660000,1666485366820,False,True
39785808,15.71000000,37.48000000,588.81080000,1666485366820,False,True
39785809,15.72000000,59.06000000,928.42320000,1666485368714,False,True
39785810,15.71000000,35.45000000,556.91950000,1666485389344,True,True
39785811,15.71000000,20.00000000,314.20000000,1666485390129,True,True
39785812,15.71000000,19.91000000,312.78610000,1666485390137,True,True
39785813,15.71000000,6.70000000,105.25700000,1666485390270,True,True
39785814,15.70000000,2.90000000,45.53000000,1666485390581,True,True
39785815,15.70000000,2.29000000,35.95300000,1666485390582,True,True
39785816,15.70000000,2.29000000,35.95300000,1666485390584,True,True
39785817,15.70000000,2.90000000,45.53000000,1666485390584,True,True
39785818,15.70000000,3.76000000,59.03200000,1666485429090,True,True
39785819,15.70000000,3.30000000,51.81000000,1666485429090,True,True
39785820,15.70000000,9.25000000,145.22500000,1666485522530,False,True
39785821,15.70000000,3.00000000,47.10000000,1666485533820,False,True
39785822,15.70000000,9.28000000,145.69600000,1666485547485,False,True
39785823,15.71000000,0.95000000,14.92450000,1666485562042,False,True
39785824,15.71000000,35.41000000,556.29110000,1666485566805,False,True
39785825,15.71000000,3.30000000,51.84300000,1666485569231,False,True
39785826,15.71000000,3.06000000,48.07260000,1666485569231,False,True
39785827,15.71000000,2.07000000,32.51970000,1666485569234,False,True
39785828,15.71000000,3.76000000,59.06960000,1666485569234,False,True
39785829,15.72000000,0.72000000,11.31840000,1666485659025,False,True
39785830,15.71000000,11.02000000,173.12420000,1666485662278,True,True
39785831,15.71000000,29.86000000,469.10060000,1666485662291,True,True
39785832,15.70000000,3.30000000,51.81000000,1666485678036,True,True
39785833,15.70000000,3.76000000,59.03200000,1666485678036,True,True
39785834,15.69000000,0.65000000,10.19850000,1666485745120,True,True
39785835,15.69000000,18.68000000,293.08920000,1666485745120,True,True
39785836,15.69000000,3.30000000,51.77700000,1666485745120,True,True
39785837,15.69000000,3.75000000,58.83750000,1666485745120,True,True
39785838,15.68000000,6.79000000,106.46720000,1666485747388,True,True
39785839,15.68000000,1.51000000,23.67680000,1666485747389,True,True
39785840,15.68000000,1.51000000,23.67680000,1666485747391,True,True
39785841,15.68000000,1.35000000,21.16800000,1666485747392,True,True
39785842,15.68000000,0.16000000,2.50880000,1666485747392,True,True
39785843,15.68000000,0.75000000,11.76000000,1666485747393,True,True
39785844,15.68000000,0.76000000,11.91680000,1666485747393,True,True
39785845,15.68000000,3.00000000,47.04000000,1666485747400,True,True
39785846,15.68000000,19.87000000,311.56160000,1666485750832,False,True
39785847,15.67000000,0.70000000,10.96900000,1666485814082,True,True
39785848,15.67000000,0.70000000,10.96900000,1666485814082,True,True
39785849,15.67000000,1.99000000,31.18330000,1666485814082,True,True
39785850,15.67000000,2.55000000,39.95850000,1666485814082,True,True
39785851,15.67000000,6.00000000,94.02000000,1666485814082,True,True
39785852,15.67000000,3.30000000,51.71100000,1666485814082,True,True
39785853,15.67000000,1.68000000,26.32560000,1666485814082,True,True
39785854,15.67000000,3.76000000,58.91920000,1666485814082,True,True
39785855,15.67000000,47.81000000,749.18270000,1666485833084,False,True
39785856,15.67000000,15.62000000,244.76540000,1666485844294,False,True
39785857,15.67000000,16.15000000,253.07050000,1666485844294,False,True
39785858,15.67000000,36.03000000,564.59010000,1666485844294,False,True
39785859,15.68000000,9.22000000,144.56960000,1666485895618,False,True
39785860,15.67000000,21.43000000,335.80810000,1666485905673,True,True
39785861,15.68000000,0.91000000,14.26880000,1666486043833,False,True
39785862,15.68000000,3.30000000,51.74400000,1666486043833,False,True
39785863,15.68000000,2.72000000,42.64960000,1666486043833,False,True
39785864,15.68000000,1.24000000,19.44320000,1666486043836,False,True
39785865,15.68000000,10.26000000,160.87680000,1666486043836,False,True
39785866,15.68000000,7.52000000,117.91360000,1666486043844,False,True
39785867,15.68000000,4.22000000,66.16960000,1666486043854,False,True
39785868,15.68000000,0.70000000,10.97600000,1666486043854,False,True
39785869,15.68000000,3.76000000,58.95680000,1666486043854,False,True
39785870,15.68000000,1.74000000,27.28320000,1666486043871,True,True
39785871,15.69000000,2.54000000,39.85260000,1666486126787,False,True
39785872,15.69000000,27.92000000,438.06480000,1666486126787,False,True
39785873,15.69000000,7.55000000,118.45950000,1666486126788,False,True
39785874,15.69000000,263.07000000,4127.56830000,1666486126797,False,True
39785875,15.69000000,5.66000000,88.80540000,1666486126799,False,True
39785876,15.69000000,332.10000000,5210.64900000,1666486126804,False,True
39785877,15.69000000,3.30000000,51.77700000,1666486126804,False,True
39785878,15.70000000,2.81000000,44.11700000,1666486127299,False,True
39785879,15.70000000,2.66000000,41.76200000,1666486127320,False,True
39785880,15.70000000,1.95000000,30.61500000,1666486127797,False,True
39785881,15.70000000,1.93000000,30.30100000,1666486127799,False,True
39785882,15.70000000,8.87000000,139.25900000,1666486127866,False,True
39785883,15.70000000,1.67000000,26.21900000,1666486127866,False,True
39785884,15.70000000,3.76000000,59.03200000,1666486127866,False,True
39785885,15.70000000,7.76000000,121.83200000,1666486127910,True,True
39785886,15.70000000,37.66000000,591.26200000,1666486128126,True,True
39785887,15.70000000,5.35000000,83.99500000,1666486128126,True,True
39785888,15.70000000,23.29000000,365.65300000,1666486128126,True,True
39785889,15.70000000,5.35000000,83.99500000,1666486128126,True,True
39785890,15.71000000,1.23000000,19.32330000,1666486176226,False,True
39785891,15.70000000,1.00000000,15.70000000,1666486190981,True,True
39785892,15.70000000,5.88000000,92.31600000,1666486205115,True,True
39785893,15.70000000,8.53000000,133.92100000,1666486205118,True,True
39785894,15.70000000,7.75000000,121.67500000,1666486205861,True,True
39785895,15.70000000,8.53000000,133.92100000,1666486277954,True,True
39785896,15.70000000,1.31000000,20.56700000,1666486277954,True,True
39785897,15.70000000,0.65000000,10.20500000,1666486372029,True,True
39785898,15.70000000,2.46000000,38.62200000,1666486481380,True,True
39785899,15.70000000,37.48000000,588.43600000,1666486481380,True,True
39785900,15.70000000,14.80000000,232.36000000,1666486481380,True,True
39785901,15.70000000,1.09000000,17.11300000,1666486581610,False,True
39785902,15.70000000,1.11000000,17.42700000,1666486581610,False,True
39785903,15.70000000,1.09000000,17.11300000,1666486581610,False,True
39785904,15.70000000,1.09000000,17.11300000,1666486581610,False,True
39785905,15.70000000,1.09000000,17.11300000,1666486581610,False,True
39785906,15.70000000,0.29000000,4.55300000,1666486581610,False,True
39785907,15.70000000,1.75000000,27.47500000,1666486581625,False,True
39785908,15.70000000,1.75000000,27.47500000,1666486581645,False,True
39785909,15.70000000,4.24000000,66.56800000,1666486584325,True,True
39785910,15.70000000,47.73000000,749.36100000,1666486599295,True,True
39785911,15.70000000,0.64000000,10.04800000,1666486599295,True,True
39785912,15.69000000,97.56000000,1530.71640000,1666486628616,True,True
39785913,15.69000000,71.94000000,1128.73860000,1666486628618,True,True
39785914,15.69000000,56.11000000,880.36590000,1666486628618,True,True
39785915,15.69000000,36.58000000,573.94020000,1666486628631,True,True
39785916,15.69000000,36.58000000,573.94020000,1666486628642,True,True
39785917,15.69000000,90.02000000,1412.41380000,1666486628653,True,True
39785918,15.68000000,3.30000000,51.74400000,1666486645288,True,True
39785919,15.68000000,0.91000000,14.26880000,1666486645288,True,True
39785920,15.68000000,3.76000000,58.95680000,1666486645288,True,True
39785921,15.68000000,1.49000000,23.36320000,1666486645313,False,True
39785922,15.68000000,1.09000000,17.09120000,1666486750375,False,True
39785923,15.68000000,1.11000000,17.40480000,1666486750375,False,True
39785924,15.68000000,5.79000000,90.78720000,1666486753895,True,True
39785925,15.68000000,7.29000000,114.30720000,1666486754179,True,True
39785926,15.68000000,48.45000000,759.69600000,1666486754179,True,True
39785927,15.68000000,1.61000000,25.24480000,1666486845776,False,True
39785928,15.68000000,62.68000000,982.82240000,1666486850275,True,True
39785929,15.68000000,87.25000000,1368.08000000,1666486850275,True,True
39785930,15.68000000,2.49000000,39.04320000,1666486854311,True,True
39785931,15.69000000,3.30000000,51.77700000,1666486858184,False,True
39785932,15.69000000,4.42000000,69.34980000,1666486858184,False,True
39785933,15.70000000,0.96000000,15.07200000,1666486868287,False,True
39785934,15.70000000,0.83000000,13.03100000,1666486868450,False,True
39785935,15.70000000,0.82000000,12.87400000,1666486868452,False,True
39785936,15.70000000,2.77000000,43.48900000,1666486873212,False,True
39785937,15.70000000,2.22000000,34.85400000,1666486873212,False,True
39785938,15.70000000,0.91000000,14.28700000,1666486873212,False,True
39785939,15.70000000,10.00000000,157.00000000,1666486873212,False,True
39785940,15.70000000,3.76000000,59.03200000,1666486873212,False,True
39785941,15.70000000,3.30000000,51.81000000,1666486873212,False,True
39785942,15.70000000,35.99000000,565.04300000,1666486873212,False,True
39785943,15.70000000,2.15000000,33.75500000,1666486873233,True,True
39785944,15.71000000,0.66000000,10.36860000,1666486900704,False,True
39785945,15.71000000,6.52000000,102.42920000,1666486918434,False,True
39785946,15.70000000,6.64000000,104.24800000,1666486943679,True,True
39785947,15.70000000,43.84000000,688.28800000,1666486943679,True,True
39785948,15.70000000,18.89000000,296.57300000,1666486943727,True,True
39785949,15.70000000,28.63000000,449.49100000,1666486943727,True,True
39785950,15.70000000,34.03000000,534.27100000,1666486943738,True,True
39785951,15.70000000,5.97000000,93.72900000,1666486943738,True,True
39785952,15.70000000,69.28000000,1087.69600000,1666486943740,True,True
39785953,15.70000000,75.28000000,1181.89600000,1666486943740,True,True
39785954,15.68000000,5.00000000,78.40000000,1666486994031,True,True
39785955,15.68000000,3.22000000,50.48960000,1666487028499,True,True
39785956,15.68000000,5.00000000,78.40000000,1666487038870,True,True
39785957,15.68000000,212.63000000,3334.03840000,1666487057710,True,True
39785958,15.68000000,107.10000000,1679.32800000,1666487057710,True,True
39785959,15.68000000,3.30000000,51.74400000,1666487057710,True,True
39785960,15.68000000,1.00000000,15.68000000,1666487057710,True,True
39785961,15.68000000,53.15000000,833.39200000,1666487057710,True,True
39785962,15.68000000,1.67000000,26.18560000,1666487057710,True,True
39785963,15.68000000,3.76000000,58.95680000,1666487057710,True,True
39785964,15.67000000,85.22000000,1335.39740000,1666487107125,True,True
39785965,15.67000000,5.82000000,91.19940000,1666487107133,True,True
39785966,15.67000000,30.46000000,477.30820000,1666487107135,True,True
39785967,15.67000000,195.94000000,3070.37980000,1666487107147,True,True
39785968,15.67000000,1.75000000,27.42250000,1666487107155,True,True
39785969,15.67000000,4.61000000,72.23870000,1666487107187,True,True
39785970,15.67000000,4.61000000,72.23870000,1666487107189,True,True
39785971,15.67000000,4.61000000,72.23870000,1666487107190,True,True
39785972,15.67000000,4.51000000,70.67170000,1666487107194,True,True
39785973,15.67000000,4.51000000,70.67170000,1666487107194,True,True
39785974,15.67000000,4.51000000,70.67170000,1666487107195,True,True
39785975,15.67000000,20.00000000,313.40000000,1666487107258,True,True
39785976,15.67000000,20.00000000,313.40000000,1666487107260,True,True
39785977,15.67000000,55.03000000,862.32010000,1666487107260,True,True
39785978,15.67000000,40.00000000,626.80000000,1666487107266,True,True
39785979,15.67000000,60.00000000,940.20000000,1666487107269,True,True
39785980,15.67000000,20.00000000,313.40000000,1666487107269,True,True
39785981,15.67000000,20.00000000,313.40000000,1666487107279,True,True
39785982,15.67000000,29.89000000,468.37630000,1666487107280,True,True
39785983,15.67000000,2.36000000,36.98120000,1666487107690,True,True
39785984,15.67000000,2.62000000,41.05540000,1666487107694,True,True
39785985,15.67000000,21.07000000,330.16690000,1666487108043,True,True
39785986,15.67000000,3.30000000,51.71100000,1666487108043,True,True
39785987,15.67000000,1.68000000,26.32560000,1666487108043,True,True
39785988,15.67000000,3.46000000,54.21820000,1666487108043,True,True
39785989,15.67000000,0.30000000,4.70100000,1666487108046,True,True
39785990,15.66000000,1.72000000,26.93520000,1666487119697,True,True
39785991,15.66000000,0.71000000,11.11860000,1666487119697,True,True
39785992,15.66000000,1.94000000,30.38040000,1666487119697,True,True
39785993,15.66000000,8.42000000,131.85720000,1666487119697,True,True
39785994,15.66000000,0.91000000,14.25060000,1666487119697,True,True
39785995,15.66000000,3.30000000,51.67800000,1666487119697,True,True
39785996,15.66000000,37.48000000,586.93680000,1666487119697,True,True
39785997,15.66000000,3.76000000,58.88160000,1666487119697,True,True
39785998,15.66000000,15.43000000,241.63380000,1666487119697,True,True
39785999,15.66000000,3.15000000,49.32900000,1666487119746,False,True
39786000,15.66000000,15.43000000,241.63380000,1666487120911,False,True
39786001,15.65000000,0.68000000,10.64200000,1666487123315,True,True
39786002,15.65000000,9.24000000,144.60600000,1666487123315,True,True
39786003,15.66000000,15.43000000,241.63380000,1666487123915,False,True
39786004,15.66000000,3.47000000,54.34020000,1666487126076,False,True
39786005,15.66000000,32.63000000,510.98580000,1666487126076,False,True
39786006,15.66000000,2.25000000,35.23500000,1666487126136,False,True
39786007,15.66000000,0.91000000,14.25060000,1666487126136,False,True
39786008,15.66000000,37.48000000,586.93680000,1666487140054,True,True
39786009,15.66000000,30.46000000,477.00360000,1666487140054,True,True
39786010,15.66000000,0.91000000,14.25060000,1666487140054,True,True
39786011,15.65000000,19.84000000,310.49600000,1666487166372,True,True
39786012,15.65000000,30.94000000,484.21100000,1666487166375,True,True
39786013,15.65000000,5.16000000,80.75400000,1666487166375,True,True
39786014,15.65000000,14.00000000,219.10000000,1666487166384,True,True
39786015,15.65000000,23.30000000,364.64500000,1666487166384,True,True
39786016,15.65000000,1.84000000,28.79600000,1666487166384,True,True
39786017,15.65000000,2.27000000,35.52550000,1666487166384,True,True
39786018,15.65000000,11.64000000,182.16600000,1666487166384,True,True
39786019,15.65000000,2.55000000,39.90750000,1666487166384,True,True
39786020,15.65000000,10.00000000,156.50000000,1666487166384,True,True
39786021,15.65000000,3.30000000,51.64500000,1666487166384,True,True
39786022,15.65000000,2.25000000,35.21250000,1666487166384,True,True
39786023,15.65000000,3.76000000,58.84400000,1666487166384,True,True
39786024,15.65000000,15.05000000,235.53250000,1666487166384,True,True
39786025,15.65000000,16.13000000,252.43450000,1666487166390,True,True
39786026,15.65000000,1.67000000,26.13550000,1666487166396,True,True
39786027,15.65000000,13.91000000,217.69150000,1666487166403,True,True
39786028,15.64000000,0.69000000,10.79160000,1666487202736,True,True
39786029,15.64000000,5.75000000,89.93000000,1666487202736,True,True
39786030,15.64000000,3.76000000,58.80640000,1666487202736,True,True
39786031,15.64000000,3.30000000,51.61200000,1666487202736,True,True
39786032,15.64000000,65.08000000,1017.85120000,1666487202736,True,True
39786033,15.63000000,0.70000000,10.94100000,1666487203092,True,True
39786034,15.64000000,19.24000000,300.91360000,1666487213186,False,True
39786035,15.64000000,36.23000000,566.63720000,1666487220736,False,True
39786036,15.64000000,1.09000000,17.04760000,1666487220747,False,True
39786037,15.64000000,4.68000000,73.19520000,1666487220747,False,True
39786038,15.64000000,27.41000000,428.69240000,1666487220848,False,True
39786039,15.64000000,2.25000000,35.19000000,1666487220848,False,True
39786040,15.65000000,0.65000000,10.17250000,1666487228654,False,True
39786041,15.65000000,36.83000000,576.38950000,1666487234132,False,True
39786042,15.65000000,4.15000000,64.94750000,1666487234132,False,True
39786043,15.65000000,6.79000000,106.26350000,1666487234139,False,True
39786044,15.65000000,0.81000000,12.67650000,1666487234144,False,True
39786045,15.65000000,1.09000000,17.05850000,1666487234144,False,True
39786046,15.65000000,1.09000000,17.05850000,1666487234144,False,True
39786047,15.65000000,1.09000000,17.05850000,1666487234144,False,True
39786048,15.64000000,57.89000000,905.39960000,1666487401890,False,True
39786049,15.64000000,43.35000000,677.99400000,1666487401890,False,True
39786050,15.64000000,3.00000000,46.92000000,1666487450438,True,True
39786051,15.64000000,3.26000000,50.98640000,1666487498929,True,True
39786052,15.65000000,6.67000000,104.38550000,1666487502606,False,True
39786053,15.65000000,59.13000000,925.38450000,1666487509520,False,True
39786054,15.65000000,30.64000000,479.51600000,1666487509520,False,True
39786055,15.65000000,103.98000000,1627.28700000,1666487509526,False,True
39786056,15.65000000,2.18000000,34.11700000,1666487509526,False,True
39786057,15.65000000,61.55000000,963.25750000,1666487509526,False,True
39786058,15.65000000,3.97000000,62.13050000,1666487509526,False,True
39786059,15.65000000,1.09000000,17.05850000,1666487509526,False,True
39786060,15.65000000,1.09000000,17.05850000,1666487509526,False,True
39786061,15.65000000,0.70000000,10.95500000,1666487509526,False,True
39786062,15.65000000,49.29000000,771.38850000,1666487531304,True,True
39786063,15.65000000,65.76000000,1029.14400000,1666487531304,True,True
39786064,15.65000000,5.35000000,83.72750000,1666487531314,True,True
39786065,15.65000000,5.35000000,83.72750000,1666487531314,True,True
39786066,15.64000000,9.36000000,146.39040000,1666487551583,True,True
39786067,15.64000000,29.13000000,455.59320000,1666487551583,True,True
39786068,15.64000000,6.72000000,105.10080000,1666487567684,False,True
39786069,15.64000000,29.13000000,455.59320000,1666487567684,False,True
39786070,15.64000000,23.80000000,372.23200000,1666487587111,True,True
39786071,15.64000000,29.12000000,455.43680000,1666487622666,True,True
39786072,15.64000000,8.36000000,130.75040000,1666487622666,True,True
39786073,15.63000000,0.84000000,13.12920000,1666487624425,True,True
39786074,15.63000000,3.30000000,51.57900000,1666487624425,True,True
39786075,15.63000000,3.76000000,58.76880000,1666487624425,True,True
39786076,15.63000000,1.05000000,16.41150000,1666487624425,True,True
39786077,15.63000000,2.39000000,37.35570000,1666487633671,False,True
39786078,15.63000000,0.92000000,14.37960000,1666487638018,False,True
39786079,15.63000000,13.09000000,204.59670000,1666487694740,False,True
39786080,15.62000000,1.77000000,27.64740000,1666487699066,True,True
39786081,15.62000000,8.40000000,131.20800000,1666487699066,True,True
39786082,15.62000000,1.61000000,25.14820000,1666487699385,True,True
39786083,15.62000000,1.61000000,25.14820000,1666487699385,True,True
39786084,15.62000000,1.61000000,25.14820000,1666487699386,True,True
39786085,15.62000000,26.73000000,417.52260000,1666487700179,True,True
39786086,15.63000000,4.90000000,76.58700000,1666487761962,False,True
39786087,15.63000000,0.87000000,13.59810000,1666487769859,True,True
39786088,15.63000000,40.98000000,640.51740000,1666487978988,True,True
39786089,15.63000000,22.99000000,359.33370000,1666487978990,True,True
39786090,15.63000000,10.64000000,166.30320000,1666487978990,True,True
39786091,15.62000000,3.66000000,57.16920000,1666487999919,True,True
39786092,15.62000000,44.61000000,696.80820000,1666488000668,True,True
39786093,15.62000000,0.91000000,14.21420000,1666488000668,True,True
39786094,15.62000000,1.29000000,20.14980000,1666488000668,True,True
39786095,15.62000000,1.28000000,19.99360000,1666488000668,True,True
39786096,15.62000000,3.56000000,55.60720000,1666488000668,True,True
39786097,15.62000000,2.09000000,32.64580000,1666488000668,True,True
39786098,15.62000000,47.50000000,741.95000000,1666488000668,True,True
39786099,15.62000000,4.08000000,63.72960000,1666488000678,True,True
39786100,15.62000000,21.25000000,331.92500000,1666488001156,True,True
39786101,15.62000000,6.58000000,102.77960000,1666488001167,True,True
39786102,15.62000000,13.73000000,214.46260000,1666488001167,True,True
39786103,15.62000000,3.39000000,52.95180000,1666488001187,True,True
39786104,15.62000000,3.39000000,52.95180000,1666488001262,True,True
39786105,15.62000000,2.13000000,33.27060000,1666488001357,True,True
39786106,15.62000000,2.13000000,33.27060000,1666488001360,True,True
39786107,15.62000000,2.13000000,33.27060000,1666488001360,True,True
39786108,15.62000000,2.13000000,33.27060000,1666488001360,True,True
39786109,15.62000000,2.13000000,33.27060000,1666488001361,True,True
39786110,15.62000000,1.58000000,24.67960000,1666488001361,True,True
39786111,15.62000000,1.58000000,24.67960000,1666488001361,True,True
39786112,15.62000000,1.58000000,24.67960000,1666488001363,True,True
39786113,15.62000000,1.58000000,24.67960000,1666488001363,True,True
39786114,15.62000000,2.13000000,33.27060000,1666488001363,True,True
39786115,15.62000000,0.98000000,15.30760000,1666488001363,True,True
39786116,15.62000000,0.60000000,9.37200000,1666488001363,True,True
39786117,15.62000000,1.58000000,24.67960000,1666488001363,True,True
39786118,15.62000000,1.12000000,17.49440000,1666488001992,True,True
39786119,15.62000000,6.08000000,94.96960000,1666488001992,True,True
39786120,15.62000000,3.76000000,58.73120000,1666488001992,True,True
39786121,15.62000000,5.54000000,86.53480000,1666488001992,True,True
39786122,15.62000000,60.00000000,937.20000000,1666488002003,True,True
39786123,15.62000000,5.54000000,86.53480000,1666488002004,True,True
39786124,15.62000000,6.08000000,94.96960000,1666488002251,True,True
39786125,15.62000000,6.08000000,94.96960000,1666488002251,True,True
39786126,15.62000000,6.08000000,94.96960000,1666488002251,True,True
39786127,15.62000000,6.08000000,94.96960000,1666488002251,True,True
39786128,15.62000000,6.08000000,94.96960000,1666488002251,True,True
39786129,15.62000000,0.06000000,0.93720000,1666488002251,True,True
39786130,15.62000000,6.02000000,94.03240000,1666488002321,True,True
39786131,15.62000000,0.38000000,5.93560000,1666488002321,True,True
39786132,15.62000000,5.70000000,89.03400000,1666488002321,True,True
39786133,15.62000000,0.70000000,10.93400000,1666488002321,True,True
39786134,15.62000000,5.38000000,84.03560000,1666488002321,True,True
39786135,15.62000000,1.02000000,15.93240000,1666488002321,True,True
39786136,15.62000000,5.04000000,78.72480000,1666488002322,True,True
39786137,15.62000000,26.93000000,420.64660000,1666488010256,False,True
39786138,15.62000000,27.46000000,428.92520000,1666488010257,False,True
39786139,15.62000000,20.84000000,325.52080000,1666488010259,False,True
39786140,15.62000000,28.79000000,449.69980000,1666488010923,False,True
39786141,15.62000000,10.10000000,157.76200000,1666488063509,False,True
39786142,15.62000000,56.74000000,886.27880000,1666488070368,False,True
39786143,15.62000000,1.09000000,17.02580000,1666488070368,False,True
39786144,15.62000000,1.09000000,17.02580000,1666488070368,False,True
39786145,15.62000000,6.50000000,101.53000000,1666488070368,False,True
39786146,15.62000000,37.48000000,585.43760000,1666488070368,False,True
39786147,15.62000000,118.98000000,1858.46760000,1666488070368,False,True
39786148,15.62000000,1.11000000,17.33820000,1666488070368,False,True
39786149,15.62000000,1.00000000,15.62000000,1666488070403,True,True
39786150,15.62000000,2.39000000,37.33180000,1666488070428,True,True
39786151,15.62000000,1.00000000,15.62000000,1666488070528,True,True
39786152,15.62000000,1.00000000,15.62000000,1666488073641,True,True
39786153,15.62000000,2.00000000,31.24000000,1666488079966,True,True
39786154,15.62000000,3.00000000,46.86000000,1666488084803,True,True
39786155,15.62000000,6.00000000,93.72000000,1666488084917,True,True
39786156,15.62000000,12.94000000,202.12280000,1666488084924,True,True
39786157,15.62000000,6.51000000,101.68620000,1666488084957,True,True
39786158,15.62000000,11.00000000,171.82000000,1666488085201,True,True
39786159,15.62000000,1.00000000,15.62000000,1666488103382,True,True
39786160,15.62000000,1.00000000,15.62000000,1666488104765,True,True
39786161,15.62000000,1.00000000,15.62000000,1666488105159,True,True
39786162,15.63000000,1.77000000,27.66510000,1666488136932,False,True
39786163,15.62000000,11.05000000,172.60100000,1666488186544,True,True
39786164,15.62000000,37.48000000,585.43760000,1666488186544,True,True
39786165,15.62000000,89.50000000,1397.99000000,1666488186544,True,True
39786166,15.62000000,66.92000000,1045.29040000,1666488186544,True,True
39786167,15.61000000,2.27000000,35.43470000,1666488186544,True,True
39786168,15.61000000,2.00000000,31.22000000,1666488186544,True,True
39786169,15.61000000,3.50000000,54.63500000,1666488186544,True,True
39786170,15.61000000,1.14000000,17.79540000,1666488186544,True,True
39786171,15.61000000,3.30000000,51.51300000,1666488186544,True,True
39786172,15.61000000,4.43000000,69.15230000,1666488186544,True,True
39786173,15.61000000,81.85000000,1277.67850000,1666488186544,True,True
39786174,15.61000000,66.89000000,1044.15290000,1666488186544,True,True
39786175,15.61000000,64.09000000,1000.44490000,1666488186544,True,True
39786176,15.61000000,37.48000000,585.06280000,1666488186544,True,True
39786177,15.61000000,36.78000000,574.13580000,1666488186544,True,True
39786178,15.61000000,9.91000000,154.69510000,1666488186544,True,True
39786179,15.61000000,26.00000000,405.86000000,1666488186544,True,True
39786180,15.61000000,99.63000000,1555.22430000,1666488186544,True,True
39786181,15.61000000,8.16000000,127.37760000,1666488186544,True,True
39786182,15.61000000,2.22000000,34.65420000,1666488186544,True,True
39786183,15.61000000,43.82000000,684.03020000,1666488186544,True,True
39786184,15.62000000,8.87000000,138.54940000,1666488214131,True,True
39786185,15.62000000,48.63000000,759.60060000,1666488214131,True,True
39786186,15.62000000,18.64000000,291.15680000,1666488214132,True,True
39786187,15.62000000,21.93000000,342.54660000,1666488214141,True,True
39786188,15.62000000,40.15000000,627.14300000,1666488229037,False,True
39786189,15.62000000,21.56000000,336.76720000,1666488242412,False,True
39786190,15.62000000,0.69000000,10.77780000,1666488242412,False,True
39786191,15.63000000,0.91000000,14.22330000,1666488264531,False,True
39786192,15.63000000,3.30000000,51.57900000,1666488264531,False,True
39786193,15.63000000,3.76000000,58.76880000,1666488264531,False,True
39786194,15.63000000,24.02000000,375.43260000,1666488264531,False,True
39786195,15.63000000,47.08000000,735.86040000,1666488264540,False,True
39786196,15.63000000,3.74000000,58.45620000,1666488264560,True,True
39786197,15.63000000,9.22000000,144.10860000,1666488283194,True,True
39786198,15.63000000,66.88000000,1045.33440000,1666488323054,False,True
39786199,15.63000000,23.29000000,364.02270000,1666488323054,False,True
39786200,15.63000000,196.55000000,3072.07650000,1666488323054,False,True
39786201,15.63000000,46.77000000,731.01510000,1666488323054,False,True
39786202,15.63000000,9.22000000,144.10860000,1666488323054,False,True
39786203,15.63000000,54.48000000,851.52240000,1666488323054,False,True
39786204,15.63000000,6.64000000,103.78320000,1666488323054,False,True
39786205,15.63000000,52.03000000,813.22890000,1666488323054,False,True
39786206,15.63000000,84.00000000,1312.92000000,1666488323054,False,True
39786207,15.63000000,105.02000000,1641.46260000,1666488323054,False,True
39786208,15.63000000,6.20000000,96.90600000,1666488323054,False,True
39786209,15.63000000,12.30000000,192.24900000,1666488323054,False,True
39786210,15.63000000,11.70000000,182.87100000,1666488323054,False,True
39786211,15.63000000,12.30000000,192.24900000,1666488323054,False,True
39786212,15.63000000,12.40000000,193.81200000,1666488323054,False,True
39786213,15.63000000,82.21000000,1284.94230000,1666488323054,False,True
39786214,15.63000000,1.09000000,17.03670000,1666488323054,False,True
39786215,15.63000000,1.09000000,17.03670000,1666488323054,False,True
39786216,15.63000000,130.71000000,2042.99730000,1666488323054,False,True
39786217,15.63000000,1.11000000,17.34930000,1666488323054,False,True
39786218,15.63000000,12.90000000,201.62700000,1666488323054,False,True
39786219,15.63000000,20.00000000,312.60000000,1666488323054,False,True
39786220,15.63000000,1.11000000,17.34930000,1666488323054,False,True
39786221,15.63000000,4.90000000,76.58700000,1666488323054,False,True
39786222,15.63000000,7.95000000,124.25850000,1666488414194,False,True
39786223,15.63000000,31.98000000,499.84740000,1666488414451,False,True
39786224,15.63000000,1.09000000,17.03670000,1666488505745,False,True
39786225,15.63000000,1.09000000,17.03670000,1666488505745,False,True
39786226,15.63000000,6.20000000,96.90600000,1666488505745,False,True
39786227,15.63000000,11.70000000,182.87100000,1666488505745,False,True
39786228,15.63000000,12.30000000,192.24900000,1666488505745,False,True
39786229,15.63000000,3.64000000,56.89320000,1666488505745,False,True
39786230,15.63000000,8.66000000,135.35580000,1666488505756,False,True
39786231,15.63000000,12.56000000,196.31280000,1666488505756,False,True
39786232,15.63000000,3.85000000,60.17550000,1666488505913,True,True
39786233,15.62000000,3.30000000,51.54600000,1666488574811,True,True
39786234,15.62000000,4.42000000,69.04040000,1666488574811,True,True
39786235,15.62000000,2.02000000,31.55240000,1666488574811,True,True
39786236,15.63000000,6.20000000,96.90600000,1666488604474,False,True
39786237,15.63000000,5.89000000,92.06070000,1666488604474,False,True
39786238,15.63000000,1.11000000,17.34930000,1666488604474,False,True
39786239,15.64000000,2.22000000,34.72080000,1666488604474,False,True
39786240,15.64000000,4.42000000,69.12880000,1666488604474,False,True
39786241,15.64000000,32.01000000,500.63640000,1666488604474,False,True
39786242,15.63000000,3.07000000,47.98410000,1666488613332,False,True
39786243,15.63000000,4.20000000,65.64600000,1666488749002,True,True
39786244,15.63000000,30.46000000,476.08980000,1666488787647,True,True
39786245,15.63000000,9.54000000,149.11020000,1666488787647,True,True
39786246,15.63000000,20.00000000,312.60000000,1666488787647,True,True
39786247,15.63000000,14.47000000,226.16610000,1666488787651,True,True
39786248,15.63000000,21.57000000,337.13910000,1666488787652,True,True
39786249,15.63000000,49.23000000,769.46490000,1666488787652,True,True
39786250,15.63000000,69.20000000,1081.59600000,1666488787652,True,True
39786251,15.63000000,1.00000000,15.63000000,1666488787654,True,True
39786252,15.63000000,4.42000000,69.08460000,1666488787654,True,True
39786253,15.63000000,6.47000000,101.12610000,1666488787654,True,True
39786254,15.63000000,2.22000000,34.69860000,1666488787654,True,True
39786255,15.63000000,5.89000000,92.06070000,1666488787654,True,True
39786256,15.63000000,18.15000000,283.68450000,1666488828306,False,True
39786257,15.63000000,5.89000000,92.06070000,1666488828306,False,True
39786258,15.63000000,6.20000000,96.90600000,1666488828306,False,True
39786259,15.63000000,12.30000000,192.24900000,1666488828306,False,True
39786260,15.63000000,12.30000000,192.24900000,1666488828306,False,True
39786261,15.63000000,11.70000000,182.87100000,1666488828306,False,True
39786262,15.63000000,4.42000000,69.08460000,1666488828306,False,True
39786263,15.64000000,181.30000000,2835.53200000,1666488846479,False,True
39786264,15.64000000,1.09000000,17.04760000,1666488846479,False,True
39786265,15.64000000,1.09000000,17.04760000,1666488846479,False,True
39786266,15.64000000,84.00000000,1313.76000000,1666488846479,False,True
39786267,15.64000000,9.66000000,151.08240000,1666488846479,False,True
39786268,15.64000000,20.00000000,312.80000000,1666488846479,False,True
39786269,15.64000000,32.30000000,505.17200000,1666488846479,False,True
39786270,15.64000000,3.30000000,51.61200000,1666488846479,False,True
39786271,15.64000000,11.16000000,174.54240000,1666488846479,False,True
39786272,15.64000000,1.11000000,17.36040000,1666488846479,False,True
39786273,15.64000000,1.11000000,17.36040000,1666488846479,False,True
39786274,15.64000000,14.51000000,226.93640000,1666488846479,False,True
39786275,15.64000000,36.05000000,563.82200000,1666488846479,False,True
39786276,15.64000000,4.42000000,69.12880000,1666488846479,False,True
39786277,15.64000000,126.74000000,1982.21360000,1666488846479,False,True
39786278,15.64000000,126.71000000,1981.74440000,1666488846479,False,True
39786279,15.64000000,3.76000000,58.80640000,1666488846479,False,True
39786280,15.64000000,7.00000000,109.48000000,1666488846479,False,True
39786281,15.63000000,57.81000000,903.57030000,1666488848424,True,True
39786282,15.63000000,0.79000000,12.34770000,1666488848424,True,True
39786283,15.62000000,31.60000000,493.59200000,1666488848567,True,True
39786284,15.62000000,18.40000000,287.40800000,1666488848567,True,True
39786285,15.62000000,178.14000000,2782.54680000,1666488852962,True,True
39786286,15.62000000,65.58000000,1024.35960000,1666488852962,True,True
39786287,15.62000000,96.49000000,1507.17380000,1666488852962,True,True
39786288,15.62000000,50.54000000,789.43480000,1666488852962,True,True
39786289,15.62000000,29.25000000,456.88500000,1666488852962,True,True
39786290,15.62000000,2.22000000,34.67640000,1666488852971,True,True
39786291,15.62000000,4.42000000,69.04040000,1666488852971,True,True
39786292,15.62000000,10.00000000,156.20000000,1666488852971,True,True
39786293,15.62000000,2.20000000,34.36400000,1666488852971,True,True
39786294,15.62000000,3.30000000,51.54600000,1666488852971,True,True
39786295,15.62000000,3.76000000,58.73120000,1666488852971,True,True
39786296,15.62000000,5.31000000,82.94220000,1666488852983,False,True
39786297,15.61000000,36.77000000,573.97970000,1666488884550,True,True
39786298,15.62000000,15.27000000,238.51740000,1666488982455,False,True
39786299,15.62000000,4.42000000,69.04040000,1666488982455,False,True
39786300,15.62000000,12.55000000,196.03100000,1666488982455,False,True
39786301,15.62000000,19.83000000,309.74460000,1666488982463,False,True
39786302,15.62000000,21.96000000,343.01520000,1666488982463,False,True
39786303,15.62000000,23.29000000,363.78980000,1666488982464,False,True
39786304,15.62000000,3.64000000,56.85680000,1666488982465,False,True
39786305,15.63000000,2.55000000,39.85650000,1666489017321,False,True
39786306,15.63000000,3.30000000,51.57900000,1666489017321,False,True
39786307,15.63000000,3.76000000,58.76880000,1666489017321,False,True
39786308,15.63000000,2.56000000,40.01280000,1666489017321,False,True
39786309,15.63000000,10.43000000,163.02090000,1666489017424,True,True
39786310,15.63000000,6.35000000,99.25050000,1666489017541,True,True
39786311,15.63000000,2.39000000,37.35570000,1666489018541,True,True
39786312,15.63000000,12.79000000,199.90770000,1666489019651,True,True
39786313,15.63000000,4.23000000,66.11490000,1666489019661,True,True
39786314,15.63000000,5.35000000,83.62050000,1666489019751,True,True
39786315,15.63000000,11.74000000,183.49620000,1666489019806,True,True
39786316,15.63000000,1.05000000,16.41150000,1666489019806,True,True
39786317,15.63000000,36.73000000,574.08990000,1666489019817,True,True
39786318,15.63000000,5.35000000,83.62050000,1666489019867,True,True
39786319,15.63000000,12.79000000,199.90770000,1666489025550,True,True
39786320,15.63000000,5.10000000,79.71300000,1666489025604,True,True
39786321,15.63000000,1.50000000,23.44500000,1666489027580,True,True
39786322,15.63000000,5.08000000,79.40040000,1666489028072,True,True
39786323,15.63000000,4.12000000,64.39560000,1666489028072,True,True
39786324,15.63000000,1.74000000,27.19620000,1666489028520,True,True
39786325,15.63000000,4.28000000,66.89640000,1666489033591,True,True
39786326,15.64000000,14.39000000,225.05960000,1666489125465,False,True
39786327,15.64000000,3.30000000,51.61200000,1666489125465,False,True
39786328,15.64000000,10.15000000,158.74600000,1666489125465,False,True
39786329,15.64000000,16.16000000,252.74240000,1666489125465,False,True
39786330,15.64000000,41.67000000,651.71880000,1666489125465,False,True
39786331,15.64000000,1.89000000,29.55960000,1666489125465,False,True
39786332,15.64000000,3.76000000,58.80640000,1666489125485,False,True
39786333,15.64000000,2.55000000,39.88200000,1666489125503,False,True
39786334,15.64000000,32.39000000,506.57960000,1666489304117,True,True
39786335,15.64000000,13.80000000,215.83200000,1666489312325,True,True
39786336,15.64000000,1.95000000,30.49800000,1666489312325,True,True
39786337,15.64000000,10.15000000,158.74600000,1666489312325,True,True
39786338,15.64000000,89.17000000,1394.61880000,1666489312325,True,True
39786339,15.63000000,27.34000000,427.32420000,1666489313953,True,True
39786340,15.63000000,4.42000000,69.08460000,1666489313953,True,True
39786341,15.63000000,11.80000000,184.43400000,1666489313953,True,True
39786342,15.63000000,14.20000000,221.94600000,1666489313953,True,True
39786343,15.63000000,3.30000000,51.57900000,1666489313953,True,True
39786344,15.63000000,106.04000000,1657.40520000,1666489313953,True,True
39786345,15.63000000,5.66000000,88.46580000,1666489314085,True,True
39786346,15.63000000,30.46000000,476.08980000,1666489314087,True,True
39786347,15.63000000,44.00000000,687.72000000,1666489314097,True,True
39786348,15.63000000,9.85000000,153.95550000,1666489314296,True,True
39786349,15.63000000,0.91000000,14.22330000,1666489314296,True,True
39786350,15.63000000,2.54000000,39.70020000,1666489325968,False,True
39786351,15.62000000,3.30000000,51.54600000,1666489333410,True,True
39786352,15.62000000,3.76000000,58.73120000,1666489333410,True,True
39786353,15.61000000,29.09000000,454.09490000,1666489355789,True,True
39786354,15.62000000,12.80000000,199.93600000,1666489389961,False,True
39786355,15.62000000,5.55000000,86.69100000,1666489414348,False,True
39786356,15.62000000,2.39000000,37.33180000,1666489427676,False,True
39786357,15.62000000,16.74000000,261.47880000,1666489436268,False,True
39786358,15.62000000,18.49000000,288.81380000,1666489436268,False,True
39786359,15.62000000,49.09000000,766.78580000,1666489436276,False,True
39786360,15.62000000,2.25000000,35.14500000,1666489436276,False,True
39786361,15.62000000,2.17000000,33.89540000,1666489436276,False,True
39786362,15.63000000,0.96000000,15.00480000,1666489455309,False,True
39786363,15.63000000,1.61000000,25.16430000,1666489475746,False,True
39786364,15.63000000,5.01000000,78.30630000,1666489484034,True,True
39786365,15.63000000,13.86000000,216.63180000,1666489491471,False,True
39786366,15.63000000,4.24000000,66.27120000,1666489491471,False,True
39786367,15.63000000,24.06000000,376.05780000,1666489494933,False,True
39786368,15.63000000,19.94000000,311.66220000,1666489494933,False,True
39786369,15.63000000,5.35000000,83.62050000,1666489496668,True,True
39786370,15.63000000,5.35000000,83.62050000,1666489496668,True,True
39786371,15.62000000,0.73000000,11.40260000,1666489582740,True,True
39786372,15.62000000,9.74000000,152.13880000,1666489582740,True,True
39786373,15.62000000,37.48000000,585.43760000,1666489582740,True,True
39786374,15.62000000,1.32000000,20.61840000,1666489582767,False,True
39786375,15.62000000,1.32000000,20.61840000,1666489582803,False,True
39786376,15.62000000,2.39000000,37.33180000,1666489598550,False,True
39786377,15.62000000,4.50000000,70.29000000,1666489599353,False,True
39786378,15.62000000,1.87000000,29.20940000,1666489603607,False,True
39786379,15.62000000,1.87000000,29.20940000,1666489605927,False,True
39786380,15.62000000,2.39000000,37.33180000,1666489608009,False,True
39786381,15.62000000,2.39000000,37.33180000,1666489614292,False,True
39786382,15.62000000,1.44000000,22.49280000,1666489616162,False,True
39786383,15.61000000,1.00000000,15.61000000,1666489616928,True,True
39786384,15.61000000,5.60000000,87.41600000,1666489727174,True,True
39786385,15.62000000,0.91000000,14.21420000,1666489767803,False,True
39786386,15.63000000,4.42000000,69.08460000,1666489830621,True,True
39786387,15.63000000,6.13000000,95.81190000,1666489830621,True,True
39786388,15.63000000,5.59000000,87.37170000,1666489843028,False,True
39786389,15.63000000,5.21000000,81.43230000,1666489843032,False,True
39786390,15.63000000,26.68000000,417.00840000,1666489843033,False,True
39786391,15.63000000,3.78000000,59.08140000,1666489843033,False,True
39786392,15.63000000,0.64000000,10.00320000,1666489843035,False,True
39786393,15.64000000,0.76000000,11.88640000,1666489852943,False,True
39786394,15.64000000,2.54000000,39.72560000,1666489853261,False,True
39786395,15.64000000,3.76000000,58.80640000,1666489853261,False,True
39786396,15.64000000,2.21000000,34.56440000,1666489853261,False,True
39786397,15.64000000,2.39000000,37.37960000,1666489856110,True,True
39786398,15.64000000,2.39000000,37.37960000,1666489856157,True,True
39786399,15.64000000,27.86000000,435.73040000,1666489930450,True,True
39786400,15.64000000,4.84000000,75.69760000,1666489961698,True,True
39786401,15.64000000,0.70000000,10.94800000,1666489961698,True,True
39786402,15.65000000,6.25000000,97.81250000,1666489967124,False,True
39786403,15.65000000,11.79000000,184.51350000,1666489973386,False,True
39786404,15.65000000,0.95000000,14.86750000,1666489978728,False,True
39786405,15.65000000,1.47000000,23.00550000,1666489980612,False,True
39786406,15.65000000,8.22000000,128.64300000,1666489992232,False,True
39786407,15.65000000,1.47000000,23.00550000,1666489993408,False,True
39786408,15.65000000,12.50000000,195.62500000,1666489994335,False,True
39786409,15.65000000,11.79000000,184.51350000,1666489996438,False,True
39786410,15.65000000,1.47000000,23.00550000,1666489998533,False,True
39786411,15.65000000,12.93000000,202.35450000,1666490002691,False,True
39786412,15.65000000,12.50000000,195.62500000,1666490004781,False,True
39786413,15.65000000,12.50000000,195.62500000,1666490006887,False,True
39786414,15.65000000,12.50000000,195.62500000,1666490008976,False,True
39786415,15.65000000,12.50000000,195.62500000,1666490011101,False,True
39786416,15.65000000,12.50000000,195.62500000,1666490013167,False,True
39786417,15.65000000,12.50000000,195.62500000,1666490015241,False,True
39786418,15.65000000,12.50000000,195.62500000,1666490017385,False,True
39786419,15.65000000,6.25000000,97.81250000,1666490019436,False,True
39786420,15.65000000,40.98000000,641.33700000,1666490020463,False,True
39786421,15.65000000,6.25000000,97.81250000,1666490020468,False,True
39786422,15.65000000,35.41000000,554.16650000,1666490020473,False,True
39786423,15.65000000,2.39000000,37.40350000,1666490020521,False,True
39786424,15.65000000,4.26000000,66.66900000,1666490021528,False,True
39786425,15.65000000,7.06000000,110.48900000,1666490032409,False,True
39786426,15.65000000,334.21000000,5230.38650000,1666490032469,False,True
39786427,15.64000000,1.80000000,28.15200000,1666490117119,True,True
39786428,15.65000000,1.59000000,24.88350000,1666490310995,False,True
39786429,15.65000000,31.94000000,499.86100000,1666490389110,False,True
39786430,15.65000000,11.68000000,182.79200000,1666490394291,False,True
39786431,15.65000000,3.19000000,49.92350000,1666490394291,False,True
39786432,15.65000000,3.30000000,51.64500000,1666490394291,False,True
39786433,15.65000000,2.91000000,45.54150000,1666490394291,False,True
39786434,15.65000000,23.06000000,360.88900000,1666490394323,False,True
39786435,15.65000000,17.16000000,268.55400000,1666490394342,False,True
39786436,15.65000000,6.07000000,94.99550000,1666490394822,False,True
39786437,15.65000000,14.98000000,234.43700000,1666490394971,False,True
39786438,15.65000000,3.76000000,58.84400000,1666490394971,False,True
39786439,15.66000000,13.20000000,206.71200000,1666490394971,False,True
39786440,15.66000000,6.38000000,99.91080000,1666490400635,False,True
39786441,15.65000000,3.19000000,49.92350000,1666490401617,True,True
39786442,15.65000000,36.29000000,567.93850000,1666490404506,True,True
39786443,15.65000000,15.56000000,243.51400000,1666490404506,True,True
39786444,15.66000000,0.76000000,11.90160000,1666490412535,False,True
39786445,15.66000000,1.26000000,19.73160000,1666490479262,False,True
39786446,15.66000000,3.30000000,51.67800000,1666490479262,False,True
39786447,15.66000000,0.86000000,13.46760000,1666490479285,True,True
39786448,15.66000000,62.51000000,978.90660000,1666490504613,True,True
39786449,15.66000000,44.92000000,703.44720000,1666490504613,True,True
39786450,15.66000000,128.67000000,2014.97220000,1666490504613,True,True
39786451,15.67000000,7.19000000,112.66730000,1666490597895,False,True
39786452,15.67000000,6.03000000,94.49010000,1666490598833,False,True
39786453,15.66000000,4.90000000,76.73400000,1666490622665,True,True
39786454,15.67000000,2.39000000,37.45130000,1666490635865,False,True
39786455,15.67000000,3.30000000,51.71100000,1666490636004,False,True
39786456,15.67000000,3.76000000,58.91920000,1666490636004,False,True
39786457,15.67000000,3.45000000,54.06150000,1666490636297,True,True
39786458,15.67000000,30.27000000,474.33090000,1666490776905,True,True
39786459,15.68000000,2.27000000,35.59360000,1666490882813,False,True
39786460,15.68000000,5.89000000,92.35520000,1666490882813,False,True
39786461,15.68000000,5.89000000,92.35520000,1666490882836,False,True
39786462,15.68000000,2.27000000,35.59360000,1666490882836,False,True
39786463,15.68000000,3.62000000,56.76160000,1666490882859,False,True
39786464,15.68000000,5.89000000,92.35520000,1666490882870,False,True
39786465,15.68000000,4.63000000,72.59840000,1666490883014,False,True
39786466,15.68000000,1.26000000,19.75680000,1666490883055,False,True
39786467,15.68000000,5.89000000,92.35520000,1666490883068,False,True
39786468,15.68000000,1.26000000,19.75680000,1666490883072,False,True
39786469,15.68000000,0.74000000,11.60320000,1666490883084,False,True
39786470,15.68000000,3.89000000,60.99520000,1666490883109,False,True
39786471,15.68000000,0.74000000,11.60320000,1666490883109,False,True
39786472,15.68000000,3.29000000,51.58720000,1666490883129,False,True
39786473,15.68000000,1.86000000,29.16480000,1666490883139,False,True
39786474,15.68000000,5.89000000,92.35520000,1666490883287,False,True
39786475,15.68000000,5.81000000,91.10080000,1666490883333,False,True
39786476,15.69000000,0.66000000,10.35540000,1666490917423,False,True
39786477,15.69000000,0.03000000,0.47070000,1666490919072,False,True
39786478,15.69000000,2.00000000,31.38000000,1666490919072,False,True
39786479,15.69000000,3.30000000,51.77700000,1666490919072,False,True
39786480,15.69000000,0.64000000,10.04160000,1666490919072,False,True
39786481,15.69000000,3.67000000,57.58230000,1666490919072,False,True
39786482,15.69000000,0.09000000,1.41210000,1666490919085,False,True
39786483,15.69000000,0.64000000,10.04160000,1666490919085,False,True
39786484,15.69000000,0.64000000,10.04160000,1666490919085,False,True
39786485,15.69000000,0.11000000,1.72590000,1666490919085,False,True
39786486,15.70000000,3.18000000,49.92600000,1666490919501,False,True
39786487,15.70000000,1.67000000,26.21900000,1666490919501,False,True
39786488,15.70000000,3.18000000,49.92600000,1666490919501,False,True
39786489,15.71000000,0.70000000,10.99700000,1666490919818,False,True
39786490,15.70000000,1.41000000,22.13700000,1666490921840,True,True
39786491,15.70000000,1.28000000,20.09600000,1666490921842,True,True
39786492,15.70000000,1.65000000,25.90500000,1666490921843,True,True
39786493,15.70000000,2.02000000,31.71400000,1666490921844,True,True
39786494,15.70000000,1.82000000,28.57400000,1666490923838,True,True
39786495,15.70000000,1.45000000,22.76500000,1666490923841,True,True
39786496,15.70000000,1.42000000,22.29400000,1666490923841,True,True
39786497,15.70000000,1.67000000,26.21900000,1666490923842,True,True
39786498,15.70000000,3.27000000,51.33900000,1666490925697,True,True
39786499,15.71000000,117.72000000,1849.38120000,1666490952008,False,True
39786500,15.71000000,0.91000000,14.29610000,1666490952008,False,True
39786501,15.71000000,1.29000000,20.26590000,1666490952008,False,True
39786502,15.71000000,6.37000000,100.07270000,1666490952008,False,True
39786503,15.71000000,10.00000000,157.10000000,1666490952008,False,True
39786504,15.71000000,37.48000000,588.81080000,1666490952008,False,True
39786505,15.71000000,3.30000000,51.84300000,1666490952008,False,True
39786506,15.72000000,226.69000000,3563.56680000,1666490952008,False,True
39786507,15.72000000,0.70000000,11.00400000,1666490952008,False,True
39786508,15.72000000,0.70000000,11.00400000,1666490952008,False,True
39786509,15.72000000,2.28000000,35.84160000,1666490952008,False,True
39786510,15.72000000,1.84000000,28.92480000,1666490952008,False,True
39786511,15.72000000,1.28000000,20.12160000,1666490952008,False,True
39786512,15.72000000,47.40000000,745.12800000,1666490952008,False,True
39786513,15.72000000,0.69000000,10.84680000,1666490981458,False,True
39786514,15.72000000,0.63000000,9.90360000,1666491004508,False,True
39786515,15.72000000,11.07000000,174.02040000,1666491009184,False,True
39786516,15.72000000,3.18000000,49.98960000,1666491009184,False,True
39786517,15.72000000,1.67000000,26.25240000,1666491009184,False,True
39786518,15.72000000,3.76000000,59.10720000,1666491009184,False,True
39786519,15.72000000,2.61000000,41.02920000,1666491009184,False,True
39786520,15.72000000,0.69000000,10.84680000,1666491009359,False,True
39786521,15.73000000,5.75000000,90.44750000,1666491058282,False,True
39786522,15.73000000,1.70000000,26.74100000,1666491058282,False,True
39786523,15.72000000,5.37000000,84.41640000,1666491081525,True,True
39786524,15.73000000,1.86000000,29.25780000,1666491128687,False,True
39786525,15.73000000,3.50000000,55.05500000,1666491128687,False,True
39786526,15.73000000,1.11000000,17.46030000,1666491128687,False,True
39786527,15.73000000,3.30000000,51.90900000,1666491128687,False,True
39786528,15.73000000,1.00000000,15.73000000,1666491129936,True,True
39786529,15.73000000,30.46000000,479.13580000,1666491175420,True,True
39786530,15.73000000,5.70000000,89.66100000,1666491175420,True,True
39786531,15.73000000,29.11000000,457.90030000,1666491175427,True,True
39786532,15.73000000,27.37000000,430.53010000,1666491175427,True,True
39786533,15.73000000,29.46000000,463.40580000,1666491175435,True,True
39786534,15.73000000,40.00000000,629.20000000,1666491175443,True,True
39786535,15.73000000,5.98000000,94.06540000,1666491175455,True,True
39786536,15.73000000,38.02000000,598.05460000,1666491175455,True,True
39786537,15.73000000,45.98000000,723.26540000,1666491175459,True,True
39786538,15.73000000,0.70000000,11.01100000,1666491175459,True,True
39786539,15.72000000,58.27000000,916.00440000,1666491175478,True,True
39786540,15.72000000,2.24000000,35.21280000,1666491175782,True,True
39786541,15.72000000,0.37000000,5.81640000,1666491176097,True,True
39786542,15.72000000,50.00000000,786.00000000,1666491176097,True,True
39786543,15.72000000,48.45000000,761.63400000,1666491176097,True,True
39786544,15.72000000,25.52000000,401.17440000,1666491176114,True,True
39786545,15.71000000,38.05000000,597.76550000,1666491176114,True,True
39786546,15.71000000,16.81000000,264.08510000,1666491243306,True,True
39786547,15.72000000,12.02000000,188.95440000,1666491303915,False,True
39786548,15.72000000,37.98000000,597.04560000,1666491303915,False,True
39786549,15.72000000,9.90000000,155.62800000,1666491337140,False,True
39786550,15.72000000,23.29000000,366.11880000,1666491337146,True,True
39786551,15.72000000,62.22000000,978.09840000,1666491337159,True,True
39786552,15.72000000,40.00000000,628.80000000,1666491359499,True,True
39786553,15.72000000,16.39000000,257.65080000,1666491359516,True,True
39786554,15.72000000,37.48000000,589.18560000,1666491359516,True,True
39786555,15.72000000,8.70000000,136.76400000,1666491359516,True,True
39786556,15.72000000,3.60000000,56.59200000,1666491359529,True,True
39786557,15.72000000,12.40000000,194.92800000,1666491359529,True,True
39786558,15.72000000,11.70000000,183.92400000,1666491359529,True,True
39786559,15.72000000,12.30000000,193.35600000,1666491359529,True,True
39786560,15.71000000,3.30000000,51.84300000,1666491368108,True,True
39786561,15.71000000,3.90000000,61.26900000,1666491368108,True,True
39786562,15.71000000,7.00000000,109.97000000,1666491368108,True,True
39786563,15.71000000,48.07000000,755.17970000,1666491368108,True,True
39786564,15.71000000,35.93000000,564.46030000,1666491368114,True,True
39786565,15.71000000,3.76000000,59.06960000,1666491368114,True,True
39786566,15.71000000,6.20000000,97.40200000,1666491368114,True,True
39786567,15.71000000,6.63000000,104.15730000,1666491368114,True,True
39786568,15.71000000,8.20000000,128.82200000,1666491436667,False,True
39786569,15.71000000,4.42000000,69.43820000,1666491436667,False,True
39786570,15.72000000,3.19000000,50.14680000,1666491455183,False,True
39786571,15.72000000,1.11000000,17.44920000,1666491455183,False,True
39786572,15.73000000,26.53000000,417.31690000,1666491475258,False,True
39786573,15.73000000,3.30000000,51.90900000,1666491475258,False,True
39786574,15.73000000,4.88000000,76.76240000,1666491475258,False,True
39786575,15.73000000,5.12000000,80.53760000,1666491475259,False,True
39786576,15.73000000,3.76000000,59.14480000,1666491475259,False,True
39786577,15.73000000,2.29000000,36.02170000,1666491475259,False,True
39786578,15.73000000,28.83000000,453.49590000,1666491475259,False,True
39786579,15.73000000,7.98000000,125.52540000,1666491475272,False,True
39786580,15.73000000,10.37000000,163.12010000,1666491475273,False,True
39786581,15.74000000,0.71000000,11.17540000,1666491477367,False,True
39786582,15.74000000,1.63000000,25.65620000,1666491477367,False,True
39786583,15.74000000,3.25000000,51.15500000,1666491477393,True,True
39786584,15.75000000,0.69000000,10.86750000,1666491483277,False,True
39786585,15.75000000,1.99000000,31.34250000,1666491483277,False,True
39786586,15.75000000,11.64000000,183.33000000,1666491483277,False,True
39786587,15.75000000,56.87000000,895.70250000,1666491483277,False,True
39786588,15.75000000,17.13000000,269.79750000,1666491494284,False,True
39786589,15.75000000,2.87000000,45.20250000,1666491494284,False,True
39786590,15.75000000,0.88000000,13.86000000,1666491494298,False,True
39786591,15.75000000,0.01000000,0.15750000,1666491494298,False,True
39786592,15.75000000,3.30000000,51.97500000,1666491494298,False,True
39786593,15.75000000,31.78000000,500.53500000,1666491494298,False,True
39786594,15.75000000,10.38000000,163.48500000,1666491494301,False,True
39786595,15.75000000,1.11000000,17.48250000,1666491494301,False,True
39786596,15.75000000,1.11000000,17.48250000,1666491494301,False,True
39786597,15.75000000,1.67000000,26.30250000,1666491494301,False,True
39786598,15.75000000,0.88000000,13.86000000,1666491494312,True,True
39786599,15.76000000,2.25000000,35.46000000,1666491497042,False,True
39786600,15.76000000,1.94000000,30.57440000,1666491497042,False,True
39786601,15.76000000,5.93000000,93.45680000,1666491497042,False,True
39786602,15.76000000,1.11000000,17.49360000,1666491497042,False,True
39786603,15.76000000,1.11000000,17.49360000,1666491497042,False,True
39786604,15.76000000,3.30000000,52.00800000,1666491497042,False,True
39786605,15.76000000,13.45000000,211.97200000,1666491497179,True,True
39786606,15.76000000,16.21000000,255.46960000,1666491497206,True,True
39786607,15.77000000,0.70000000,11.03900000,1666491499920,False,True
39786608,15.77000000,0.30000000,4.73100000,1666491499920,False,True
39786609,15.76000000,42.24000000,665.70240000,1666491502232,True,True
39786610,15.76000000,11.70000000,184.39200000,1666491502232,True,True
39786611,15.76000000,12.30000000,193.84800000,1666491502232,True,True
39786612,15.76000000,6.20000000,97.71200000,1666491502232,True,True
39786613,15.76000000,12.30000000,193.84800000,1666491502232,True,True
39786614,15.76000000,6.20000000,97.71200000,1666491502232,True,True
39786615,15.76000000,2.22000000,34.98720000,1666491502232,True,True
39786616,15.76000000,2.20000000,34.67200000,1666491502232,True,True
39786617,15.76000000,88.43000000,1393.65680000,1666491502232,True,True
39786618,15.76000000,5.35000000,84.31600000,1666491502244,True,True
39786619,15.75000000,26.00000000,409.50000000,1666491503077,True,True
39786620,15.76000000,3.76000000,59.25760000,1666491504858,False,True
39786621,15.77000000,0.40000000,6.30800000,1666491512027,False,True
39786622,15.77000000,1.83000000,28.85910000,1666491512027,False,True
39786623,15.77000000,1.29000000,20.34330000,1666491512027,False,True
39786624,15.77000000,0.70000000,11.03900000,1666491512027,False,True
39786625,15.77000000,0.76000000,11.98520000,1666491512027,False,True
39786626,15.77000000,0.71000000,11.19670000,1666491512027,False,True
39786627,15.77000000,5.93000000,93.51610000,1666491512027,False,True
39786628,15.77000000,3.30000000,52.04100000,1666491512027,False,True
39786629,15.77000000,4.42000000,69.70340000,1666491512027,False,True
39786630,15.77000000,26.00000000,410.02000000,1666491512027,False,True
39786631,15.77000000,3.76000000,59.29520000,1666491512027,False,True
39786632,15.77000000,212.09000000,3344.65930000,1666491512027,False,True
39786633,15.77000000,8.91000000,140.51070000,1666491512073,True,True
39786634,15.77000000,11.93000000,188.13610000,1666491512190,True,True
39786635,15.77000000,3.91000000,61.66070000,1666491512190,True,True
39786636,15.78000000,0.97000000,15.30660000,1666491512870,False,True
39786637,15.78000000,29.03000000,458.09340000,1666491513210,False,True
39786638,15.78000000,7.93000000,125.13540000,1666491513210,False,True
39786639,15.78000000,0.83000000,13.09740000,1666491513210,False,True
39786640,15.78000000,0.69000000,10.88820000,1666491513210,False,True
39786641,15.78000000,3.17000000,50.02260000,1666491513210,False,True
39786642,15.78000000,1.66000000,26.19480000,1666491513210,False,True
39786643,15.78000000,3.17000000,50.02260000,1666491513210,False,True
39786644,15.78000000,2.22000000,35.03160000,1666491513210,False,True
39786645,15.78000000,11.89000000,187.62420000,1666491513210,False,True
39786646,15.78000000,212.09000000,3346.78020000,1666491513210,False,True
39786647,15.78000000,2.54000000,40.08120000,1666491513365,False,True
39786648,15.78000000,17.97000000,283.56660000,1666491513521,False,True
39786649,15.78000000,11.47000000,180.99660000,1666491513540,False,True
39786650,15.78000000,3.23000000,50.96940000,1666491513556,True,True
39786651,15.78000000,17.28000000,272.67840000,1666491513860,True,True
39786652,15.78000000,21.29000000,335.95620000,1666491513860,True,True
39786653,15.78000000,40.23000000,634.82940000,1666491513895,True,True
39786654,15.78000000,30.46000000,480.65880000,1666491519431,False,True
39786655,15.78000000,5.31000000,83.79180000,1666491519431,False,True
39786656,15.78000000,3.14000000,49.54920000,1666491519570,False,True
39786657,15.79000000,5.73000000,90.47670000,1666491522238,False,True
39786658,15.79000000,1.28000000,20.21120000,1666491522238,False,True
39786659,15.79000000,90.09000000,1422.52110000,1666491522238,False,True
39786660,15.79000000,10.00000000,157.90000000,1666491522238,False,True
39786661,15.79000000,54.37000000,858.50230000,1666491522238,False,True
39786662,15.79000000,2.01000000,31.73790000,1666491522238,False,True
39786663,15.79000000,41.07000000,648.49530000,1666491522243,False,True
39786664,15.79000000,3.30000000,52.10700000,1666491522243,False,True
39786665,15.79000000,3.76000000,59.37040000,1666491522243,False,True
39786666,15.79000000,84.00000000,1326.36000000,1666491522243,False,True
39786667,15.79000000,21.21000000,334.90590000,1666491522243,False,True
39786668,15.79000000,66.66000000,1052.56140000,1666491522243,False,True
39786669,15.79000000,7.97000000,125.84630000,1666491522291,False,True
39786670,15.79000000,6.27000000,99.00330000,1666491522294,False,True
39786671,15.79000000,32.53000000,513.64870000,1666491522305,False,True
39786672,15.79000000,20.00000000,315.80000000,1666491522305,False,True
39786673,15.79000000,9.50000000,150.00500000,1666491522313,False,True
39786674,15.79000000,114.97000000,1815.37630000,1666491522317,False,True
39786675,15.79000000,8.39000000,132.47810000,1666491522411,True,True
39786676,15.79000000,15.23000000,240.48170000,1666491522698,True,True
39786677,15.80000000,0.66000000,10.42800000,1666491524930,False,True
39786678,15.80000000,4.21000000,66.51800000,1666491524930,False,True
39786679,15.80000000,10.02000000,158.31600000,1666491524930,False,True
39786680,15.79000000,46.92000000,740.86680000,1666491528242,True,True
39786681,15.79000000,3.93000000,62.05470000,1666491528242,True,True
39786682,15.79000000,12.30000000,194.21700000,1666491528242,True,True
39786683,15.79000000,6.20000000,97.89800000,1666491528242,True,True
39786684,15.79000000,11.70000000,184.74300000,1666491528242,True,True
39786685,15.79000000,12.30000000,194.21700000,1666491528242,True,True
39786686,15.79000000,88.34000000,1394.88860000,1666491528242,True,True
39786687,15.79000000,38.90000000,614.23100000,1666491528242,True,True
39786688,15.79000000,7.94000000,125.37260000,1666491528255,True,True
39786689,15.79000000,4.45000000,70.26550000,1666491528255,True,True
39786690,15.79000000,66.66000000,1052.56140000,1666491528255,True,True
39786691,15.79000000,3.56000000,56.21240000,1666491528300,False,True
39786692,15.78000000,0.99000000,15.62220000,1666491531534,True,True
39786693,15.78000000,1.08000000,17.04240000,1666491538338,True,True
39786694,15.78000000,0.15000000,2.36700000,1666491539084,True,True
39786695,15.78000000,0.93000000,14.67540000,1666491539084,True,True
39786696,15.79000000,7.94000000,125.37260000,1666491539427,False,True
39786697,15.79000000,2.23000000,35.21170000,1666491539427,False,True
39786698,15.79000000,38.90000000,614.23100000,1666491539427,False,True
39786699,15.79000000,73.54000000,1161.19660000,1666491539427,False,True
39786700,15.79000000,10.46000000,165.16340000,1666491539431,False,True
39786701,15.79000000,1.08000000,17.05320000,1666491539786,True,True
39786702,15.80000000,15.77000000,249.16600000,1666491540310,False,True
39786703,15.80000000,2.25000000,35.55000000,1666491540310,False,True
39786704,15.80000000,0.91000000,14.37800000,1666491540310,False,True
39786705,15.80000000,1.63000000,25.75400000,1666491540310,False,True
39786706,15.80000000,0.72000000,11.37600000,1666491540310,False,True
39786707,15.80000000,1.00000000,15.80000000,1666491540310,False,True
39786708,15.80000000,1.98000000,31.28400000,1666491540310,False,True
39786709,15.80000000,0.97000000,15.32600000,1666491540310,False,True
39786710,15.80000000,12.00000000,189.60000000,1666491540310,False,True
39786711,15.80000000,1.72000000,27.17600000,1666491540310,False,True
39786712,15.80000000,3.30000000,52.14000000,1666491540310,False,True
39786713,15.80000000,3.76000000,59.40800000,1666491540310,False,True
39786714,15.80000000,13.95000000,220.41000000,1666491540385,True,True
39786715,15.81000000,0.69000000,10.90890000,1666491542421,False,True
39786716,15.81000000,0.14000000,2.21340000,1666491542421,False,True
39786717,15.80000000,16.51000000,260.85800000,1666491542421,True,True
39786718,15.80000000,48.49000000,766.14200000,1666491542421,True,True
39786719,15.81000000,3.40000000,53.75400000,1666491542421,False,True
39786720,15.81000000,1.01000000,15.96810000,1666491542421,False,True
39786721,15.81000000,1.27000000,20.07870000,1666491542421,False,True
39786722,15.81000000,1.08000000,17.07480000,1666491542421,False,True
39786723,15.80000000,0.41000000,6.47800000,1666491542682,True,True
39786724,15.80000000,0.29000000,4.58200000,1666491542682,True,True
39786725,15.81000000,0.47000000,7.43070000,1666491542956,False,True
39786726,15.81000000,0.78000000,12.33180000,1666491542956,False,True
39786727,15.81000000,58.75000000,928.83750000,1666491542956,False,True
39786728,15.81000000,22.45000000,354.93450000,1666491542959,False,True
39786729,15.81000000,68.21000000,1078.40010000,1666491542960,False,True
39786730,15.81000000,12.59000000,199.04790000,1666491542960,False,True
39786731,15.81000000,3.05000000,48.22050000,1666491542971,False,True
39786732,15.82000000,0.70000000,11.07400000,1666491543476,False,True
39786733,15.82000000,0.70000000,11.07400000,1666491543476,False,True
39786734,15.82000000,1.82000000,28.79240000,1666491543476,False,True
39786735,15.82000000,0.71000000,11.23220000,1666491543476,False,True
39786736,15.82000000,2.12000000,33.53840000,1666491543476,False,True
39786737,15.82000000,8.29000000,131.14780000,1666491543599,False,True
39786738,15.81000000,3.15000000,49.80150000,1666491544596,True,True
39786739,15.81000000,2.21000000,34.94010000,1666491544596,True,True
39786740,15.81000000,13.31000000,210.43110000,1666491544596,True,True
39786741,15.81000000,28.62000000,452.48220000,1666491544603,True,True
39786742,15.81000000,47.77000000,755.24370000,1666491544603,True,True
39786743,15.81000000,6.20000000,98.02200000,1666491544603,True,True
39786744,15.81000000,66.63000000,1053.42030000,1666491544603,True,True
39786745,15.81000000,50.98000000,805.99380000,1666491544603,True,True
39786746,15.81000000,46.84000000,740.54040000,1666491544603,True,True
39786747,15.81000000,1.00000000,15.81000000,1666491550996,False,True
39786748,15.81000000,1.09000000,17.23290000,1666491552993,False,True
39786749,15.81000000,6.20000000,98.02200000,1666491554022,True,True
39786750,15.81000000,19.05000000,301.18050000,1666491554022,True,True
39786751,15.81000000,0.96000000,15.17760000,1666491555206,True,True
39786752,15.81000000,10.00000000,158.10000000,1666491555520,False,True
39786753,15.81000000,3.30000000,52.17300000,1666491558535,False,True
39786754,15.82000000,19.59000000,309.91380000,1666491564756,False,True
39786755,15.82000000,0.71000000,11.23220000,1666491564756,False,True
39786756,15.82000000,0.96000000,15.18720000,1666491564756,False,True
39786757,15.82000000,0.83000000,13.13060000,1666491564756,False,True
39786758,15.82000000,0.75000000,11.86500000,1666491564756,False,True
39786759,15.82000000,5.06000000,80.04920000,1666491564756,False,True
39786760,15.82000000,0.62000000,9.80840000,1666491564756,False,True
39786761,15.82000000,12.17000000,192.52940000,1666491564764,False,True
39786762,15.82000000,47.35000000,749.07700000,1666491564764,False,True
39786763,15.82000000,3.76000000,59.48320000,1666491564764,False,True
39786764,15.82000000,3.30000000,52.20600000,1666491564764,False,True
39786765,15.82000000,3.98000000,62.96360000,1666491571509,True,True
39786766,15.81000000,0.72000000,11.38320000,1666491573049,True,True
39786767,15.81000000,1.50000000,23.71500000,1666491573227,True,True
39786768,15.81000000,11.19000000,176.91390000,1666491573227,True,True
39786769,15.81000000,3.99000000,63.08190000,1666491573227,True,True
39786770,15.81000000,46.99000000,742.91190000,1666491573227,True,True
39786771,15.81000000,41.51000000,656.27310000,1666491573239,True,True
39786772,15.80000000,196.25000000,3100.75000000,1666491579590,True,True
39786773,15.80000000,11.19000000,176.80200000,1666491579590,True,True
39786774,15.80000000,12.80000000,202.24000000,1666491579590,True,True
39786775,15.80000000,3.30000000,52.14000000,1666491579590,True,True
39786776,15.80000000,3.76000000,59.40800000,1666491579590,True,True
39786777,15.80000000,182.86000000,2889.18800000,1666491579590,True,True
39786778,15.80000000,29.23000000,461.83400000,1666491579595,True,True
39786779,15.80000000,3.93000000,62.09400000,1666491579595,True,True
39786780,15.80000000,1.09000000,17.22200000,1666491579595,True,True
39786781,15.80000000,1.09000000,17.22200000,1666491579595,True,True
39786782,15.80000000,1.09000000,17.22200000,1666491579595,True,True
39786783,15.80000000,1.09000000,17.22200000,1666491579595,True,True
39786784,15.79000000,11.19000000,176.69010000,1666491579631,True,True
39786785,15.79000000,12.80000000,202.11200000,1666491579631,True,True
39786786,15.79000000,40.46000000,638.86340000,1666491579631,True,True
39786787,15.79000000,1.66000000,26.21140000,1666491579631,True,True
39786788,15.79000000,6.00000000,94.74000000,1666491579631,True,True
39786789,15.79000000,136.33000000,2152.65070000,1666491579631,True,True
39786790,15.79000000,44.02000000,695.07580000,1666491579631,True,True
39786791,15.79000000,1.49000000,23.52710000,1666491579631,True,True
39786792,15.79000000,2.56000000,40.42240000,1666491579638,True,True
39786793,15.79000000,26.00000000,410.54000000,1666491579638,True,True
39786794,15.79000000,69.30000000,1094.24700000,1666491579638,True,True
39786795,15.79000000,82.14000000,1296.99060000,1666491579638,True,True
39786796,15.79000000,4.39000000,69.31810000,1666491579644,True,True
39786797,15.79000000,7.94000000,125.37260000,1666491579660,False,True
39786798,15.79000000,8.16000000,128.84640000,1666491579660,False,True
39786799,15.79000000,54.20000000,855.81800000,1666491579667,False,True
39786800,15.79000000,39.00000000,615.81000000,1666491579692,False,True
39786801,15.78000000,12.80000000,201.98400000,1666491580135,True,True
39786802,15.78000000,11.19000000,176.57820000,1666491580135,True,True
39786803,15.78000000,4.80000000,75.74400000,1666491580135,True,True
39786804,15.78000000,0.91000000,14.35980000,1666491580135,True,True
39786805,15.78000000,4.39000000,69.27420000,1666491580135,True,True
39786806,15.77000000,0.70000000,11.03900000,1666491582957,True,True
39786807,15.77000000,0.70000000,11.03900000,1666491582957,True,True
39786808,15.77000000,9.14000000,144.13780000,1666491582957,True,True
39786809,15.77000000,60.00000000,946.20000000,1666491584050,True,True
39786810,15.77000000,200.00000000,3154.00000000,1666491584060,True,True
39786811,15.77000000,104.34000000,1645.44180000,1666491584071,True,True
39786812,15.77000000,11.09000000,174.88930000,1666491584271,True,True
39786813,15.77000000,20.79000000,327.85830000,1666491584437,True,True
39786814,15.77000000,1.47000000,23.18190000,1666491584484,True,True
39786815,15.77000000,44.89000000,707.91530000,1666491584493,True,True
39786816,15.77000000,66.58000000,1049.96660000,1666491584494,True,True
39786817,15.77000000,30.46000000,480.35420000,1666491584503,True,True
39786818,15.77000000,3.05000000,48.09850000,1666491584504,True,True
39786819,15.77000000,44.00000000,693.88000000,1666491584505,True,True
39786820,15.77000000,24.93000000,393.14610000,1666491584694,True,True
39786821,15.77000000,12.74000000,200.90980000,1666491584718,True,True
39786822,15.77000000,2.20000000,34.69400000,1666491591084,False,True
39786823,15.77000000,28.27000000,445.81790000,1666491591084,False,True
39786824,15.77000000,18.57000000,292.84890000,1666491591098,False,True
39786825,15.77000000,196.54000000,3099.43580000,1666491591098,False,True
39786826,15.77000000,12.78000000,201.54060000,1666491591098,False,True
39786827,15.77000000,0.92000000,14.50840000,1666491591098,False,True
39786828,15.77000000,1.59000000,25.07430000,1666491591110,True,True
39786829,15.78000000,20.37000000,321.43860000,1666491591141,False,True
39786830,15.78000000,4.45000000,70.22100000,1666491591152,False,True
39786831,15.78000000,84.00000000,1325.52000000,1666491591152,False,True
39786832,15.78000000,9.91000000,156.37980000,1666491591152,False,True
39786833,15.78000000,3.30000000,52.07400000,1666491591152,False,True
39786834,15.78000000,3.76000000,59.33280000,1666491591152,False,True
39786835,15.78000000,20.00000000,315.60000000,1666491591152,False,True
39786836,15.78000000,3.17000000,50.02260000,1666491591152,False,True
39786837,15.78000000,1.66000000,26.19480000,1666491591152,False,True
39786838,15.78000000,65.48000000,1033.27440000,1666491591152,False,True
39786839,15.78000000,12.30000000,194.09400000,1666491591152,False,True
39786840,15.78000000,65.48000000,1033.27440000,1666491591152,False,True
39786841,15.79000000,12.30000000,194.21700000,1666491598063,False,True
39786842,15.79000000,3.30000000,52.10700000,1666491598063,False,True
39786843,15.79000000,3.76000000,59.37040000,1666491598063,False,True
39786844,15.79000000,67.21000000,1061.24590000,1666491599521,True,True
39786845,15.79000000,35.95000000,567.65050000,1666491600734,False,True
39786846,15.79000000,30.46000000,480.96340000,1666491601110,True,True
39786847,15.79000000,2.59000000,40.89610000,1666491601110,True,True
39786848,15.79000000,35.95000000,567.65050000,1666491605902,True,True
39786849,15.79000000,55.09000000,869.87110000,1666491605902,True,True
39786850,15.79000000,9.35000000,147.63650000,1666491605987,False,True
39786851,15.79000000,16.32000000,257.69280000,1666491606012,False,True
39786852,15.79000000,54.62000000,862.44980000,1666491617174,True,True
39786853,15.79000000,196.54000000,3103.36660000,1666491617174,True,True
39786854,15.79000000,13.98000000,220.74420000,1666491617174,True,True
39786855,15.79000000,88.42000000,1396.15180000,1666491617174,True,True
39786856,15.79000000,8.56000000,135.16240000,1666491617192,True,True
39786857,15.79000000,8.56000000,135.16240000,1666491617197,True,True
39786858,15.78000000,0.82000000,12.93960000,1666491617903,True,True
39786859,15.78000000,3.03000000,47.81340000,1666491619356,True,True
39786860,15.78000000,2.22000000,35.03160000,1666491619356,True,True
39786861,15.77000000,3.19000000,50.30630000,1666491629624,True,True
39786862,15.78000000,6.80000000,107.30400000,1666491632097,True,True
39786863,15.78000000,8.56000000,135.07680000,1666491656842,True,True
39786864,15.78000000,2.21000000,34.87380000,1666491656842,True,True
39786865,15.78000000,88.43000000,1395.42540000,1666491656842,True,True
39786866,15.77000000,11.19000000,176.46630000,1666491660261,True,True
39786867,15.77000000,12.80000000,201.85600000,1666491660261,True,True
39786868,15.77000000,3.76000000,59.29520000,1666491660261,True,True
39786869,15.77000000,3.30000000,52.04100000,1666491660261,True,True
39786870,15.77000000,14.86000000,234.34220000,1666491660261,True,True
39786871,15.77000000,50.50000000,796.38500000,1666491663261,True,True
39786872,15.77000000,4.56000000,71.91120000,1666491663261,True,True
39786873,15.77000000,4.19000000,66.07630000,1666491663321,False,True
39786874,15.77000000,19.10000000,301.20700000,1666491703489,False,True
39786875,15.77000000,44.98000000,709.33460000,1666491703489,False,True
39786876,15.77000000,1.86000000,29.33220000,1666491706152,False,True
39786877,15.77000000,11.38000000,179.46260000,1666491706152,False,True
39786878,15.77000000,66.68000000,1051.54360000,1666491706152,False,True
39786879,15.77000000,2.24000000,35.32480000,1666491706152,False,True
39786880,15.77000000,3.74000000,58.97980000,1666491715065,True,True
39786881,15.77000000,19.55000000,308.30350000,1666491718863,True,True
39786882,15.77000000,342.54000000,5401.85580000,1666491718863,True,True
39786883,15.77000000,53.87000000,849.52990000,1666491718863,True,True
39786884,15.76000000,2.53000000,39.87280000,1666491719042,True,True
39786885,15.76000000,12.80000000,201.72800000,1666491719042,True,True
39786886,15.76000000,0.92000000,14.49920000,1666491719042,True,True
39786887,15.76000000,11.19000000,176.35440000,1666491719042,True,True
39786888,15.76000000,3.30000000,52.00800000,1666491719042,True,True
39786889,15.76000000,3.76000000,59.25760000,1666491719042,True,True
39786890,15.76000000,39.89000000,628.66640000,1666491719042,True,True
39786891,15.76000000,12.32000000,194.16320000,1666491719915,False,True
39786892,15.77000000,3.80000000,59.92600000,1666491721849,False,True
39786893,15.77000000,52.35000000,825.55950000,1666491721856,False,True
39786894,15.77000000,10.56000000,166.53120000,1666491721856,False,True
39786895,15.77000000,64.90000000,1023.47300000,1666491721856,False,True
39786896,15.77000000,30.00000000,473.10000000,1666491721856,False,True
39786897,15.77000000,12.32000000,194.28640000,1666491721856,False,True
39786898,15.77000000,1.11000000,17.50470000,1666491721856,False,True
39786899,15.77000000,2.20000000,34.69400000,1666491736929,False,True
39786900,15.77000000,37.80000000,596.10600000,1666491736929,False,True
39786901,15.77000000,40.97000000,646.09690000,1666491736934,False,True
39786902,15.77000000,66.63000000,1050.75510000,1666491736934,False,True
39786903,15.77000000,0.92000000,14.50840000,1666491736934,False,True
39786904,15.77000000,37.81000000,596.26370000,1666491736934,False,True
39786905,15.78000000,2.21000000,34.87380000,1666491739396,False,True
39786906,15.78000000,66.71000000,1052.68380000,1666491739396,False,True
39786907,15.78000000,83.80000000,1322.36400000,1666491739396,False,True
39786908,15.78000000,17.14000000,270.46920000,1666491739396,False,True
39786909,15.78000000,2.53000000,39.92340000,1666491739396,False,True
39786910,15.78000000,3.76000000,59.33280000,1666491739396,False,True
39786911,15.78000000,3.30000000,52.07400000,1666491739396,False,True
39786912,15.78000000,39.67000000,625.99260000,1666491739396,False,True
39786913,15.79000000,36.18000000,571.28220000,1666491739396,False,True
39786914,15.79000000,2.22000000,35.05380000,1666491739396,False,True
39786915,15.79000000,30.52000000,481.91080000,1666491739396,False,True
39786916,15.79000000,49.61000000,783.34190000,1666491739396,False,True
39786917,15.79000000,1.66000000,26.21140000,1666491739396,False,True
39786918,15.79000000,95.18000000,1502.89220000,1666491739396,False,True
39786919,15.79000000,3.16000000,49.89640000,1666491739396,False,True
39786920,15.79000000,14.83000000,234.16570000,1666491739396,False,True
39786921,15.79000000,11.84000000,186.95360000,1666491739401,False,True
39786922,15.79000000,46.88000000,740.23520000,1666491739401,False,True
39786923,15.79000000,75.12000000,1186.14480000,1666491739402,False,True
39786924,15.79000000,20.00000000,315.80000000,1666491739402,False,True
39786925,15.79000000,2.53000000,39.94870000,1666491739402,False,True
39786926,15.80000000,1.00000000,15.80000000,1666491739406,False,True
39786927,15.80000000,1.00000000,15.80000000,1666491739409,False,True
39786928,15.80000000,153.04000000,2418.03200000,1666491739426,False,True
39786929,15.80000000,6.00000000,94.80000000,1666491739429,False,True
39786930,15.80000000,241.13000000,3809.85400000,1666491739430,False,True
39786931,15.80000000,90.98000000,1437.48400000,1666491739430,False,True
39786932,15.80000000,44.00000000,695.20000000,1666491739439,False,True
39786933,15.80000000,98.33000000,1553.61400000,1666491739448,False,True
39786934,15.80000000,45.27000000,715.26600000,1666491739448,False,True
39786935,15.80000000,11.19000000,176.80200000,1666491739448,False,True
39786936,15.80000000,12.80000000,202.24000000,1666491739448,False,True
39786937,15.80000000,9.97000000,157.52600000,1666491739448,False,True
39786938,15.80000000,4.11000000,64.93800000,1666491739448,False,True
39786939,15.80000000,69.30000000,1094.94000000,1666491739448,False,True
39786940,15.80000000,9.91000000,156.57800000,1666491739448,False,True
39786941,15.80000000,20.00000000,316.00000000,1666491739448,False,True
39786942,15.80000000,81.13000000,1281.85400000,1666491739448,False,True
39786943,15.80000000,6.67000000,105.38600000,1666491739599,True,True
39786944,15.80000000,5.98000000,94.48400000,1666491739599,True,True
39786945,15.81000000,10.49000000,165.84690000,1666491739906,False,True
39786946,15.81000000,5.85000000,92.48850000,1666491739911,False,True
39786947,15.81000000,4.39000000,69.40590000,1666491739911,False,True
39786948,15.81000000,6.51000000,102.92310000,1666491739982,False,True
39786949,15.81000000,0.29000000,4.58490000,1666491740063,False,True
39786950,15.81000000,6.05000000,95.65050000,1666491740063,False,True
39786951,15.81000000,6.75000000,106.71750000,1666491740392,False,True
39786952,15.81000000,30.00000000,474.30000000,1666491740392,False,True
39786953,15.81000000,23.27000000,367.89870000,1666491740392,False,True
39786954,15.81000000,3.16000000,49.95960000,1666491740392,False,True
39786955,15.81000000,2.23000000,35.25630000,1666491740416,False,True
39786956,15.82000000,0.70000000,11.07400000,1666491740544,False,True
39786957,15.82000000,0.70000000,11.07400000,1666491740544,False,True
39786958,15.82000000,11.19000000,177.02580000,1666491740544,False,True
39786959,15.82000000,12.31000000,194.74420000,1666491740544,False,True
39786960,15.82000000,0.49000000,7.75180000,1666491740584,False,True
39786961,15.82000000,29.57000000,467.79740000,1666491740584,False,True
39786962,15.82000000,28.90000000,457.19800000,1666491740584,False,True
39786963,15.81000000,4.02000000,63.55620000,1666491741049,True,True
39786964,15.81000000,2.24000000,35.41440000,1666491741049,True,True
39786965,15.81000000,43.74000000,691.52940000,1666491741049,True,True
39786966,15.82000000,23.06000000,364.80920000,1666491746338,False,True
39786967,15.82000000,144.58000000,2287.25560000,1666491746350,False,True
39786968,15.82000000,23.44000000,370.82080000,1666491746350,False,True
39786969,15.82000000,75.22000000,1189.98040000,1666491746350,False,True
39786970,15.83000000,1.28000000,20.26240000,1666491755843,False,True
39786971,15.83000000,1.93000000,30.55190000,1666491755843,False,True
39786972,15.83000000,1.92000000,30.39360000,1666491755843,False,True
39786973,15.83000000,0.78000000,12.34740000,1666491755843,False,True
39786974,15.83000000,1.28000000,20.26240000,1666491755843,False,True
39786975,15.83000000,1.85000000,29.28550000,1666491755843,False,True
39786976,15.83000000,3.63000000,57.46290000,1666491755843,False,True
39786977,15.83000000,4.60000000,72.81800000,1666491755843,False,True
39786978,15.83000000,0.69000000,10.92270000,1666491755843,False,True
39786979,15.83000000,3.30000000,52.23900000,1666491755843,False,True
39786980,15.83000000,3.76000000,59.52080000,1666491755843,False,True
39786981,15.83000000,43.66000000,691.13780000,1666491757716,True,True
39786982,15.83000000,63.71000000,1008.52930000,1666491757716,True,True
39786983,15.83000000,88.06000000,1393.98980000,1666491757716,True,True
39786984,15.83000000,2.19000000,34.66770000,1666491757716,True,True
39786985,15.83000000,64.30000000,1017.86900000,1666491757716,True,True
39786986,15.83000000,27.69000000,438.33270000,1666491757716,True,True
39786987,15.82000000,198.06000000,3133.30920000,1666491757729,True,True
