39356823,17.44000000,1.81000000,31.56640000,1664928017595,False,True
39356824,17.44000000,2.29000000,39.93760000,1664928019022,False,True
39356825,17.44000000,49.16000000,857.35040000,1664928023425,False,True
39356826,17.44000000,0.91000000,15.87040000,1664928032256,False,True
39356827,17.44000000,2.29000000,39.93760000,1664928067189,True,True
39356828,17.43000000,0.60000000,10.45800000,1664928162667,True,True
39356829,17.43000000,3.30000000,57.51900000,1664928162667,True,True
39356830,17.43000000,51.30000000,894.15900000,1664928162667,True,True
39356831,17.43000000,23.33000000,406.64190000,1664928163205,True,True
39356832,17.44000000,1.02000000,17.78880000,1664928187756,True,True
39356833,17.43000000,2.29000000,39.91470000,1664928241759,True,True
39356834,17.44000000,72.27000000,1260.38880000,1664928249245,False,True
39356835,17.44000000,40.03000000,698.12320000,1664928249245,False,True
39356836,17.44000000,2.29000000,39.93760000,1664928249505,True,True
39356837,17.43000000,36.12000000,629.57160000,1664928251709,True,True
39356838,17.44000000,13.72000000,239.27680000,1664928256462,False,True
39356839,17.44000000,21.92000000,382.28480000,1664928256462,False,True
39356840,17.45000000,5.85000000,102.08250000,1664928256462,False,True
39356841,17.45000000,5.89000000,102.78050000,1664928256462,False,True
39356842,17.45000000,1.65000000,28.79250000,1664928256462,False,True
39356843,17.45000000,4.23000000,73.81350000,1664928256465,False,True
39356844,17.45000000,5.77000000,100.68650000,1664928256465,False,True
39356845,17.45000000,25.10000000,437.99500000,1664928256591,False,True
39356846,17.45000000,1.46000000,25.47700000,1664928256670,False,True
39356847,17.45000000,23.44000000,409.02800000,1664928256670,False,True
39356848,17.46000000,14.31000000,249.85260000,1664928286957,False,True
39356849,17.46000000,3.08000000,53.77680000,1664928291800,False,True
39356850,17.45000000,29.50000000,514.77500000,1664928325566,True,True
39356851,17.45000000,31.78000000,554.56100000,1664928327724,True,True
39356852,17.45000000,4.66000000,81.31700000,1664928332132,True,True
39356853,17.45000000,4.66000000,81.31700000,1664928332678,True,True
39356854,17.45000000,20.18000000,352.14100000,1664928332902,True,True
39356855,17.46000000,1.16000000,20.25360000,1664928386120,False,True
39356856,17.45000000,0.88000000,15.35600000,1664928419703,True,True
39356857,17.45000000,2.28000000,39.78600000,1664928423622,True,True
39356858,17.44000000,44.46000000,775.38240000,1664928440562,True,True
39356859,17.44000000,16.50000000,287.76000000,1664928449616,False,True
39356860,17.44000000,5.66000000,98.71040000,1664928467296,False,True
39356861,17.44000000,19.47000000,339.55680000,1664928467304,False,True
39356862,17.44000000,22.96000000,400.42240000,1664928467304,False,True
39356863,17.44000000,27.66000000,482.39040000,1664928467304,False,True
39356864,17.44000000,22.96000000,400.42240000,1664928467319,False,True
39356865,17.44000000,22.96000000,400.42240000,1664928467600,False,True
39356866,17.44000000,3.43000000,59.81920000,1664928468121,False,True
39356867,17.43000000,14.44000000,251.68920000,1664928469468,True,True
39356868,17.44000000,12.72000000,221.83680000,1664928495125,False,True
39356869,17.44000000,6.81000000,118.76640000,1664928497122,False,True
39356870,17.44000000,22.30000000,388.91200000,1664928497122,False,True
39356871,17.44000000,22.96000000,400.42240000,1664928555539,False,True
39356872,17.44000000,0.01000000,0.17440000,1664928555539,False,True
39356873,17.44000000,7.03000000,122.60320000,1664928555622,True,True
39356874,17.44000000,2.24000000,39.06560000,1664928555673,True,True
39356875,17.44000000,44.46000000,775.38240000,1664928556373,True,True
39356876,17.43000000,51.86000000,903.91980000,1664928558558,True,True
39356877,17.43000000,3.30000000,57.51900000,1664928558558,True,True
39356878,17.43000000,15.00000000,261.45000000,1664928558558,True,True
39356879,17.43000000,2.59000000,45.14370000,1664928558558,True,True
39356880,17.43000000,2.67000000,46.53810000,1664928560194,False,True
39356881,17.43000000,18.31000000,319.14330000,1664928589452,False,True
39356882,17.44000000,22.72000000,396.23680000,1664928602098,False,True
39356883,17.44000000,8.98000000,156.61120000,1664928602126,False,True
39356884,17.44000000,9.29000000,162.01760000,1664928602133,False,True
39356885,17.44000000,7.59000000,132.36960000,1664928602241,True,True
39356886,17.44000000,3.72000000,64.87680000,1664928612793,True,True
39356887,17.44000000,0.69000000,12.03360000,1664928612798,True,True
39356888,17.44000000,23.01000000,401.29440000,1664928623121,True,True
39356889,17.45000000,0.78000000,13.61100000,1664928644199,False,True
39356890,17.45000000,2.52000000,43.97400000,1664928645097,False,True
39356891,17.45000000,9.25000000,161.41250000,1664928645097,False,True
39356892,17.45000000,2.59000000,45.19550000,1664928645097,False,True
39356893,17.45000000,35.77000000,624.18650000,1664928645097,False,True
39356894,17.46000000,0.61000000,10.65060000,1664928645302,False,True
39356895,17.46000000,2.86000000,49.93560000,1664928678504,False,True
39356896,17.46000000,6.93000000,120.99780000,1664928678504,False,True
39356897,17.46000000,3.30000000,57.61800000,1664928678504,False,True
39356898,17.46000000,2.59000000,45.22140000,1664928678504,False,True
39356899,17.46000000,10.05000000,175.47300000,1664928678504,False,True
39356900,17.47000000,0.69000000,12.05430000,1664928678504,False,True
39356901,17.47000000,0.69000000,12.05430000,1664928678504,False,True
39356902,17.47000000,3.27000000,57.12690000,1664928678504,False,True
39356903,17.47000000,21.31000000,372.28570000,1664928678504,False,True
39356904,17.46000000,2.70000000,47.14200000,1664928703266,False,True
39356905,17.46000000,47.30000000,825.85800000,1664928703266,False,True
39356906,17.46000000,6.99000000,122.04540000,1664928717717,False,True
39356907,17.46000000,0.74000000,12.92040000,1664928723076,False,True
39356908,17.45000000,5.79000000,101.03550000,1664928793391,False,True
39356909,17.45000000,0.76000000,13.26200000,1664928794297,False,True
39356910,17.45000000,2.41000000,42.05450000,1664928803821,False,True
39356911,17.45000000,5.73000000,99.98850000,1664928853629,False,True
39356912,17.44000000,11.76000000,205.09440000,1664928856050,True,True
39356913,17.44000000,5.86000000,102.19840000,1664928856050,True,True
39356914,17.44000000,9.97000000,173.87680000,1664928856050,True,True
39356915,17.44000000,3.30000000,57.55200000,1664928856050,True,True
39356916,17.44000000,57.32000000,999.66080000,1664928856050,True,True
39356917,17.44000000,1.11000000,19.35840000,1664928856050,True,True
39356918,17.44000000,1.11000000,19.35840000,1664928856050,True,True
39356919,17.44000000,1.09000000,19.00960000,1664928856050,True,True
39356920,17.44000000,1.09000000,19.00960000,1664928856050,True,True
39356921,17.44000000,1.09000000,19.00960000,1664928856050,True,True
39356922,17.44000000,2.59000000,45.16960000,1664928856050,True,True
39356923,17.44000000,11.84000000,206.48960000,1664928856050,True,True
39356924,17.44000000,4.92000000,85.80480000,1664928856050,True,True
39356925,17.44000000,1.72000000,29.99680000,1664928856232,False,True
39356926,17.44000000,12.57000000,219.22080000,1664928858612,False,True
39356927,17.44000000,24.57000000,428.50080000,1664928858616,False,True
39356928,17.44000000,11.62000000,202.65280000,1664928858616,False,True
39356929,17.44000000,0.12000000,2.09280000,1664928858622,False,True
39356930,17.45000000,23.74000000,414.26300000,1664928858626,False,True
39356931,17.45000000,23.74000000,414.26300000,1664928858626,False,True
39356932,17.45000000,2.60000000,45.37000000,1664928859198,False,True
39356933,17.44000000,10.09000000,175.96960000,1664928865144,True,True
39356934,17.44000000,3.44000000,59.99360000,1664928883658,False,True
39356935,17.43000000,3.30000000,57.51900000,1664928899829,True,True
39356936,17.43000000,2.59000000,45.14370000,1664928899829,True,True
39356937,17.43000000,2.70000000,47.06100000,1664928899829,True,True
39356938,17.43000000,3.03000000,52.81290000,1664928899829,True,True
39356939,17.43000000,4.64000000,80.87520000,1664928900709,True,True
39356940,17.43000000,24.86000000,433.30980000,1664928900785,True,True
39356941,17.43000000,29.34000000,511.39620000,1664928906142,False,True
39356942,17.43000000,3.19000000,55.60170000,1664928906162,False,True
39356943,17.43000000,23.36000000,407.16480000,1664928906162,False,True
39356944,17.43000000,11.48000000,200.09640000,1664928961213,False,True
39356945,17.42000000,3.30000000,57.48600000,1664929021979,True,True
39356946,17.42000000,28.85000000,502.56700000,1664929021979,True,True
39356947,17.42000000,11.74000000,204.51080000,1664929022331,True,True
39356948,17.42000000,2.59000000,45.11780000,1664929022331,True,True
39356949,17.41000000,24.64000000,428.98240000,1664929023690,True,True
39356950,17.41000000,0.69000000,12.01290000,1664929023690,True,True
39356951,17.41000000,0.69000000,12.01290000,1664929023690,True,True
39356952,17.41000000,3.27000000,56.93070000,1664929023690,True,True
39356953,17.41000000,75.97000000,1322.63770000,1664929023690,True,True
39356954,17.41000000,26.81000000,466.76210000,1664929023694,True,True
39356955,17.41000000,37.00000000,644.17000000,1664929023698,True,True
39356956,17.41000000,10.22000000,177.93020000,1664929023736,True,True
39356957,17.41000000,36.70000000,638.94700000,1664929023736,True,True
39356958,17.41000000,14.39000000,250.52990000,1664929025928,False,True
39356959,17.41000000,14.46000000,251.74860000,1664929025929,False,True
39356960,17.41000000,1.60000000,27.85600000,1664929025929,False,True
39356961,17.41000000,20.74000000,361.08340000,1664929025933,False,True
39356962,17.41000000,5.76000000,100.28160000,1664929025934,False,True
39356963,17.42000000,2.20000000,38.32400000,1664929027157,False,True
39356964,17.42000000,17.61000000,306.76620000,1664929059000,False,True
39356965,17.42000000,28.85000000,502.56700000,1664929059000,False,True
39356966,17.42000000,16.65000000,290.04300000,1664929059000,False,True
39356967,17.42000000,36.04000000,627.81680000,1664929062742,False,True
39356968,17.42000000,60.00000000,1045.20000000,1664929062772,False,True
39356969,17.42000000,6.48000000,112.88160000,1664929062814,False,True
39356970,17.42000000,10.58000000,184.30360000,1664929062814,False,True
39356971,17.42000000,7.50000000,130.65000000,1664929062825,False,True
39356972,17.42000000,11.10000000,193.36200000,1664929081090,True,True
39356973,17.42000000,12.77000000,222.45340000,1664929081180,True,True
39356974,17.41000000,8.90000000,154.94900000,1664929081306,True,True
39356975,17.41000000,0.64000000,11.14240000,1664929140153,True,True
39356976,17.42000000,4.64000000,80.82880000,1664929143062,False,True
39356977,17.41000000,9.93000000,172.88130000,1664929154478,True,True
39356978,17.41000000,3.30000000,57.45300000,1664929182309,True,True
39356979,17.41000000,4.00000000,69.64000000,1664929182309,True,True
39356980,17.41000000,2.59000000,45.09190000,1664929182309,True,True
39356981,17.41000000,0.18000000,3.13380000,1664929182309,True,True
39356982,17.41000000,3.61000000,62.85010000,1664929182332,False,True
39356983,17.41000000,20.00000000,348.20000000,1664929203105,False,True
39356984,17.41000000,1.99000000,34.64590000,1664929220231,False,True
39356985,17.41000000,8.48000000,147.63680000,1664929220231,False,True
39356986,17.40000000,10.01000000,174.17400000,1664929226521,True,True
39356987,17.40000000,73.99000000,1287.42600000,1664929226521,True,True
39356988,17.40000000,70.58000000,1228.09200000,1664929226542,True,True
39356989,17.40000000,59.43000000,1034.08200000,1664929226564,True,True
39356990,17.40000000,336.00000000,5846.40000000,1664929226597,True,True
39356991,17.40000000,34.13000000,593.86200000,1664929226612,True,True
39356992,17.40000000,1.26000000,21.92400000,1664929226612,True,True
39356993,17.40000000,0.96000000,16.70400000,1664929226612,True,True
39356994,17.40000000,10.00000000,174.00000000,1664929226612,True,True
39356995,17.40000000,4.61000000,80.21400000,1664929226612,True,True
39356996,17.40000000,1.00000000,17.40000000,1664929226612,True,True
39356997,17.39000000,0.61000000,10.60790000,1664929226663,True,True
39356998,17.39000000,9.63000000,167.46570000,1664929233522,True,True
39356999,17.39000000,2.53000000,43.99670000,1664929236292,True,True
39357000,17.39000000,1.05000000,18.25950000,1664929236292,True,True
39357001,17.39000000,3.30000000,57.38700000,1664929236292,True,True
39357002,17.39000000,2.59000000,45.04010000,1664929236292,True,True
39357003,17.39000000,53.66000000,933.14740000,1664929236292,True,True
39357004,17.39000000,55.00000000,956.45000000,1664929236292,True,True
39357005,17.38000000,3.27000000,56.83260000,1664929253076,True,True
39357006,17.38000000,42.48000000,738.30240000,1664929253076,True,True
39357007,17.38000000,29.91000000,519.83580000,1664929253076,True,True
39357008,17.38000000,5.40000000,93.85200000,1664929253076,True,True
39357009,17.38000000,4.65000000,80.81700000,1664929253076,True,True
39357010,17.38000000,10.69000000,185.79220000,1664929253076,True,True
39357011,17.38000000,3.30000000,57.35400000,1664929253151,True,True
39357012,17.38000000,2.59000000,45.01420000,1664929253151,True,True
39357013,17.37000000,57.60000000,1000.51200000,1664929255143,True,True
39357014,17.37000000,1.44000000,25.01280000,1664929255143,True,True
39357015,17.37000000,1.26000000,21.88620000,1664929255143,True,True
39357016,17.37000000,35.17000000,610.90290000,1664929255143,True,True
39357017,17.37000000,100.58000000,1747.07460000,1664929255143,True,True
39357018,17.37000000,49.42000000,858.42540000,1664929255194,True,True
39357019,17.37000000,55.00000000,955.35000000,1664929255194,True,True
39357020,17.37000000,69.85000000,1213.29450000,1664929255194,True,True
39357021,17.36000000,0.08000000,1.38880000,1664929255194,True,True
39357022,17.36000000,2.53000000,43.92080000,1664929255194,True,True
39357023,17.36000000,0.72000000,12.49920000,1664929255194,True,True
39357024,17.36000000,57.10000000,991.25600000,1664929255194,True,True
39357025,17.37000000,44.46000000,772.27020000,1664929258204,False,True
39357026,17.37000000,1.22000000,21.19140000,1664929258204,False,True
39357027,17.37000000,2.26000000,39.25620000,1664929258213,False,True
39357028,17.37000000,22.70000000,394.29900000,1664929258215,False,True
39357029,17.37000000,10.56000000,183.42720000,1664929264024,False,True
39357030,17.38000000,45.49000000,790.61620000,1664929264857,False,True
39357031,17.38000000,9.51000000,165.28380000,1664929265434,False,True
39357032,17.38000000,42.09000000,731.52420000,1664929265434,False,True
39357033,17.38000000,11.74000000,204.04120000,1664929270970,False,True
39357034,17.38000000,25.06000000,435.54280000,1664929270970,False,True
39357035,17.37000000,5.00000000,86.85000000,1664929275167,True,True
39357036,17.38000000,30.71000000,533.73980000,1664929283097,False,True
39357037,17.38000000,24.29000000,422.16020000,1664929328691,False,True
39357038,17.38000000,13.84000000,240.53920000,1664929328691,False,True
39357039,17.38000000,21.54000000,374.36520000,1664929328699,False,True
39357040,17.38000000,19.62000000,340.99560000,1664929328704,False,True
39357041,17.38000000,6.76000000,117.48880000,1664929328704,False,True
39357042,17.38000000,13.07000000,227.15660000,1664929328714,False,True
39357043,17.38000000,70.93000000,1232.76340000,1664929328714,False,True
39357044,17.38000000,79.07000000,1374.23660000,1664929328716,False,True
39357045,17.39000000,7.95000000,138.25050000,1664929348982,True,True
39357046,17.37000000,39.46000000,685.42020000,1664929363171,True,True
39357047,17.37000000,10.55000000,183.25350000,1664929363171,True,True
39357048,17.37000000,5.88000000,102.13560000,1664929363171,True,True
39357049,17.37000000,5.86000000,101.78820000,1664929363171,True,True
39357050,17.37000000,2.59000000,44.98830000,1664929363171,True,True
39357051,17.37000000,4.37000000,75.90690000,1664929363171,True,True
39357052,17.37000000,1.05000000,18.23850000,1664929365180,True,True
39357053,17.37000000,1.11000000,19.28070000,1664929365180,True,True
39357054,17.37000000,1.11000000,19.28070000,1664929365180,True,True
39357055,17.37000000,10.20000000,177.17400000,1664929365180,True,True
39357056,17.37000000,39.51000000,686.28870000,1664929365180,True,True
39357057,17.37000000,1.09000000,18.93330000,1664929365180,True,True
39357058,17.37000000,14.64000000,254.29680000,1664929365180,True,True
39357059,17.37000000,42.93000000,745.69410000,1664929366183,True,True
39357060,17.37000000,25.78000000,447.79860000,1664929366183,True,True
39357061,17.38000000,220.69000000,3835.59220000,1664929375876,False,True
39357062,17.38000000,69.84000000,1213.81920000,1664929375876,False,True
39357063,17.38000000,7.52000000,130.69760000,1664929375876,False,True
39357064,17.38000000,1.60000000,27.80800000,1664929400450,False,True
39357065,17.38000000,2.26000000,39.27880000,1664929401185,False,True
39357066,17.38000000,9.35000000,162.50300000,1664929420440,False,True
39357067,17.38000000,11.86000000,206.12680000,1664929420440,False,True
39357068,17.38000000,12.46000000,216.55480000,1664929420447,False,True
39357069,17.38000000,7.45000000,129.48100000,1664929420448,False,True
39357070,17.38000000,9.08000000,157.81040000,1664929420450,False,True
39357071,17.38000000,5.57000000,96.80660000,1664929420461,False,True
39357072,17.38000000,103.58000000,1800.22040000,1664929420469,False,True
39357073,17.38000000,28.15000000,489.24700000,1664929420469,False,True
39357074,17.39000000,27.62000000,480.31180000,1664929420609,False,True
39357075,17.39000000,50.00000000,869.50000000,1664929420704,False,True
39357076,17.39000000,0.69000000,11.99910000,1664929420995,False,True
39357077,17.39000000,10.58000000,183.98620000,1664929420995,False,True
39357078,17.39000000,16.52000000,287.28280000,1664929421005,False,True
39357079,17.39000000,23.00000000,399.97000000,1664929421354,False,True
39357080,17.39000000,6.11000000,106.25290000,1664929421497,False,True
39357081,17.39000000,5.30000000,92.16700000,1664929421506,False,True
39357082,17.38000000,6.58000000,114.36040000,1664929447092,True,True
39357083,17.38000000,12.03000000,209.08140000,1664929529849,True,True
39357084,17.38000000,20.35000000,353.68300000,1664929539874,True,True
39357085,17.38000000,10.06000000,174.84280000,1664929539874,True,True
39357086,17.38000000,8.62000000,149.81560000,1664929539874,True,True
39357087,17.38000000,1.62000000,28.15560000,1664929539874,True,True
39357088,17.37000000,2.92000000,50.72040000,1664929559917,True,True
39357089,17.38000000,2.26000000,39.27880000,1664929571219,False,True
39357090,17.38000000,26.17000000,454.83460000,1664929571257,False,True
39357091,17.39000000,2.26000000,39.30140000,1664929580952,False,True
39357092,17.38000000,19.98000000,347.25240000,1664929584688,True,True
39357093,17.39000000,5.10000000,88.68900000,1664929600044,False,True
39357094,17.39000000,8.47000000,147.29330000,1664929600044,False,True
39357095,17.38000000,67.79000000,1178.19020000,1664929628525,False,True
39357096,17.38000000,69.87000000,1214.34060000,1664929628525,False,True
39357097,17.38000000,55.00000000,955.90000000,1664929628525,False,True
39357098,17.38000000,4.64000000,80.64320000,1664929636841,True,True
39357099,17.38000000,4.64000000,80.64320000,1664929638030,True,True
39357100,17.38000000,6.84000000,118.87920000,1664929638228,True,True
39357101,17.38000000,31.98000000,555.81240000,1664929638228,True,True
39357102,17.38000000,31.07000000,539.99660000,1664929661673,False,True
39357103,17.38000000,48.63000000,845.18940000,1664929661673,False,True
39357104,17.38000000,12.16000000,211.34080000,1664929661673,False,True
39357105,17.39000000,14.96000000,260.15440000,1664929678473,False,True
39357106,17.39000000,35.84000000,623.25760000,1664929678473,False,True
39357107,17.39000000,14.42000000,250.76380000,1664929678957,False,True
39357108,17.38000000,5.28000000,91.76640000,1664929690098,True,True
39357109,17.38000000,1.39000000,24.15820000,1664929711466,True,True
39357110,17.39000000,29.06000000,505.35340000,1664929768584,False,True
39357111,17.39000000,55.00000000,956.45000000,1664929768584,False,True
39357112,17.39000000,55.00000000,956.45000000,1664929768584,False,True
39357113,17.39000000,43.21000000,751.42190000,1664929768584,False,True
39357114,17.38000000,19.71000000,342.55980000,1664929802807,True,True
39357115,17.38000000,0.29000000,5.04020000,1664929802811,True,True
39357116,17.38000000,46.03000000,800.00140000,1664929802811,True,True
39357117,17.38000000,69.91000000,1215.03580000,1664929812898,False,True
39357118,17.38000000,11.84000000,205.77920000,1664929812898,False,True
39357119,17.38000000,11.75000000,204.21500000,1664929815170,False,True
39357120,17.38000000,4.76000000,82.72880000,1664929815170,False,True
39357121,17.38000000,4.47000000,77.68860000,1664929816949,False,True
39357122,17.38000000,4.65000000,80.81700000,1664929817966,False,True
39357123,17.38000000,9.24000000,160.59120000,1664929823990,False,True
39357124,17.38000000,7.95000000,138.17100000,1664929823990,False,True
39357125,17.38000000,4.75000000,82.55500000,1664929823990,False,True
39357126,17.38000000,17.56000000,305.19280000,1664929823995,False,True
39357127,17.38000000,14.75000000,256.35500000,1664929823995,False,True
39357128,17.39000000,50.00000000,869.50000000,1664929824189,False,True
39357129,17.39000000,5.00000000,86.95000000,1664929824775,False,True
39357130,17.39000000,9.97000000,173.37830000,1664929824775,False,True
39357131,17.39000000,2.70000000,46.95300000,1664929824775,False,True
39357132,17.40000000,25.33000000,440.74200000,1664929824775,False,True
39357133,17.39000000,42.25000000,734.72750000,1664929828045,True,True
39357134,17.39000000,2.26000000,39.30140000,1664929828171,True,True
39357135,17.39000000,7.99000000,138.94610000,1664929828223,True,True
39357136,17.39000000,15.00000000,260.85000000,1664929830795,False,True
39357137,17.39000000,2.26000000,39.30140000,1664929848892,False,True
39357138,17.39000000,11.13000000,193.55070000,1664929897670,False,True
39357139,17.39000000,13.86000000,241.02540000,1664929909261,False,True
39357140,17.39000000,15.64000000,271.97960000,1664929909261,False,True
39357141,17.40000000,29.67000000,516.25800000,1664929924205,False,True
39357142,17.40000000,3.30000000,57.42000000,1664929924205,False,True
39357143,17.40000000,574.13000000,9989.86200000,1664929924205,False,True
39357144,17.40000000,17.06000000,296.84400000,1664929924205,False,True
39357145,17.40000000,14.97000000,260.47800000,1664929924205,False,True
39357146,17.40000000,14.97000000,260.47800000,1664929924205,False,True
39357147,17.40000000,2.59000000,45.06600000,1664929924205,False,True
39357148,17.40000000,55.00000000,957.00000000,1664929924205,False,True
39357149,17.40000000,70.34000000,1223.91600000,1664929924205,False,True
39357150,17.40000000,95.97000000,1669.87800000,1664929924205,False,True
39357151,17.40000000,17.37000000,302.23800000,1664929930254,False,True
39357152,17.40000000,55.00000000,957.00000000,1664929930254,False,True
39357153,17.40000000,55.00000000,957.00000000,1664929930254,False,True
39357154,17.41000000,55.00000000,957.55000000,1664929930254,False,True
39357155,17.41000000,0.87000000,15.14670000,1664929930254,False,True
39357156,17.41000000,70.70000000,1230.88700000,1664929930254,False,True
39357157,17.41000000,22.85000000,397.81850000,1664929930254,False,True
39357158,17.41000000,10.09000000,175.66690000,1664929930254,False,True
39357159,17.41000000,12.40000000,215.88400000,1664929930254,False,True
39357160,17.41000000,10.05000000,174.97050000,1664929930254,False,True
39357161,17.41000000,0.69000000,12.01290000,1664929930254,False,True
39357162,17.41000000,39.98000000,696.05180000,1664929930254,False,True
39357163,17.40000000,2.26000000,39.32400000,1664929930361,True,True
39357164,17.40000000,2.26000000,39.32400000,1664929930429,True,True
39357165,17.39000000,8.71000000,151.46690000,1664929965803,True,True
39357166,17.39000000,8.24000000,143.29360000,1664929965806,True,True
39357167,17.39000000,2.16000000,37.56240000,1664929966303,True,True
39357168,17.39000000,2.16000000,37.56240000,1664929966306,True,True
39357169,17.39000000,2.16000000,37.56240000,1664929966306,True,True
39357170,17.39000000,2.11000000,36.69290000,1664929966306,True,True
39357171,17.39000000,2.11000000,36.69290000,1664929966306,True,True
39357172,17.39000000,2.11000000,36.69290000,1664929966307,True,True
39357173,17.40000000,55.00000000,957.00000000,1664929966674,False,True
39357174,17.40000000,2.44000000,42.45600000,1664929966674,False,True
39357175,17.39000000,5.88000000,102.25320000,1664929978672,True,True
39357176,17.39000000,15.82000000,275.10980000,1664929978857,True,True
39357177,17.39000000,9.04000000,157.20560000,1664929979722,True,True
39357178,17.39000000,1.63000000,28.34570000,1664929986911,False,True
39357179,17.39000000,2.26000000,39.30140000,1664930021017,False,True
39357180,17.38000000,3.18000000,55.26840000,1664930082856,True,True
39357181,17.38000000,51.67000000,898.02460000,1664930090899,True,True
39357182,17.39000000,20.00000000,347.80000000,1664930090982,False,True
39357183,17.39000000,1.65000000,28.69350000,1664930096745,False,True
39357184,17.37000000,3.76000000,65.31120000,1664930128518,True,True
39357185,17.37000000,0.70000000,12.15900000,1664930128523,True,True
39357186,17.37000000,5.49000000,95.36130000,1664930141225,True,True
39357187,17.37000000,0.75000000,13.02750000,1664930141225,True,True
39357188,17.38000000,11.46000000,199.17480000,1664930174838,False,True
39357189,17.37000000,3.30000000,57.32100000,1664930178239,True,True
39357190,17.37000000,9.90000000,171.96300000,1664930178239,True,True
39357191,17.37000000,2.59000000,44.98830000,1664930178239,True,True
39357192,17.37000000,40.24000000,698.96880000,1664930178239,True,True
39357193,17.37000000,2.26000000,39.25620000,1664930180532,False,True
39357194,17.37000000,7.99000000,138.78630000,1664930189187,False,True
39357195,17.37000000,2.26000000,39.25620000,1664930223124,True,True
39357196,17.37000000,1.08000000,18.75960000,1664930249897,True,True
39357197,17.37000000,17.95000000,311.79150000,1664930250858,True,True
39357198,17.37000000,1.15000000,19.97550000,1664930250858,True,True
39357199,17.37000000,2.70000000,46.89900000,1664930250858,True,True
39357200,17.36000000,2.57000000,44.61520000,1664930268915,True,True
39357201,17.36000000,55.00000000,954.80000000,1664930268915,True,True
39357202,17.36000000,39.45000000,684.85200000,1664930268915,True,True
39357203,17.36000000,69.84000000,1212.42240000,1664930268915,True,True
39357204,17.36000000,32.84000000,570.10240000,1664930268915,True,True
39357205,17.36000000,7.17000000,124.47120000,1664930281043,True,True
39357206,17.36000000,24.03000000,417.16080000,1664930300367,True,True
39357207,17.36000000,1.00000000,17.36000000,1664930309180,True,True
39357208,17.37000000,34.21000000,594.22770000,1664930313445,False,True
39357209,17.37000000,26.00000000,451.62000000,1664930313445,False,True
39357210,17.37000000,5.50000000,95.53500000,1664930313445,False,True
39357211,17.37000000,9.03000000,156.85110000,1664930313445,False,True
39357212,17.37000000,50.89000000,883.95930000,1664930313445,False,True
39357213,17.37000000,10.00000000,173.70000000,1664930313445,False,True
39357214,17.37000000,61.61000000,1070.16570000,1664930313445,False,True
39357215,17.37000000,22.71000000,394.47270000,1664930313446,False,True
39357216,17.37000000,1.02000000,17.71740000,1664930339627,True,True
39357217,17.37000000,1.02000000,17.71740000,1664930340233,True,True
39357218,17.37000000,10.97000000,190.54890000,1664930342810,True,True
39357219,17.37000000,5.53000000,96.05610000,1664930342810,True,True
39357220,17.37000000,38.93000000,676.21410000,1664930351671,True,True
39357221,17.37000000,34.48000000,598.91760000,1664930351671,True,True
39357222,17.37000000,109.84000000,1907.92080000,1664930351673,True,True
39357223,17.37000000,8.04000000,139.65480000,1664930351673,True,True
39357224,17.37000000,20.16000000,350.17920000,1664930351710,True,True
39357225,17.37000000,6.42000000,111.51540000,1664930351786,False,True
39357226,17.37000000,6.42000000,111.51540000,1664930351786,False,True
39357227,17.37000000,44.46000000,772.27020000,1664930351786,False,True
39357228,17.37000000,18.74000000,325.51380000,1664930351786,False,True
39357229,17.37000000,44.46000000,772.27020000,1664930378935,True,True
39357230,17.37000000,2.21000000,38.38770000,1664930436142,False,True
39357231,17.37000000,2.73000000,47.42010000,1664930436142,False,True
39357232,17.37000000,2.28000000,39.60360000,1664930438094,True,True
39357233,17.37000000,2.27000000,39.42990000,1664930441619,True,True
39357234,17.37000000,15.32000000,266.10840000,1664930459923,True,True
39357235,17.37000000,51.47000000,894.03390000,1664930459938,True,True
39357236,17.37000000,44.99000000,781.47630000,1664930459938,True,True
39357237,17.37000000,57.19000000,993.39030000,1664930459938,True,True
39357238,17.37000000,1.07000000,18.58590000,1664930464119,True,True
39357239,17.37000000,4.65000000,80.77050000,1664930481689,True,True
39357240,17.37000000,4.65000000,80.77050000,1664930483219,True,True
39357241,17.37000000,2.27000000,39.42990000,1664930486640,True,True
39357242,17.36000000,2.28000000,39.58080000,1664930568401,True,True
39357243,17.36000000,2.28000000,39.58080000,1664930569556,True,True
39357244,17.36000000,16.50000000,286.44000000,1664930569684,True,True
39357245,17.36000000,16.50000000,286.44000000,1664930574306,True,True
39357246,17.36000000,2.28000000,39.58080000,1664930575472,True,True
39357247,17.37000000,1.15000000,19.97550000,1664930577620,False,True
39357248,17.36000000,3.97000000,68.91920000,1664930583579,True,True
39357249,17.36000000,16.50000000,286.44000000,1664930621472,True,True
39357250,17.36000000,16.50000000,286.44000000,1664930621544,True,True
39357251,17.36000000,16.50000000,286.44000000,1664930622366,True,True
39357252,17.36000000,16.50000000,286.44000000,1664930622434,True,True
39357253,17.36000000,16.50000000,286.44000000,1664930626203,True,True
39357254,17.36000000,16.50000000,286.44000000,1664930626285,True,True
39357255,17.36000000,16.50000000,286.44000000,1664930626358,True,True
39357256,17.36000000,17.86000000,310.04960000,1664930662437,True,True
39357257,17.36000000,45.57000000,791.09520000,1664930682524,True,True
39357258,17.36000000,60.29000000,1046.63440000,1664930699668,True,True
39357259,17.36000000,113.88000000,1976.95680000,1664930699688,True,True
39357260,17.36000000,146.35000000,2540.63600000,1664930699743,True,True
39357261,17.36000000,0.69000000,11.97840000,1664930699743,True,True
39357262,17.36000000,5.40000000,93.74400000,1664930699743,True,True
39357263,17.36000000,3.30000000,57.28800000,1664930699743,True,True
39357264,17.36000000,2.59000000,44.96240000,1664930699743,True,True
39357265,17.35000000,0.69000000,11.97150000,1664930699849,True,True
39357266,17.35000000,1.26000000,21.86100000,1664930699849,True,True
39357267,17.35000000,0.33000000,5.72550000,1664930699849,True,True
39357268,17.35000000,2.95000000,51.18250000,1664930699849,True,True
39357269,17.35000000,0.75000000,13.01250000,1664930699849,True,True
39357270,17.35000000,3.14000000,54.47900000,1664930699849,True,True
39357271,17.35000000,0.63000000,10.93050000,1664930699849,True,True
39357272,17.35000000,1.17000000,20.29950000,1664930699849,True,True
39357273,17.35000000,10.64000000,184.60400000,1664930699849,True,True
39357274,17.35000000,36.21000000,628.24350000,1664930703105,True,True
39357275,17.35000000,53.15000000,922.15250000,1664930703106,True,True
39357276,17.35000000,1.00000000,17.35000000,1664930703106,True,True
39357277,17.35000000,1.00000000,17.35000000,1664930703106,True,True
39357278,17.35000000,1.00000000,17.35000000,1664930703106,True,True
39357279,17.35000000,34.35000000,595.97250000,1664930703106,True,True
39357280,17.35000000,9.55000000,165.69250000,1664930703129,True,True
39357281,17.35000000,106.10000000,1840.83500000,1664930703155,True,True
39357282,17.34000000,0.63000000,10.92420000,1664930704037,True,True
39357283,17.34000000,1.16000000,20.11440000,1664930704037,True,True
39357284,17.34000000,1.99000000,34.50660000,1664930704037,True,True
39357285,17.35000000,0.59000000,10.23650000,1664930706179,False,True
39357286,17.35000000,21.57000000,374.23950000,1664930706970,False,True
39357287,17.35000000,15.54000000,269.61900000,1664930706970,False,True
39357288,17.35000000,1.57000000,27.23950000,1664930706983,False,True
39357289,17.35000000,26.00000000,451.10000000,1664930706983,False,True
39357290,17.35000000,1.09000000,18.91150000,1664930706983,False,True
39357291,17.35000000,1.09000000,18.91150000,1664930706983,False,True
39357292,17.35000000,5.50000000,95.42500000,1664930706983,False,True
39357293,17.35000000,0.68000000,11.79800000,1664930706983,False,True
39357294,17.35000000,0.41000000,7.11350000,1664930706983,False,True
39357295,17.35000000,1.09000000,18.91150000,1664930706983,False,True
39357296,17.35000000,9.99000000,173.32650000,1664930706983,False,True
39357297,17.35000000,1.11000000,19.25850000,1664930706983,False,True
39357298,17.35000000,0.61000000,10.58350000,1664930706983,False,True
39357299,17.35000000,0.50000000,8.67500000,1664930706985,False,True
39357300,17.35000000,15.35000000,266.32250000,1664930706985,False,True
39357301,17.35000000,7.38000000,128.04300000,1664930706995,False,True
39357302,17.35000000,19.77000000,343.00950000,1664930706995,False,True
39357303,17.35000000,7.00000000,121.45000000,1664930718009,True,True
39357304,17.36000000,9.50000000,164.92000000,1664930731286,False,True
39357305,17.36000000,14.68000000,254.84480000,1664930731286,False,True
39357306,17.36000000,9.91000000,172.03760000,1664930731286,False,True
39357307,17.36000000,10.07000000,174.81520000,1664930731286,False,True
39357308,17.36000000,0.60000000,10.41600000,1664930731286,False,True
39357309,17.36000000,26.00000000,451.36000000,1664930731286,False,True
39357310,17.36000000,19.76000000,343.03360000,1664930731286,False,True
39357311,17.36000000,1.09000000,18.92240000,1664930731286,False,True
39357312,17.36000000,1.11000000,19.26960000,1664930731286,False,True
39357313,17.36000000,1.11000000,19.26960000,1664930731286,False,True
39357314,17.36000000,1.09000000,18.92240000,1664930731286,False,True
39357315,17.36000000,5.08000000,88.18880000,1664930731286,False,True
39357316,17.35000000,129.89000000,2253.59150000,1664930765818,True,True
39357317,17.35000000,204.64000000,3550.50400000,1664930765818,True,True
39357318,17.35000000,27.76000000,481.63600000,1664930765818,True,True
39357319,17.35000000,38.97000000,676.12950000,1664930765818,True,True
39357320,17.36000000,36.90000000,640.58400000,1664930773224,False,True
39357321,17.36000000,14.60000000,253.45600000,1664930773235,False,True
39357322,17.36000000,17.64000000,306.23040000,1664930773235,False,True
39357323,17.36000000,10.01000000,173.77360000,1664930773235,False,True
39357324,17.36000000,68.30000000,1185.68800000,1664930773235,False,True
39357325,17.36000000,1.70000000,29.51200000,1664930773702,False,True
39357326,17.36000000,13.27000000,230.36720000,1664930773707,False,True
39357327,17.36000000,6.34000000,110.06240000,1664930774087,False,True
39357328,17.36000000,7.41000000,128.63760000,1664930774094,False,True
39357329,17.36000000,40.36000000,700.64960000,1664930774101,False,True
39357330,17.36000000,12.62000000,219.08320000,1664930774110,False,True
39357331,17.37000000,5.91000000,102.65670000,1664930775022,False,True
39357332,17.37000000,4.04000000,70.17480000,1664930775027,False,True
39357333,17.37000000,2.08000000,36.12960000,1664930775027,False,True
39357334,17.38000000,15.10000000,262.43800000,1664930804394,False,True
39357335,17.37000000,2.26000000,39.25620000,1664930811965,True,True
39357336,17.37000000,12.42000000,215.73540000,1664930813766,True,True
39357337,17.38000000,0.76000000,13.20880000,1664930833748,False,True
39357338,17.37000000,2.26000000,39.25620000,1664930882198,True,True
39357339,17.37000000,55.00000000,955.35000000,1664930895058,True,True
39357340,17.37000000,0.63000000,10.94310000,1664930895058,True,True
39357341,17.37000000,48.20000000,837.23400000,1664930895058,True,True
39357342,17.37000000,31.49000000,546.98130000,1664930895058,True,True
39357343,17.36000000,13.26000000,230.19360000,1664930895111,True,True
39357344,17.36000000,35.93000000,623.74480000,1664930915769,True,True
39357345,17.36000000,35.46000000,615.58560000,1664930915769,True,True
39357346,17.36000000,44.54000000,773.21440000,1664930915769,True,True
39357347,17.36000000,55.00000000,954.80000000,1664930915773,True,True
39357348,17.36000000,10.00000000,173.60000000,1664930915773,True,True
39357349,17.35000000,7.38000000,128.04300000,1664930916270,True,True
39357350,17.35000000,5.31000000,92.12850000,1664930916270,True,True
39357351,17.35000000,38.32000000,664.85200000,1664930916402,True,True
39357352,17.35000000,119.84000000,2079.22400000,1664930916402,True,True
39357353,17.35000000,130.14000000,2257.92900000,1664930916402,True,True
39357354,17.35000000,2.26000000,39.21100000,1664931027374,True,True
39357355,17.35000000,2.26000000,39.21100000,1664931044522,True,True
39357356,17.35000000,15.34000000,266.14900000,1664931044579,True,True
39357357,17.35000000,15.36000000,266.49600000,1664931044579,True,True
39357358,17.35000000,21.92000000,380.31200000,1664931044579,True,True
39357359,17.35000000,6.12000000,106.18200000,1664931111276,True,True
39357360,17.35000000,6.12000000,106.18200000,1664931111278,True,True
39357361,17.35000000,13.14000000,227.97900000,1664931111289,True,True
39357362,17.35000000,19.14000000,332.07900000,1664931111452,True,True
39357363,17.35000000,2.08000000,36.08800000,1664931111452,True,True
39357364,17.35000000,2.26000000,39.21100000,1664931120267,True,True
39357365,17.35000000,2.26000000,39.21100000,1664931125768,True,True
39357366,17.35000000,26.61000000,461.68350000,1664931146995,False,True
39357367,17.35000000,2.60000000,45.11000000,1664931147002,False,True
39357368,17.36000000,0.62000000,10.76320000,1664931147002,False,True
39357369,17.36000000,6.21000000,107.80560000,1664931147002,False,True
39357370,17.36000000,11.03000000,191.48080000,1664931147008,False,True
39357371,17.36000000,17.82000000,309.35520000,1664931178730,False,True
39357372,17.36000000,14.68000000,254.84480000,1664931178730,False,True
39357373,17.36000000,2.95000000,51.21200000,1664931178730,False,True
39357374,17.36000000,8.69000000,150.85840000,1664931178934,False,True
39357375,17.36000000,14.65000000,254.32400000,1664931178934,False,True
39357376,17.35000000,30.31000000,525.87850000,1664931179029,True,True
39357377,17.35000000,1.90000000,32.96500000,1664931217393,True,True
39357378,17.36000000,1.73000000,30.03280000,1664931219025,False,True
39357379,17.36000000,31.33000000,543.88880000,1664931219025,False,True
39357380,17.37000000,13.26000000,230.32620000,1664931251945,False,True
39357381,17.37000000,13.26000000,230.32620000,1664931251945,False,True
39357382,17.37000000,28.28000000,491.22360000,1664931252952,True,True
39357383,17.37000000,3.17000000,55.06290000,1664931255521,True,True
39357384,17.37000000,13.61000000,236.40570000,1664931260257,True,True
39357385,17.37000000,69.58000000,1208.60460000,1664931260257,True,True
39357386,17.37000000,9.89000000,171.78930000,1664931260257,True,True
39357387,17.36000000,24.05000000,417.50800000,1664931283128,True,True
39357388,17.35000000,14.68000000,254.69800000,1664931315574,True,True
39357389,17.35000000,2.26000000,39.21100000,1664931340059,False,True
39357390,17.35000000,15.06000000,261.29100000,1664931343870,False,True
39357391,17.35000000,2.08000000,36.08800000,1664931343870,False,True
39357392,17.35000000,2.26000000,39.21100000,1664931345390,False,True
39357393,17.35000000,2.26000000,39.21100000,1664931351556,False,True
39357394,17.35000000,4.65000000,80.67750000,1664931359022,False,True
39357395,17.35000000,3.43000000,59.51050000,1664931359821,False,True
39357396,17.35000000,2.59000000,44.93650000,1664931359821,False,True
39357397,17.35000000,16.09000000,279.16150000,1664931359821,False,True
39357398,17.36000000,15.57000000,270.29520000,1664931408391,False,True
39357399,17.36000000,5.66000000,98.25760000,1664931408391,False,True
39357400,17.36000000,14.68000000,254.84480000,1664931426776,True,True
39357401,17.36000000,17.82000000,309.35520000,1664931426776,True,True
39357402,17.36000000,11.75000000,203.98000000,1664931455524,True,True
39357403,17.37000000,2.08000000,36.12960000,1664931483509,False,True
39357404,17.37000000,9.92000000,172.31040000,1664931483509,False,True
39357405,17.37000000,10.07000000,174.91590000,1664931483509,False,True
39357406,17.37000000,88.00000000,1528.56000000,1664931483509,False,True
39357407,17.37000000,25.63000000,445.19310000,1664931483509,False,True
39357408,17.37000000,1.11000000,19.28070000,1664931483509,False,True
39357409,17.37000000,5.50000000,95.53500000,1664931483509,False,True
39357410,17.37000000,11.52000000,200.10240000,1664931483509,False,True
39357411,17.37000000,15.57000000,270.45090000,1664931489776,True,True
39357412,17.37000000,19.88000000,345.31560000,1664931489776,True,True
39357413,17.37000000,12.73000000,221.12010000,1664931489786,True,True
39357414,17.37000000,27.53000000,478.19610000,1664931489786,True,True
39357415,17.37000000,22.47000000,390.30390000,1664931489793,True,True
39357416,17.37000000,2.26000000,39.25620000,1664931493441,True,True
39357417,17.37000000,50.00000000,868.50000000,1664931502936,True,True
39357418,17.36000000,31.76000000,551.35360000,1664931518347,False,True
39357419,17.36000000,12.71000000,220.64560000,1664931519279,False,True
39357420,17.36000000,14.06000000,244.08160000,1664931519279,False,True
39357421,17.36000000,2.73000000,47.39280000,1664931519279,False,True
39357422,17.36000000,14.68000000,254.84480000,1664931527660,False,True
39357423,17.36000000,1.82000000,31.59520000,1664931527660,False,True
39357424,17.36000000,5.58000000,96.86880000,1664931539111,False,True
39357425,17.36000000,16.72000000,290.25920000,1664931539111,False,True
39357426,17.36000000,25.52000000,443.02720000,1664931539111,False,True
39357427,17.36000000,10.43000000,181.06480000,1664931539188,False,True
39357428,17.36000000,76.74000000,1332.20640000,1664931539235,False,True
39357429,17.36000000,53.38000000,926.67680000,1664931539237,False,True
39357430,17.36000000,7.14000000,123.95040000,1664931539238,False,True
39357431,17.36000000,42.49000000,737.62640000,1664931539238,False,True
39357432,17.36000000,12.51000000,217.17360000,1664931539240,False,True
39357433,17.37000000,29.50000000,512.41500000,1664931561174,False,True
39357434,17.37000000,8.56000000,148.68720000,1664931561797,False,True
39357435,17.37000000,4.09000000,71.04330000,1664931561937,False,True
39357436,17.37000000,2.32000000,40.29840000,1664931562119,False,True
39357437,17.37000000,2.15000000,37.34550000,1664931562119,False,True
39357438,17.36000000,13.28000000,230.54080000,1664931600680,True,True
39357439,17.36000000,5.50000000,95.48000000,1664931600680,True,True
39357440,17.36000000,10.06000000,174.64160000,1664931600680,True,True
39357441,17.36000000,33.94000000,589.19840000,1664931600680,True,True
39357442,17.36000000,2.26000000,39.23360000,1664931601344,False,True
39357443,17.36000000,21.82000000,378.79520000,1664931602649,False,True
39357444,17.36000000,0.59000000,10.24240000,1664931603962,False,True
39357445,17.36000000,3.31000000,57.46160000,1664931605735,False,True
39357446,17.36000000,2.26000000,39.23360000,1664931606029,False,True
39357447,17.36000000,2.26000000,39.23360000,1664931606341,False,True
39357448,17.36000000,3.62000000,62.84320000,1664931606988,False,True
39357449,17.36000000,74.43000000,1292.10480000,1664931608738,True,True
39357450,17.36000000,4.59000000,79.68240000,1664931608742,True,True
39357451,17.35000000,9.91000000,171.93850000,1664931611047,True,True
39357452,17.35000000,3.30000000,57.25500000,1664931611047,True,True
39357453,17.35000000,41.86000000,726.27100000,1664931611047,True,True
39357454,17.35000000,13.14000000,227.97900000,1664931611049,True,True
39357455,17.35000000,14.09000000,244.46150000,1664931611049,True,True
39357456,17.35000000,49.51000000,858.99850000,1664931611049,True,True
39357457,17.35000000,48.95000000,849.28250000,1664931611054,True,True
39357458,17.35000000,20.00000000,347.00000000,1664931611068,True,True
39357459,17.35000000,31.54000000,547.21900000,1664931611086,True,True
39357460,17.35000000,2.59000000,44.93650000,1664931611086,True,True
39357461,17.35000000,0.94000000,16.30900000,1664931611086,True,True
39357462,17.35000000,3.12000000,54.13200000,1664931611105,False,True
39357463,17.34000000,13.28000000,230.27520000,1664931611153,True,True
39357464,17.34000000,114.76000000,1989.93840000,1664931612260,True,True
39357465,17.34000000,29.08000000,504.24720000,1664931612260,True,True
39357466,17.34000000,5.65000000,97.97100000,1664931612260,True,True
39357467,17.34000000,84.83000000,1470.95220000,1664931612260,True,True
39357468,17.34000000,15.17000000,263.04780000,1664931612263,True,True
39357469,17.34000000,2.28000000,39.53520000,1664931612315,False,True
39357470,17.33000000,1.00000000,17.33000000,1664931612319,True,True
39357471,17.33000000,5.19000000,89.94270000,1664931612319,True,True
39357472,17.33000000,1.15000000,19.92950000,1664931612319,True,True
39357473,17.33000000,1.16000000,20.10280000,1664931612319,True,True
39357474,17.33000000,0.65000000,11.26450000,1664931612319,True,True
39357475,17.33000000,3.55000000,61.52150000,1664931612319,True,True
39357476,17.34000000,14.99000000,259.92660000,1664931613421,True,True
39357477,17.34000000,2.70000000,46.81800000,1664931613421,True,True
39357478,17.34000000,24.97000000,432.97980000,1664931613432,True,True
39357479,17.34000000,30.03000000,520.72020000,1664931613437,True,True
39357480,17.33000000,6.45000000,111.77850000,1664931614766,True,True
39357481,17.33000000,0.90000000,15.59700000,1664931614766,True,True
39357482,17.33000000,42.28000000,732.71240000,1664931614766,True,True
39357483,17.33000000,12.62000000,218.70460000,1664931614774,True,True
39357484,17.33000000,0.10000000,1.73300000,1664931614779,True,True
39357485,17.33000000,3.30000000,57.18900000,1664931614779,True,True
39357486,17.33000000,2.59000000,44.88470000,1664931614779,True,True
39357487,17.33000000,5.17000000,89.59610000,1664931614825,False,True
39357488,17.33000000,2.28000000,39.51240000,1664931615086,False,True
39357489,17.33000000,32.98000000,571.54340000,1664931615261,False,True
39357490,17.33000000,16.48000000,285.59840000,1664931615882,False,True
39357491,17.33000000,53.25000000,922.82250000,1664931618245,True,True
39357492,17.33000000,9.28000000,160.82240000,1664931618336,True,True
39357493,17.33000000,10.65000000,184.56450000,1664931618342,True,True
39357494,17.32000000,1.27000000,21.99640000,1664931618342,True,True
39357495,17.32000000,0.79000000,13.68280000,1664931618342,True,True
39357496,17.32000000,2.49000000,43.12680000,1664931620148,True,True
39357497,17.32000000,1.85000000,32.04200000,1664931620148,True,True
39357498,17.32000000,6.57000000,113.79240000,1664931620148,True,True
39357499,17.32000000,13.89000000,240.57480000,1664931620148,True,True
39357500,17.32000000,1.11000000,19.22520000,1664931620476,True,True
39357501,17.32000000,1.58000000,27.36560000,1664931620476,True,True
39357502,17.32000000,0.17000000,2.94440000,1664931620485,True,True
39357503,17.32000000,0.69000000,11.95080000,1664931620485,True,True
39357504,17.32000000,5.40000000,93.52800000,1664931620485,True,True
39357505,17.32000000,3.30000000,57.15600000,1664931620485,True,True
39357506,17.32000000,2.59000000,44.85880000,1664931620485,True,True
39357507,17.32000000,20.00000000,346.40000000,1664931620485,True,True
39357508,17.31000000,0.80000000,13.84800000,1664931620502,True,True
39357509,17.31000000,2.20000000,38.08200000,1664931620502,True,True
39357510,17.31000000,0.69000000,11.94390000,1664931620502,True,True
39357511,17.31000000,1.22000000,21.11820000,1664931620502,True,True
39357512,17.31000000,7.81000000,135.19110000,1664931620502,True,True
39357513,17.31000000,0.61000000,10.55910000,1664931620518,True,True
39357514,17.32000000,9.78000000,169.38960000,1664931620528,False,True
39357515,17.31000000,1.65000000,28.56150000,1664931620584,True,True
39357516,17.31000000,11.51000000,199.23810000,1664931620584,True,True
39357517,17.31000000,2.10000000,36.35100000,1664931620584,True,True
39357518,17.31000000,153.82000000,2662.62420000,1664931620584,True,True
39357519,17.31000000,55.00000000,952.05000000,1664931620594,True,True
39357520,17.30000000,1.27000000,21.97100000,1664931620613,True,True
39357521,17.30000000,0.69000000,11.93700000,1664931620613,True,True
39357522,17.30000000,2.54000000,43.94200000,1664931620613,True,True
39357523,17.30000000,3.15000000,54.49500000,1664931620613,True,True
39357524,17.30000000,0.71000000,12.28300000,1664931620613,True,True
39357525,17.30000000,0.74000000,12.80200000,1664931620613,True,True
39357526,17.30000000,0.70000000,12.11000000,1664931620613,True,True
39357527,17.30000000,1.60000000,27.68000000,1664931620613,True,True
39357528,17.30000000,1.32000000,22.83600000,1664931620613,True,True
39357529,17.30000000,11.59000000,200.50700000,1664931620613,True,True
39357530,17.30000000,1.54000000,26.64200000,1664931620613,True,True
39357531,17.30000000,0.46000000,7.95800000,1664931620613,True,True
39357532,17.30000000,1.05000000,18.16500000,1664931620613,True,True
39357533,17.30000000,2.29000000,39.61700000,1664931620613,True,True
39357534,17.30000000,1.86000000,32.17800000,1664931620613,True,True
39357535,17.30000000,14.80000000,256.04000000,1664931620613,True,True
39357536,17.30000000,12.72000000,220.05600000,1664931620614,True,True
39357537,17.31000000,6.25000000,108.18750000,1664931620620,False,True
39357538,17.31000000,27.64000000,478.44840000,1664931620659,False,True
39357539,17.31000000,43.53000000,753.50430000,1664931620659,False,True
39357540,17.31000000,6.26000000,108.36060000,1664931620799,False,True
39357541,17.31000000,18.76000000,324.73560000,1664931620841,False,True
39357542,17.31000000,1.09000000,18.86790000,1664931620841,False,True
39357543,17.31000000,1.09000000,18.86790000,1664931620841,False,True
39357544,17.31000000,55.00000000,952.05000000,1664931620841,False,True
39357545,17.31000000,125.30000000,2168.94300000,1664931620841,False,True
39357546,17.31000000,44.59000000,771.85290000,1664931620841,False,True
39357547,17.31000000,48.74000000,843.68940000,1664931620841,False,True
39357548,17.31000000,2.70000000,46.73700000,1664931620861,False,True
39357549,17.32000000,69.56000000,1204.77920000,1664931621284,False,True
39357550,17.32000000,17.00000000,294.44000000,1664931621284,False,True
39357551,17.32000000,19.95000000,345.53400000,1664931621284,False,True
39357552,17.32000000,4.66000000,80.71120000,1664931622791,False,True
39357553,17.32000000,1.76000000,30.48320000,1664931622825,False,True
39357554,17.32000000,55.00000000,952.60000000,1664931622825,False,True
39357555,17.31000000,1.09000000,18.86790000,1664931624117,False,True
39357556,17.31000000,1.09000000,18.86790000,1664931624117,False,True
39357557,17.31000000,76.00000000,1315.56000000,1664931624162,False,True
39357558,17.31000000,10.52000000,182.10120000,1664931624198,False,True
39357559,17.30000000,7.64000000,132.17200000,1664931625362,True,True
39357560,17.30000000,0.61000000,10.55300000,1664931625362,True,True
39357561,17.30000000,4.48000000,77.50400000,1664931625362,True,True
39357562,17.31000000,6.15000000,106.45650000,1664931626733,False,True
39357563,17.31000000,2.06000000,35.65860000,1664931627406,False,True
39357564,17.31000000,13.23000000,229.01130000,1664931627433,False,True
39357565,17.31000000,0.02000000,0.34620000,1664931627503,False,True
39357566,17.31000000,13.22000000,228.83820000,1664931627503,False,True
39357567,17.31000000,0.87000000,15.05970000,1664931633268,False,True
39357568,17.30000000,1.09000000,18.85700000,1664931633527,True,True
39357569,17.30000000,1.09000000,18.85700000,1664931633528,True,True
39357570,17.30000000,23.42000000,405.16600000,1664931633531,True,True
39357571,17.30000000,3.35000000,57.95500000,1664931633531,True,True
39357572,17.30000000,3.94000000,68.16200000,1664931633531,True,True
39357573,17.30000000,1.99000000,34.42700000,1664931633531,True,True
39357574,17.30000000,0.61000000,10.55300000,1664931633538,True,True
39357575,17.30000000,5.76000000,99.64800000,1664931633541,True,True
39357576,17.30000000,3.30000000,57.09000000,1664931633541,True,True
39357577,17.30000000,2.59000000,44.80700000,1664931633541,True,True
39357578,17.30000000,21.39000000,370.04700000,1664931633541,True,True
39357579,17.30000000,1.73000000,29.92900000,1664931633541,True,True
39357580,17.30000000,8.36000000,144.62800000,1664931633541,True,True
39357581,17.30000000,19.89000000,344.09700000,1664931633541,True,True
39357582,17.30000000,3.23000000,55.87900000,1664931633549,True,True
39357583,17.30000000,8.36000000,144.62800000,1664931633549,True,True
39357584,17.30000000,23.12000000,399.97600000,1664931633549,True,True
39357585,17.30000000,8.36000000,144.62800000,1664931633549,True,True
39357586,17.30000000,16.85000000,291.50500000,1664931633549,True,True
39357587,17.30000000,6.27000000,108.47100000,1664931633607,True,True
39357588,17.30000000,8.36000000,144.62800000,1664931633607,True,True
39357589,17.30000000,2.70000000,46.71000000,1664931633607,True,True
39357590,17.30000000,44.50000000,769.85000000,1664931633607,True,True
39357591,17.30000000,11.00000000,190.30000000,1664931634894,True,True
39357592,17.30000000,1.09000000,18.85700000,1664931638267,True,True
39357593,17.30000000,1.09000000,18.85700000,1664931638274,True,True
39357594,17.30000000,9.94000000,171.96200000,1664931638303,True,True
39357595,17.30000000,8.36000000,144.62800000,1664931638303,True,True
39357596,17.30000000,41.37000000,715.70100000,1664931638303,True,True
39357597,17.30000000,106.12000000,1835.87600000,1664931638314,True,True
39357598,17.30000000,36.00000000,622.80000000,1664931638512,True,True
39357599,17.30000000,66.51000000,1150.62300000,1664931638517,True,True
39357600,17.30000000,3.98000000,68.85400000,1664931638517,True,True
39357601,17.30000000,4.38000000,75.77400000,1664931638582,True,True
39357602,17.30000000,8.36000000,144.62800000,1664931638582,True,True
39357603,17.30000000,8.36000000,144.62800000,1664931638582,True,True
39357604,17.30000000,8.34000000,144.28200000,1664931638582,True,True
39357605,17.29000000,3.29000000,56.88410000,1664931638582,True,True
39357606,17.29000000,1.09000000,18.84610000,1664931638582,True,True
39357607,17.29000000,2.12000000,36.65480000,1664931640098,True,True
39357608,17.29000000,3.50000000,60.51500000,1664931640098,True,True
39357609,17.29000000,1.16000000,20.05640000,1664931640098,True,True
39357610,17.29000000,15.00000000,259.35000000,1664931640098,True,True
39357611,17.29000000,0.70000000,12.10300000,1664931640098,True,True
39357612,17.29000000,0.71000000,12.27590000,1664931640098,True,True
39357613,17.29000000,3.12000000,53.94480000,1664931640098,True,True
39357614,17.29000000,7.96000000,137.62840000,1664931640098,True,True
39357615,17.29000000,55.00000000,950.95000000,1664931640098,True,True
39357616,17.29000000,1.27000000,21.95830000,1664931640098,True,True
39357617,17.29000000,1.00000000,17.29000000,1664931640098,True,True
39357618,17.29000000,2.44000000,42.18760000,1664931640098,True,True
39357619,17.29000000,1.74000000,30.08460000,1664931640098,True,True
39357620,17.29000000,3.30000000,57.05700000,1664931640098,True,True
39357621,17.29000000,2.59000000,44.78110000,1664931640098,True,True
39357622,17.29000000,55.00000000,950.95000000,1664931640098,True,True
39357623,17.29000000,8.37000000,144.71730000,1664931640098,True,True
39357624,17.29000000,1.09000000,18.84610000,1664931640103,True,True
39357625,17.29000000,1.09000000,18.84610000,1664931640105,True,True
39357626,17.29000000,6.19000000,107.02510000,1664931640110,True,True
39357627,17.29000000,8.37000000,144.71730000,1664931640110,True,True
39357628,17.29000000,8.37000000,144.71730000,1664931640110,True,True
39357629,17.29000000,8.01000000,138.49290000,1664931640110,True,True
39357630,17.29000000,0.36000000,6.22440000,1664931640147,True,True
39357631,17.29000000,7.01000000,121.20290000,1664931640147,True,True
39357632,17.29000000,1.36000000,23.51440000,1664931640151,True,True
39357633,17.29000000,8.37000000,144.71730000,1664931640151,True,True
39357634,17.29000000,3.01000000,52.04290000,1664931640151,True,True
39357635,17.29000000,5.36000000,92.67440000,1664931640153,True,True
39357636,17.29000000,7.96000000,137.62840000,1664931640153,True,True
39357637,17.29000000,0.41000000,7.08890000,1664931640302,True,True
39357638,17.29000000,8.30000000,143.50700000,1664931640302,True,True
39357639,17.29000000,36.25000000,626.76250000,1664931640773,False,True
39357640,17.30000000,13.09000000,226.45700000,1664931644373,False,True
39357641,17.30000000,11.00000000,190.30000000,1664931644834,True,True
39357642,17.30000000,11.00000000,190.30000000,1664931644936,True,True
39357643,17.30000000,11.00000000,190.30000000,1664931645031,True,True
39357644,17.30000000,11.00000000,190.30000000,1664931645138,True,True
39357645,17.30000000,0.46000000,7.95800000,1664931645235,True,True
39357646,17.30000000,10.54000000,182.34200000,1664931645235,True,True
39357647,17.30000000,11.00000000,190.30000000,1664931645329,True,True
39357648,17.30000000,11.00000000,190.30000000,1664931645426,True,True
39357649,17.30000000,11.00000000,190.30000000,1664931645531,True,True
39357650,17.30000000,11.00000000,190.30000000,1664931645639,True,True
39357651,17.30000000,0.46000000,7.95800000,1664931645733,True,True
39357652,17.29000000,10.54000000,182.23660000,1664931645733,True,True
39357653,17.29000000,11.00000000,190.19000000,1664931649052,True,True
39357654,17.29000000,8.37000000,144.71730000,1664931649155,True,True
39357655,17.29000000,2.63000000,45.47270000,1664931649155,True,True
39357656,17.29000000,1.09000000,18.84610000,1664931649163,True,True
39357657,17.29000000,1.09000000,18.84610000,1664931649165,True,True
39357658,17.29000000,3.56000000,61.55240000,1664931649243,True,True
39357659,17.29000000,11.00000000,190.19000000,1664931649254,True,True
39357660,17.29000000,11.00000000,190.19000000,1664931649355,True,True
39357661,17.29000000,11.00000000,190.19000000,1664931649469,True,True
39357662,17.29000000,11.00000000,190.19000000,1664931649559,True,True
39357663,17.29000000,11.00000000,190.19000000,1664931649668,True,True
39357664,17.29000000,8.37000000,144.71730000,1664931649771,True,True
39357665,17.29000000,2.63000000,45.47270000,1664931649771,True,True
39357666,17.29000000,11.00000000,190.19000000,1664931649860,True,True
39357667,17.29000000,11.00000000,190.19000000,1664931649989,True,True
39357668,17.29000000,11.00000000,190.19000000,1664931650072,True,True
39357669,17.29000000,11.00000000,190.19000000,1664931650173,True,True
39357670,17.29000000,5.82000000,100.62780000,1664931650230,True,True
39357671,17.29000000,2.55000000,44.08950000,1664931650232,True,True
39357672,17.29000000,3.51000000,60.68790000,1664931650232,True,True
39357673,17.29000000,4.86000000,84.02940000,1664931650232,True,True
39357674,17.29000000,0.96000000,16.59840000,1664931650232,True,True
39357675,17.29000000,6.06000000,104.77740000,1664931650232,True,True
39357676,17.29000000,1.35000000,23.34150000,1664931650253,True,True
39357677,17.29000000,8.37000000,144.71730000,1664931650253,True,True
39357678,17.29000000,1.28000000,22.13120000,1664931650253,True,True
39357679,17.29000000,7.09000000,122.58610000,1664931650276,True,True
39357680,17.29000000,8.37000000,144.71730000,1664931650276,True,True
39357681,17.29000000,8.30000000,143.50700000,1664931650276,True,True
39357682,17.28000000,0.69000000,11.92320000,1664931650276,True,True
39357683,17.28000000,1.40000000,24.19200000,1664931650276,True,True
39357684,17.28000000,0.78000000,13.47840000,1664931650276,True,True
39357685,17.28000000,6.21000000,107.30880000,1664931650276,True,True
39357686,17.28000000,55.00000000,950.40000000,1664931650276,True,True
39357687,17.28000000,5.40000000,93.31200000,1664931650276,True,True
39357688,17.28000000,44.46000000,768.26880000,1664931650276,True,True
39357689,17.28000000,14.68000000,253.67040000,1664931650276,True,True
39357690,17.28000000,3.30000000,57.02400000,1664931650276,True,True
39357691,17.28000000,2.59000000,44.75520000,1664931650276,True,True
39357692,17.28000000,13.26000000,229.13280000,1664931650276,True,True
39357693,17.28000000,7.35000000,127.00800000,1664931650276,True,True
39357694,17.28000000,71.33000000,1232.58240000,1664931650276,True,True
39357695,17.28000000,16.67000000,288.05760000,1664931650276,True,True
39357696,17.27000000,1.27000000,21.93290000,1664931650276,True,True
39357697,17.27000000,3.40000000,58.71800000,1664931650276,True,True
39357698,17.27000000,5.21000000,89.97670000,1664931650276,True,True
39357699,17.27000000,3.43000000,59.23610000,1664931650276,True,True
39357700,17.28000000,7.09000000,122.51520000,1664931650355,True,True
39357701,17.28000000,0.82000000,14.16960000,1664931651172,True,True
39357702,17.29000000,22.03000000,380.89870000,1664931651431,False,True
39357703,17.29000000,19.68000000,340.26720000,1664931651431,False,True
39357704,17.29000000,1.09000000,18.84610000,1664931655753,False,True
39357705,17.29000000,1.09000000,18.84610000,1664931655753,False,True
39357706,17.29000000,55.00000000,950.95000000,1664931655753,False,True
39357707,17.29000000,21.83000000,377.44070000,1664931655753,False,True
39357708,17.29000000,11.00000000,190.19000000,1664931655826,True,True
39357709,17.29000000,11.00000000,190.19000000,1664931655932,True,True
39357710,17.29000000,11.00000000,190.19000000,1664931656023,True,True
39357711,17.29000000,4.69000000,81.09010000,1664931656122,True,True
39357712,17.29000000,6.31000000,109.09990000,1664931656122,True,True
39357713,17.29000000,11.00000000,190.19000000,1664931656230,True,True
39357714,17.29000000,11.00000000,190.19000000,1664931656344,True,True
39357715,17.29000000,11.00000000,190.19000000,1664931656450,True,True
39357716,17.29000000,11.00000000,190.19000000,1664931656548,True,True
39357717,17.29000000,4.69000000,81.09010000,1664931656650,True,True
39357718,17.29000000,6.31000000,109.09990000,1664931656650,True,True
39357719,17.29000000,11.00000000,190.19000000,1664931656765,True,True
39357720,17.29000000,11.00000000,190.19000000,1664931656856,True,True
39357721,17.29000000,11.00000000,190.19000000,1664931656956,True,True
39357722,17.29000000,3.57000000,61.72530000,1664931657050,True,True
39357723,17.29000000,7.43000000,128.46470000,1664931657050,True,True
39357724,17.29000000,11.00000000,190.19000000,1664931657144,True,True
39357725,17.29000000,11.00000000,190.19000000,1664931657282,True,True
39357726,17.29000000,11.00000000,190.19000000,1664931657346,True,True
39357727,17.29000000,11.00000000,190.19000000,1664931657455,True,True
39357728,17.30000000,3.30000000,57.09000000,1664931671854,False,True
39357729,17.30000000,2.59000000,44.80700000,1664931671854,False,True
39357730,17.30000000,7.36000000,127.32800000,1664931671854,False,True
39357731,17.30000000,2.70000000,46.71000000,1664931671854,False,True
39357732,17.30000000,38.62000000,668.12600000,1664931671854,False,True
39357733,17.30000000,1.09000000,18.85700000,1664931676173,False,True
39357734,17.30000000,4.68000000,80.96400000,1664931676173,False,True
39357735,17.30000000,15.12000000,261.57600000,1664931676359,False,True
39357736,17.30000000,8.32000000,143.93600000,1664931676359,False,True
39357737,17.30000000,41.14000000,711.72200000,1664931676630,False,True
39357738,17.30000000,15.67000000,271.09100000,1664931676681,False,True
39357739,17.30000000,11.51000000,199.12300000,1664931676682,False,True
39357740,17.30000000,19.00000000,328.70000000,1664931676683,False,True
39357741,17.30000000,10.74000000,185.80200000,1664931676683,False,True
39357742,17.30000000,21.27000000,367.97100000,1664931676685,False,True
39357743,17.30000000,21.35000000,369.35500000,1664931676727,False,True
39357744,17.30000000,1.00000000,17.30000000,1664931676737,False,True
39357745,17.30000000,11.00000000,190.30000000,1664931676809,True,True
39357746,17.30000000,11.00000000,190.30000000,1664931676902,True,True
39357747,17.30000000,11.00000000,190.30000000,1664931676999,True,True
39357748,17.31000000,3.30000000,57.12300000,1664931683629,False,True
39357749,17.31000000,2.59000000,44.83290000,1664931683629,False,True
39357750,17.31000000,30.11000000,521.20410000,1664931683629,False,True
39357751,17.31000000,24.89000000,430.84590000,1664931683689,False,True
39357752,17.31000000,4.60000000,79.62600000,1664931683707,True,True
39357753,17.31000000,1.82000000,31.50420000,1664931683720,True,True
39357754,17.31000000,6.42000000,111.13020000,1664931683720,True,True
39357755,17.31000000,5.06000000,87.58860000,1664931683720,True,True
39357756,17.31000000,13.30000000,230.22300000,1664931683820,True,True
39357757,17.31000000,13.30000000,230.22300000,1664931683922,True,True
39357758,17.31000000,12.81000000,221.74110000,1664931684019,True,True
39357759,17.31000000,0.49000000,8.48190000,1664931684019,True,True
39357760,17.31000000,84.33000000,1459.75230000,1664931684043,True,True
39357761,17.31000000,14.66000000,253.76460000,1664931684119,False,True
39357762,17.31000000,29.80000000,515.83800000,1664931684166,False,True
39357763,17.31000000,6.20000000,107.32200000,1664931684166,False,True
39357764,17.31000000,48.80000000,844.72800000,1664931684203,False,True
39357765,17.31000000,13.30000000,230.22300000,1664931684230,True,True
39357766,17.31000000,13.30000000,230.22300000,1664931684340,True,True
39357767,17.31000000,13.30000000,230.22300000,1664931684446,True,True
39357768,17.31000000,13.30000000,230.22300000,1664931684541,True,True
39357769,17.31000000,13.30000000,230.22300000,1664931684652,True,True
39357770,17.31000000,30.19000000,522.58890000,1664931684707,False,True
39357771,17.31000000,9.71000000,168.08010000,1664931684888,False,True
39357772,17.31000000,55.00000000,952.05000000,1664931684888,False,True
39357773,17.31000000,13.30000000,230.22300000,1664931684947,True,True
39357774,17.31000000,13.30000000,230.22300000,1664931685042,True,True
39357775,17.31000000,13.30000000,230.22300000,1664931685151,True,True
39357776,17.31000000,39.90000000,690.66900000,1664931685193,False,True
39357777,17.31000000,32.10000000,555.65100000,1664931685193,False,True
39357778,17.31000000,13.30000000,230.22300000,1664931685244,True,True
39357779,17.31000000,13.30000000,230.22300000,1664931685350,True,True
39357780,17.30000000,5.76000000,99.64800000,1664931688481,True,True
39357781,17.30000000,0.86000000,14.87800000,1664931694024,True,True
39357782,17.31000000,26.60000000,460.44600000,1664931713987,False,True
39357783,17.31000000,10.74000000,185.90940000,1664931713987,False,True
39357784,17.31000000,2.59000000,44.83290000,1664931714575,False,True
39357785,17.31000000,23.15000000,400.72650000,1664931717998,True,True
39357786,17.31000000,21.31000000,368.87610000,1664931720029,True,True
39357787,17.31000000,36.69000000,635.10390000,1664931720029,True,True
39357788,17.31000000,2.70000000,46.73700000,1664931724725,True,True
39357789,17.30000000,48.38000000,836.97400000,1664931724725,True,True
39357790,17.30000000,6.62000000,114.52600000,1664931724725,True,True
39357791,17.31000000,16.50000000,285.61500000,1664931756101,False,True
39357792,17.31000000,16.50000000,285.61500000,1664931756678,False,True
39357793,17.31000000,1.09000000,18.86790000,1664931756726,False,True
39357794,17.31000000,1.09000000,18.86790000,1664931756726,False,True
39357795,17.31000000,1.77000000,30.63870000,1664931829417,True,True
39357796,17.32000000,1.74000000,30.13680000,1664931906734,False,True
39357797,17.32000000,0.55000000,9.52600000,1664931906734,False,True
39357798,17.32000000,0.72000000,12.47040000,1664931926647,False,True
39357799,17.32000000,61.56000000,1066.21920000,1664931926647,False,True
39357800,17.32000000,161.46000000,2796.48720000,1664931926677,False,True
39357801,17.32000000,31.79000000,550.60280000,1664931926788,False,True
39357802,17.32000000,5.45000000,94.39400000,1664931926847,False,True
39357803,17.32000000,10.42000000,180.47440000,1664931926849,False,True
39357804,17.32000000,27.82000000,481.84240000,1664931927003,False,True
39357805,17.32000000,34.21000000,592.51720000,1664931927147,False,True
39357806,17.32000000,45.26000000,783.90320000,1664931927312,False,True
39357807,17.32000000,11.24000000,194.67680000,1664931927348,False,True
39357808,17.32000000,11.80000000,204.37600000,1664931927349,False,True
39357809,17.32000000,207.60000000,3595.63200000,1664931927386,False,True
39357810,17.32000000,18.51000000,320.59320000,1664931927397,False,True
39357811,17.32000000,20.13000000,348.65160000,1664931927403,False,True
39357812,17.32000000,11.52000000,199.52640000,1664931927420,False,True
39357813,17.32000000,130.98000000,2268.57360000,1664931927469,False,True
39357814,17.32000000,8.66000000,149.99120000,1664931927479,False,True
39357815,17.32000000,43.09000000,746.31880000,1664931927512,False,True
39357816,17.32000000,6.03000000,104.43960000,1664931927523,False,True
39357817,17.32000000,144.18000000,2497.19760000,1664931927567,False,True
39357818,17.32000000,9.01000000,156.05320000,1664931927648,False,True
39357819,17.32000000,144.74000000,2506.89680000,1664931927736,False,True
39357820,17.32000000,153.04000000,2650.65280000,1664931927963,False,True
39357821,17.32000000,4.69000000,81.23080000,1664931928005,False,True
39357822,17.32000000,158.67000000,2748.16440000,1664931928055,False,True
39357823,17.32000000,84.00000000,1454.88000000,1664931928079,False,True
39357824,17.32000000,4.32000000,74.82240000,1664931928105,False,True
39357825,17.32000000,69.82000000,1209.28240000,1664931928122,False,True
39357826,17.33000000,1.45000000,25.12850000,1664931931299,False,True
39357827,17.33000000,0.69000000,11.95770000,1664931944979,False,True
39357828,17.32000000,18.50000000,320.42000000,1664931978356,True,True
39357829,17.32000000,1.50000000,25.98000000,1664931978389,True,True
39357830,17.32000000,15.84000000,274.34880000,1664931978389,True,True
39357831,17.32000000,17.34000000,300.32880000,1664931978498,True,True
39357832,17.32000000,17.34000000,300.32880000,1664931978608,True,True
39357833,17.32000000,12.52000000,216.84640000,1664931978652,True,True
39357834,17.32000000,12.52000000,216.84640000,1664931978652,True,True
39357835,17.32000000,11.31000000,195.88920000,1664931978663,True,True
39357836,17.32000000,11.31000000,195.88920000,1664931978663,True,True
39357837,17.32000000,17.34000000,300.32880000,1664931978698,True,True
39357838,17.32000000,25.68000000,444.77760000,1664931978743,True,True
39357839,17.32000000,17.34000000,300.32880000,1664931978807,True,True
39357840,17.32000000,17.34000000,300.32880000,1664931978910,True,True
39357841,17.32000000,17.34000000,300.32880000,1664931979002,True,True
39357842,17.32000000,36.00000000,623.52000000,1664931979040,True,True
39357843,17.32000000,17.34000000,300.32880000,1664931979097,True,True
39357844,17.32000000,17.34000000,300.32880000,1664931979208,True,True
39357845,17.32000000,17.34000000,300.32880000,1664931979312,True,True
39357846,17.32000000,0.84000000,14.54880000,1664931980996,True,True
39357847,17.32000000,36.23000000,627.50360000,1664931981281,True,True
39357848,17.32000000,2.29000000,39.66280000,1664931986773,True,True
39357849,17.32000000,4.66000000,80.71120000,1664931989307,True,True
39357850,17.32000000,6.64000000,115.00480000,1664931989383,True,True
39357851,17.32000000,82.39000000,1426.99480000,1664931994001,True,True
39357852,17.32000000,43.00000000,744.76000000,1664931994004,True,True
39357853,17.32000000,70.54000000,1221.75280000,1664931994014,True,True
39357854,17.32000000,49.69000000,860.63080000,1664931994039,True,True
39357855,17.32000000,1.01000000,17.49320000,1664931994084,True,True
39357856,17.32000000,4.66000000,80.71120000,1664931994125,True,True
39357857,17.32000000,14.40000000,249.40800000,1664931995790,True,True
39357858,17.32000000,22.36000000,387.27520000,1664932049591,True,True
39357859,17.32000000,4.66000000,80.71120000,1664932057995,True,True
39357860,17.32000000,9.14000000,158.30480000,1664932065378,True,True
39357861,17.32000000,15.28000000,264.64960000,1664932066071,True,True
39357862,17.32000000,37.00000000,640.84000000,1664932066124,True,True
39357863,17.32000000,31.78000000,550.42960000,1664932076153,True,True
39357864,17.32000000,20.00000000,346.40000000,1664932076493,True,True
39357865,17.32000000,205.78000000,3564.10960000,1664932076641,True,True
39357866,17.32000000,8.34000000,144.44880000,1664932076688,True,True
39357867,17.32000000,4.21000000,72.91720000,1664932076688,True,True
39357868,17.32000000,2.77000000,47.97640000,1664932076688,True,True
39357869,17.32000000,16.46000000,285.08720000,1664932076720,True,True
39357870,17.32000000,17.37000000,300.84840000,1664932107657,False,True
39357871,17.32000000,0.94000000,16.28080000,1664932107657,False,True
39357872,17.32000000,1.09000000,18.87880000,1664932107657,False,True
39357873,17.32000000,1.09000000,18.87880000,1664932107657,False,True
39357874,17.32000000,17.53000000,303.61960000,1664932107657,False,True
39357875,17.32000000,4.05000000,70.14600000,1664932113712,False,True
39357876,17.32000000,3.15000000,54.55800000,1664932148153,False,True
39357877,17.32000000,20.05000000,347.26600000,1664932148153,False,True
39357878,17.32000000,1.09000000,18.87880000,1664932148153,False,True
39357879,17.32000000,1.09000000,18.87880000,1664932148153,False,True
39357880,17.32000000,12.91000000,223.60120000,1664932148153,False,True
39357881,17.32000000,19.54000000,338.43280000,1664932148153,False,True
39357882,17.32000000,22.55000000,390.56600000,1664932148154,False,True
39357883,17.32000000,2.47000000,42.78040000,1664932173705,True,True
39357884,17.32000000,2.47000000,42.78040000,1664932175073,True,True
39357885,17.32000000,2.47000000,42.78040000,1664932176999,True,True
39357886,17.33000000,3.30000000,57.18900000,1664932185997,False,True
39357887,17.33000000,17.92000000,310.55360000,1664932185997,False,True
39357888,17.33000000,2.59000000,44.88470000,1664932185997,False,True
39357889,17.33000000,1.78000000,30.84740000,1664932186020,True,True
39357890,17.33000000,43.24000000,749.34920000,1664932221606,True,True
39357891,17.33000000,1.09000000,18.88970000,1664932351843,False,True
39357892,17.33000000,1.09000000,18.88970000,1664932351843,False,True
39357893,17.33000000,14.32000000,248.16560000,1664932351843,False,True
39357894,17.33000000,2.70000000,46.79100000,1664932361835,False,True
39357895,17.33000000,16.07000000,278.49310000,1664932361835,False,True
39357896,17.33000000,42.86000000,742.76380000,1664932361835,False,True
39357897,17.33000000,9.63000000,166.88790000,1664932396146,True,True
39357898,17.34000000,1.09000000,18.90060000,1664932412811,False,True
39357899,17.34000000,1.09000000,18.90060000,1664932412811,False,True
39357900,17.34000000,2.59000000,44.91060000,1664932412811,False,True
39357901,17.34000000,0.85000000,14.73900000,1664932412811,False,True
39357902,17.34000000,0.85000000,14.73900000,1664932412811,False,True
39357903,17.35000000,0.61000000,10.58350000,1664932412865,False,True
39357904,17.35000000,3.14000000,54.47900000,1664932437594,False,True
39357905,17.35000000,1.92000000,33.31200000,1664932469857,False,True
39357906,17.35000000,11.53000000,200.04550000,1664932525919,False,True
39357907,17.35000000,10.00000000,173.50000000,1664932607204,False,True
39357908,17.34000000,78.54000000,1361.88360000,1664932705997,True,True
39357909,17.34000000,20.32000000,352.34880000,1664932705997,True,True
39357910,17.34000000,4.91000000,85.13940000,1664932705999,True,True
39357911,17.34000000,14.63000000,253.68420000,1664932705999,True,True
39357912,17.34000000,19.88000000,344.71920000,1664932706001,True,True
39357913,17.34000000,1.09000000,18.90060000,1664932735979,False,True
39357914,17.34000000,1.09000000,18.90060000,1664932735979,False,True
39357915,17.34000000,21.36000000,370.38240000,1664932735979,False,True
39357916,17.34000000,36.31000000,629.61540000,1664932735984,False,True
39357917,17.34000000,14.64000000,253.85760000,1664932767519,True,True
39357918,17.34000000,2.92000000,50.63280000,1664932768850,False,True
39357919,17.33000000,1.16000000,20.10280000,1664932768995,True,True
39357920,17.34000000,25.49000000,441.99660000,1664932807548,False,True
39357921,17.34000000,1.09000000,18.90060000,1664932807548,False,True
39357922,17.34000000,1.09000000,18.90060000,1664932807548,False,True
39357923,17.34000000,12.62000000,218.83080000,1664932807548,False,True
39357924,17.34000000,29.66000000,514.30440000,1664932807554,False,True
39357925,17.34000000,15.39000000,266.86260000,1664932807560,False,True
39357926,17.34000000,40.76000000,706.77840000,1664932822333,True,True
39357927,17.34000000,19.87000000,344.54580000,1664932822384,True,True
39357928,17.34000000,1.09000000,18.90060000,1664932835751,False,True
39357929,17.34000000,11.86000000,205.65240000,1664932835751,False,True
39357930,17.34000000,36.53000000,633.43020000,1664932835761,False,True
39357931,17.34000000,9.28000000,160.91520000,1664932835771,False,True
39357932,17.34000000,12.12000000,210.16080000,1664932835873,True,True
39357933,17.35000000,1.27000000,22.03450000,1664932861390,False,True
39357934,17.35000000,3.29000000,57.08150000,1664932861390,False,True
39357935,17.35000000,0.69000000,11.97150000,1664932861390,False,True
39357936,17.35000000,5.81000000,100.80350000,1664932861390,False,True
39357937,17.35000000,2.88000000,49.96800000,1664932861390,False,True
39357938,17.35000000,0.85000000,14.74750000,1664932861390,False,True
39357939,17.35000000,25.49000000,442.25150000,1664932861390,False,True
39357940,17.35000000,3.30000000,57.25500000,1664932861390,False,True
39357941,17.35000000,2.59000000,44.93650000,1664932861390,False,True
39357942,17.35000000,3.83000000,66.45050000,1664932861390,False,True
39357943,17.35000000,5.26000000,91.26100000,1664932861447,True,True
39357944,17.35000000,2.28000000,39.55800000,1664932873540,True,True
39357945,17.36000000,0.76000000,13.19360000,1664932874179,False,True
39357946,17.36000000,0.86000000,14.92960000,1664932875444,False,True
39357947,17.35000000,51.51000000,893.69850000,1664932876758,True,True
39357948,17.36000000,28.78000000,499.62080000,1664932910288,False,True
39357949,17.36000000,1.15000000,19.96400000,1664932934831,False,True
39357950,17.35000000,12.45000000,216.00750000,1664932966235,True,True
39357951,17.35000000,69.95000000,1213.63250000,1664932966235,True,True
39357952,17.35000000,55.00000000,954.25000000,1664932966235,True,True
39357953,17.35000000,34.14000000,592.32900000,1664932966235,True,True
39357954,17.35000000,2.29000000,39.73150000,1664933018340,False,True
39357955,17.36000000,11.57000000,200.85520000,1664933025734,False,True
39357956,17.36000000,23.04000000,399.97440000,1664933048958,False,True
39357957,17.36000000,28.80000000,499.96800000,1664933067278,False,True
39357958,17.36000000,0.69000000,11.97840000,1664933114419,False,True
39357959,17.36000000,2.55000000,44.26800000,1664933114419,False,True
39357960,17.36000000,12.50000000,217.00000000,1664933114419,False,True
39357961,17.36000000,17.36000000,301.36960000,1664933114419,False,True
39357962,17.36000000,11.01000000,191.13360000,1664933114455,False,True
39357963,17.36000000,37.04000000,643.01440000,1664933114459,False,True
39357964,17.36000000,12.95000000,224.81200000,1664933114879,False,True
39357965,17.36000000,84.00000000,1458.24000000,1664933114893,False,True
39357966,17.36000000,9.84000000,170.82240000,1664933114967,False,True
39357967,17.36000000,6.34000000,110.06240000,1664933114967,False,True
39357968,17.36000000,22.09000000,383.48240000,1664933114968,False,True
39357969,17.36000000,8.80000000,152.76800000,1664933114970,False,True
39357970,17.36000000,34.67000000,601.87120000,1664933114970,False,True
39357971,17.36000000,6.26000000,108.67360000,1664933114970,False,True
39357972,17.36000000,9.84000000,170.82240000,1664933114971,False,True
39357973,17.36000000,46.29000000,803.59440000,1664933114978,False,True
39357974,17.36000000,16.63000000,288.69680000,1664933114981,False,True
39357975,17.36000000,75.00000000,1302.00000000,1664933115014,False,True
39357976,17.36000000,0.61000000,10.58960000,1664933115024,False,True
39357977,17.36000000,7.29000000,126.55440000,1664933115067,False,True
39357978,17.36000000,7.79000000,135.23440000,1664933115075,False,True
39357979,17.36000000,149.15000000,2589.24400000,1664933115218,False,True
39357980,17.36000000,0.85000000,14.75600000,1664933115218,False,True
39357981,17.36000000,0.85000000,14.75600000,1664933115218,False,True
39357982,17.36000000,17.77000000,308.48720000,1664933115218,False,True
39357983,17.36000000,0.63000000,10.93680000,1664933124269,True,True
39357984,17.36000000,55.00000000,954.80000000,1664933127258,True,True
39357985,17.36000000,55.00000000,954.80000000,1664933127258,True,True
39357986,17.35000000,86.74000000,1504.93900000,1664933157486,True,True
39357987,17.35000000,9.07000000,157.36450000,1664933157486,True,True
39357988,17.35000000,69.63000000,1208.08050000,1664933157490,True,True
39357989,17.35000000,88.24000000,1530.96400000,1664933157524,True,True
39357990,17.35000000,48.64000000,843.90400000,1664933157533,True,True
39357991,17.35000000,16.01000000,277.77350000,1664933157533,True,True
39357992,17.35000000,20.01000000,347.17350000,1664933157533,True,True
39357993,17.35000000,15.65000000,271.52750000,1664933157533,True,True
39357994,17.35000000,37.92000000,657.91200000,1664933157533,True,True
39357995,17.34000000,6.75000000,117.04500000,1664933157743,True,True
39357996,17.34000000,13.85000000,240.15900000,1664933183115,True,True
39357997,17.34000000,7.52000000,130.39680000,1664933189433,True,True
39357998,17.34000000,3.30000000,57.22200000,1664933189433,True,True
39357999,17.34000000,2.59000000,44.91060000,1664933189433,True,True
39358000,17.34000000,2.70000000,46.81800000,1664933189433,True,True
39358001,17.34000000,23.48000000,407.14320000,1664933191330,False,True
39358002,17.35000000,35.43000000,614.71050000,1664933225926,False,True
39358003,17.35000000,10.18000000,176.62300000,1664933225936,False,True
39358004,17.35000000,2.00000000,34.70000000,1664933225981,False,True
39358005,17.36000000,3.30000000,57.28800000,1664933233396,False,True
39358006,17.36000000,2.59000000,44.96240000,1664933233396,False,True
39358007,17.36000000,9.62000000,167.00320000,1664933233396,False,True
39358008,17.36000000,6.63000000,115.09680000,1664933233402,False,True
39358009,17.36000000,0.78000000,13.54080000,1664933233412,False,True
39358010,17.37000000,11.52000000,200.10240000,1664933241744,False,True
39358011,17.37000000,125.88000000,2186.53560000,1664933267470,False,True
39358012,17.37000000,22.24000000,386.30880000,1664933267473,False,True
39358013,17.37000000,111.86000000,1943.00820000,1664933267489,False,True
39358014,17.37000000,25.00000000,434.25000000,1664933279826,False,True
39358015,17.37000000,2.29000000,39.77730000,1664933296290,False,True
39358016,17.37000000,185.54000000,3222.82980000,1664933328466,False,True
39358017,17.37000000,11.52000000,200.10240000,1664933329321,False,True
39358018,17.37000000,0.61000000,10.59570000,1664933334294,False,True
39358019,17.36000000,2.89000000,50.17040000,1664933384594,True,True
39358020,17.36000000,55.00000000,954.80000000,1664933483673,True,True
39358021,17.36000000,19.01000000,330.01360000,1664933483673,True,True
39358022,17.36000000,3.03000000,52.60080000,1664933483679,True,True
39358023,17.36000000,21.83000000,378.96880000,1664933483679,True,True
39358024,17.36000000,5.50000000,95.48000000,1664933483737,True,True
39358025,17.36000000,5.07000000,88.01520000,1664933483737,True,True
39358026,17.36000000,9.83000000,170.64880000,1664933483749,True,True
39358027,17.35000000,13.26000000,230.06100000,1664933484174,True,True
39358028,17.36000000,1.67000000,28.99120000,1664933693013,False,True
39358029,17.36000000,1.16000000,20.13760000,1664933707146,False,True
39358030,17.35000000,6.41000000,111.21350000,1664933717229,True,True
39358031,17.36000000,20.10000000,348.93600000,1664933725076,False,True
39358032,17.35000000,15.82000000,274.47700000,1664933758780,True,True
39358033,17.35000000,41.63000000,722.28050000,1664933758780,True,True
39358034,17.36000000,14.39000000,249.81040000,1664933769406,False,True
39358035,17.35000000,8.29000000,143.83150000,1664933833512,True,True
39358036,17.35000000,17.29000000,299.98150000,1664933833512,True,True
39358037,17.35000000,13.92000000,241.51200000,1664933833512,True,True
39358038,17.35000000,7.00000000,121.45000000,1664933833666,True,True
39358039,17.35000000,4.66000000,80.85100000,1664933833698,True,True
39358040,17.35000000,29.97000000,519.97950000,1664933833825,True,True
39358041,17.35000000,1.77000000,30.70950000,1664933835237,True,True
39358042,17.35000000,4.66000000,80.85100000,1664933835476,True,True
39358043,17.35000000,7.49000000,129.95150000,1664933835944,True,True
39358044,17.35000000,36.99000000,641.77650000,1664933836031,True,True
39358045,17.35000000,19.38000000,336.24300000,1664933891153,False,True
39358046,17.35000000,5.00000000,86.75000000,1664933893098,True,True
39358047,17.35000000,1.87000000,32.44450000,1664933941596,True,True
39358048,17.36000000,0.58000000,10.06880000,1664933956759,False,True
39358049,17.35000000,20.08000000,348.38800000,1664934024280,True,True
39358050,17.35000000,13.60000000,235.96000000,1664934025486,True,True
39358051,17.35000000,44.35000000,769.47250000,1664934025486,True,True
39358052,17.35000000,8.11000000,140.70850000,1664934025486,True,True
39358053,17.34000000,22.04000000,382.17360000,1664934025784,True,True
39358054,17.34000000,2.00000000,34.68000000,1664934025784,True,True
39358055,17.34000000,3.30000000,57.22200000,1664934025784,True,True
39358056,17.34000000,19.90000000,345.06600000,1664934025784,True,True
39358057,17.34000000,0.93000000,16.12620000,1664934027267,True,True
39358058,17.34000000,74.17000000,1286.10780000,1664934027587,True,True
39358059,17.34000000,46.77000000,810.99180000,1664934027599,True,True
39358060,17.34000000,16.73000000,290.09820000,1664934027602,True,True
39358061,17.34000000,11.40000000,197.67600000,1664934027613,True,True
39358062,17.34000000,2.59000000,44.91060000,1664934027613,True,True
39358063,17.33000000,4.66000000,80.75780000,1664934028204,True,True
39358064,17.33000000,2.71000000,46.96430000,1664934030589,False,True
39358065,17.33000000,0.71000000,12.30430000,1664934037915,False,True
39358066,17.33000000,1.69000000,29.28770000,1664934062393,True,True
39358067,17.34000000,57.99000000,1005.54660000,1664934063060,False,True
39358068,17.34000000,21.52000000,373.15680000,1664934068143,False,True
39358069,17.34000000,14.14000000,245.18760000,1664934068143,False,True
39358070,17.33000000,2.13000000,36.91290000,1664934094853,True,True
39358071,17.33000000,39.47000000,684.01510000,1664934102078,True,True
39358072,17.33000000,34.49000000,597.71170000,1664934102078,True,True
39358073,17.34000000,7.90000000,136.98600000,1664934127226,False,True
39358074,17.34000000,14.68000000,254.55120000,1664934127226,False,True
39358075,17.34000000,30.49000000,528.69660000,1664934127226,False,True
39358076,17.33000000,20.51000000,355.43830000,1664934135298,True,True
39358077,17.33000000,15.15000000,262.54950000,1664934135298,True,True
39358078,17.33000000,14.68000000,254.40440000,1664934171666,False,True
39358079,17.33000000,19.00000000,329.27000000,1664934171666,False,True
39358080,17.33000000,48.46000000,839.81180000,1664934171668,False,True
39358081,17.33000000,18.04000000,312.63320000,1664934171668,False,True
39358082,17.33000000,65.28000000,1131.30240000,1664934171669,False,True
39358083,17.33000000,18.22000000,315.75260000,1664934171671,False,True
39358084,17.33000000,18.40000000,318.87200000,1664934171671,False,True
39358085,17.33000000,36.60000000,634.27800000,1664934171674,False,True
39358086,17.34000000,13.98000000,242.41320000,1664934171719,False,True
39358087,17.34000000,55.00000000,953.70000000,1664934171719,False,True
39358088,17.34000000,55.00000000,953.70000000,1664934171719,False,True
39358089,17.34000000,0.52000000,9.01680000,1664934171719,False,True
39358090,17.34000000,77.91000000,1350.95940000,1664934172134,False,True
39358091,17.34000000,10.03000000,173.92020000,1664934172134,False,True
39358092,17.35000000,0.61000000,10.58350000,1664934185433,False,True
39358093,17.35000000,0.61000000,10.58350000,1664934245221,False,True
39358094,17.36000000,6.90000000,119.78400000,1664934246045,False,True
39358095,17.36000000,2.70000000,46.87200000,1664934246373,False,True
39358096,17.36000000,5.17000000,89.75120000,1664934246373,False,True
39358097,17.36000000,5.58000000,96.86880000,1664934246542,False,True
39358098,17.36000000,3.93000000,68.22480000,1664934246875,False,True
39358099,17.36000000,0.79000000,13.71440000,1664934246875,False,True
39358100,17.36000000,1.14000000,19.79040000,1664934247085,False,True
39358101,17.35000000,65.28000000,1132.60800000,1664934251668,True,True
39358102,17.35000000,13.17000000,228.49950000,1664934251698,True,True
39358103,17.35000000,23.43000000,406.51050000,1664934251698,True,True
39358104,17.35000000,29.66000000,514.60100000,1664934266271,True,True
39358105,17.35000000,1.10000000,19.08500000,1664934279535,True,True
39358106,17.36000000,2.59000000,44.96240000,1664934288014,False,True
39358107,17.36000000,3.30000000,57.28800000,1664934288014,False,True
39358108,17.36000000,11.52000000,199.98720000,1664934288687,True,True
39358109,17.36000000,17.67000000,306.75120000,1664934288687,True,True
39358110,17.36000000,21.57000000,374.45520000,1664934288687,True,True
39358111,17.36000000,21.24000000,368.72640000,1664934288687,True,True
39358112,17.36000000,2.28000000,39.58080000,1664934301531,False,True
39358113,17.35000000,5.50000000,95.42500000,1664934451592,True,True
39358114,17.35000000,29.67000000,514.77450000,1664934451592,True,True
39358115,17.35000000,18.03000000,312.82050000,1664934545222,True,True
39358116,17.35000000,46.10000000,799.83500000,1664934545222,True,True
39358117,17.35000000,5.31000000,92.12850000,1664934545222,True,True
39358118,17.35000000,28.14000000,488.22900000,1664934564906,True,True
39358119,17.35000000,1.09000000,18.91150000,1664934564906,True,True
39358120,17.35000000,0.27000000,4.68450000,1664934564906,True,True
39358121,17.35000000,0.82000000,14.22700000,1664934564921,True,True
39358122,17.35000000,55.00000000,954.25000000,1664934564921,True,True
39358123,17.35000000,14.68000000,254.69800000,1664934564921,True,True
39358124,17.35000000,7.37000000,127.86950000,1664934564921,True,True
39358125,17.35000000,16.60000000,288.01000000,1664934564921,True,True
39358126,17.35000000,7.29000000,126.48150000,1664934564931,True,True
39358127,17.35000000,6.46000000,112.08100000,1664934564931,True,True
39358128,17.35000000,7.29000000,126.48150000,1664934564931,True,True
39358129,17.35000000,8.46000000,146.78100000,1664934564940,True,True
39358130,17.35000000,48.58000000,842.86300000,1664934614087,False,True
39358131,17.35000000,6.42000000,111.38700000,1664934614088,False,True
39358132,17.35000000,3.83000000,66.45050000,1664934614088,False,True
39358133,17.35000000,3.54000000,61.41900000,1664934614096,False,True
39358134,17.35000000,9.01000000,156.32350000,1664934614096,False,True
39358135,17.35000000,3.00000000,52.05000000,1664934614097,False,True
39358136,17.35000000,3.80000000,65.93000000,1664934614097,False,True
39358137,17.35000000,8.13000000,141.05550000,1664934614098,False,True
39358138,17.35000000,7.98000000,138.45300000,1664934614098,False,True
39358139,17.35000000,1.11000000,19.25850000,1664934614098,False,True
39358140,17.35000000,10.23000000,177.49050000,1664934614098,False,True
39358141,17.35000000,16.69000000,289.57150000,1664934614098,False,True
39358142,17.35000000,6.75000000,117.11250000,1664934614101,False,True
39358143,17.35000000,7.04000000,122.14400000,1664934614103,False,True
39358144,17.35000000,14.93000000,259.03550000,1664934614104,False,True
39358145,17.35000000,7.08000000,122.83800000,1664934614105,False,True
39358146,17.35000000,9.24000000,160.31400000,1664934614108,False,True
39358147,17.35000000,6.44000000,111.73400000,1664934614109,False,True
39358148,17.35000000,2.80000000,48.58000000,1664934614109,False,True
39358149,17.35000000,83.87000000,1455.14450000,1664934614110,False,True
39358150,17.36000000,16.16000000,280.53760000,1664934614112,False,True
39358151,17.36000000,5.09000000,88.36240000,1664934614118,False,True
39358152,17.36000000,5.84000000,101.38240000,1664934614118,False,True
39358153,17.36000000,5.57000000,96.69520000,1664934614120,False,True
39358154,17.36000000,9.44000000,163.87840000,1664934614154,False,True
39358155,17.36000000,10.36000000,179.84960000,1664934614221,False,True
39358156,17.36000000,13.11000000,227.58960000,1664934614221,False,True
39358157,17.36000000,14.43000000,250.50480000,1664934614221,False,True
39358158,17.36000000,12.10000000,210.05600000,1664934614318,False,True
39358159,17.35000000,1.85000000,32.09750000,1664934614746,True,True
39358160,17.35000000,53.77000000,932.90950000,1664934630333,True,True
39358161,17.35000000,55.00000000,954.25000000,1664934630333,True,True
39358162,17.35000000,19.44000000,337.28400000,1664934630333,True,True
39358163,17.35000000,1.73000000,30.01550000,1664934647223,True,True
39358164,17.35000000,0.56000000,9.71600000,1664934647223,True,True
39358165,17.35000000,2.06000000,35.74100000,1664934654804,True,True
39358166,17.35000000,1.32000000,22.90200000,1664934684424,True,True
39358167,17.35000000,46.10000000,799.83500000,1664934697926,True,True
39358168,17.35000000,1.09000000,18.91150000,1664934697926,True,True
39358169,17.35000000,7.77000000,134.80950000,1664934697926,True,True
39358170,17.34000000,1.09000000,18.90060000,1664934792965,True,True
39358171,17.34000000,11.80000000,204.61200000,1664934854142,True,True
39358172,17.34000000,9.46000000,164.03640000,1664934854142,True,True
39358173,17.34000000,36.00000000,624.24000000,1664934854195,True,True
39358174,17.34000000,0.82000000,14.21880000,1664934854498,True,True
39358175,17.34000000,1.02000000,17.68680000,1664934854498,True,True
39358176,17.34000000,1.57000000,27.22380000,1664934854500,True,True
39358177,17.34000000,0.27000000,4.68180000,1664934854500,True,True
39358178,17.34000000,1.84000000,31.90560000,1664934854501,True,True
39358179,17.34000000,1.84000000,31.90560000,1664934854503,True,True
39358180,17.34000000,1.84000000,31.90560000,1664934854504,True,True
39358181,17.34000000,1.84000000,31.90560000,1664934854513,True,True
39358182,17.34000000,1.95000000,33.81300000,1664934854563,False,True
39358183,17.34000000,2.90000000,50.28600000,1664935047243,True,True
39358184,17.34000000,0.92000000,15.95280000,1664935137775,True,True
39358185,17.34000000,35.75000000,619.90500000,1664935199014,True,True
39358186,17.34000000,46.13000000,799.89420000,1664935199014,True,True
39358187,17.34000000,12.69000000,220.04460000,1664935199014,True,True
39358188,17.34000000,6.58000000,114.09720000,1664935199014,True,True
39358189,17.34000000,37.54000000,650.94360000,1664935200966,False,True
39358190,17.34000000,5.35000000,92.76900000,1664935200966,False,True
39358191,17.34000000,1.31000000,22.71540000,1664935200966,False,True
39358192,17.34000000,16.12000000,279.52080000,1664935200976,False,True
39358193,17.34000000,28.34000000,491.41560000,1664935200981,False,True
39358194,17.35000000,1.47000000,25.50450000,1664935210377,False,True
39358195,17.34000000,44.46000000,770.93640000,1664935241426,True,True
39358196,17.34000000,10.41000000,180.50940000,1664935241426,True,True
39358197,17.35000000,1.67000000,28.97450000,1664935282189,False,True
39358198,17.35000000,7.63000000,132.38050000,1664935282189,False,True
39358199,17.35000000,0.76000000,13.18600000,1664935303822,False,True
39358200,17.35000000,7.46000000,129.43100000,1664935304195,False,True
39358201,17.35000000,6.12000000,106.18200000,1664935304211,False,True
39358202,17.35000000,6.81000000,118.15350000,1664935304452,False,True
39358203,17.35000000,6.04000000,104.79400000,1664935304452,False,True
39358204,17.35000000,35.00000000,607.25000000,1664935324403,False,True
39358205,17.35000000,8.98000000,155.80300000,1664935329877,False,True
39358206,17.35000000,6.02000000,104.44700000,1664935329877,False,True
39358207,17.35000000,1.29000000,22.38150000,1664935346823,False,True
39358208,17.35000000,43.96000000,762.70600000,1664935385977,True,True
39358209,17.35000000,11.04000000,191.54400000,1664935385986,True,True
39358210,17.35000000,20.11000000,348.90850000,1664935385986,True,True
39358211,17.35000000,35.47000000,615.40450000,1664935385988,True,True
39358212,17.35000000,7.32000000,127.00200000,1664935385988,True,True
39358213,17.34000000,53.08000000,920.40720000,1664935404233,True,True
39358214,17.34000000,1.92000000,33.29280000,1664935404233,True,True
39358215,17.34000000,55.00000000,953.70000000,1664935404233,True,True
39358216,17.34000000,51.09000000,885.90060000,1664935404233,True,True
39358217,17.34000000,44.01000000,763.13340000,1664935404233,True,True
39358218,17.33000000,1.12000000,19.40960000,1664935608098,True,True
39358219,17.33000000,1.37000000,23.74210000,1664935608136,True,True
39358220,17.33000000,0.81000000,14.03730000,1664935608137,True,True
39358221,17.33000000,0.56000000,9.70480000,1664935608137,True,True
39358222,17.33000000,1.37000000,23.74210000,1664935608139,True,True
39358223,17.33000000,1.37000000,23.74210000,1664935608139,True,True
39358224,17.33000000,1.37000000,23.74210000,1664935608139,True,True
39358225,17.33000000,1.71000000,29.63430000,1664935608599,True,True
39358226,17.33000000,0.88000000,15.25040000,1664935608601,True,True
39358227,17.33000000,0.83000000,14.38390000,1664935608601,True,True
39358228,17.33000000,1.71000000,29.63430000,1664935608603,True,True
39358229,17.34000000,34.60000000,599.96400000,1664935629455,False,True
39358230,17.33000000,3.18000000,55.10940000,1664935688610,False,True
39358231,17.33000000,0.99000000,17.15670000,1664935709687,False,True
39358232,17.32000000,1.86000000,32.21520000,1664935779816,True,True
39358233,17.32000000,5.40000000,93.52800000,1664935779816,True,True
39358234,17.32000000,6.96000000,120.54720000,1664935779816,True,True
39358235,17.32000000,11.05000000,191.38600000,1664935779816,True,True
39358236,17.32000000,6.21000000,107.55720000,1664935779816,True,True
39358237,17.31000000,8.88000000,153.71280000,1664935805151,True,True
39358238,17.32000000,19.16000000,331.85120000,1664935810240,False,True
39358239,17.32000000,7.32000000,126.78240000,1664935810240,False,True
39358240,17.32000000,5.67000000,98.20440000,1664935810240,False,True
39358241,17.32000000,16.21000000,280.75720000,1664935833525,False,True
39358242,17.32000000,14.52000000,251.48640000,1664935833525,False,True
39358243,17.32000000,1.06000000,18.35920000,1664935833627,False,True
39358244,17.32000000,18.24000000,315.91680000,1664935842298,False,True
39358245,17.32000000,7.37000000,127.64840000,1664935842298,False,True
39358246,17.32000000,20.99000000,363.54680000,1664935842298,False,True
39358247,17.32000000,0.61000000,10.56520000,1664935863248,True,True
39358248,17.33000000,77.98000000,1351.39340000,1664935879647,False,True
39358249,17.33000000,7.37000000,127.72210000,1664935879647,False,True
39358250,17.33000000,8.68000000,150.42440000,1664935879647,False,True
39358251,17.33000000,1.11000000,19.23630000,1664935879647,False,True
39358252,17.33000000,7.41000000,128.41530000,1664935879647,False,True
39358253,17.33000000,9.52000000,164.98160000,1664935880061,False,True
39358254,17.33000000,9.01000000,156.14330000,1664935880061,False,True
39358255,17.33000000,0.72000000,12.47760000,1664935880061,False,True
39358256,17.33000000,1.82000000,31.54060000,1664935973847,False,True
39358257,17.33000000,3.27000000,56.66910000,1664935973847,False,True
39358258,17.33000000,1.00000000,17.33000000,1664936045247,False,True
39358259,17.33000000,34.10000000,590.95300000,1664936045297,True,True
