47253035,17.71000000,1.74000000,30.81540000,1680307216409,False,True
47253036,17.71000000,3.61000000,63.93310000,1680307216409,False,True
47253037,17.72000000,0.68000000,12.04960000,1680307218060,False,True
47253038,17.72000000,0.95000000,16.83400000,1680307221701,False,True
47253039,17.72000000,0.44000000,7.79680000,1680307224102,False,True
47253040,17.72000000,1.34000000,23.74480000,1680307224111,False,True
47253041,17.72000000,1.79000000,31.71880000,1680307224115,False,True
47253042,17.72000000,0.23000000,4.07560000,1680307224115,False,True
47253043,17.72000000,1.40000000,24.80800000,1680307224119,False,True
47253044,17.72000000,2.83000000,50.14760000,1680307224279,True,True
47253045,17.72000000,5.64000000,99.94080000,1680307227337,True,True
47253046,17.72000000,0.44000000,7.79680000,1680307233119,True,True
47253047,17.72000000,24.68000000,437.32960000,1680307233120,True,True
47253048,17.72000000,20.61000000,365.20920000,1680307233121,True,True
47253049,17.72000000,1.74000000,30.83280000,1680307233136,True,True
47253050,17.72000000,1.74000000,30.83280000,1680307252830,False,True
47253051,17.73000000,15.41000000,273.21930000,1680307252830,False,True
47253052,17.72000000,1.46000000,25.87120000,1680307252865,True,True
47253053,17.72000000,0.44000000,7.79680000,1680307260134,True,True
47253054,17.73000000,3.55000000,62.94150000,1680307274086,False,True
47253055,17.73000000,3.30000000,58.50900000,1680307274086,False,True
47253056,17.73000000,1.42000000,25.17660000,1680307274086,False,True
47253057,17.73000000,3.58000000,63.47340000,1680307274097,True,True
47253058,17.73000000,4.29000000,76.06170000,1680307274263,True,True
47253059,17.73000000,4.29000000,76.06170000,1680307284389,True,True
47253060,17.73000000,4.29000000,76.06170000,1680307289849,True,True
47253061,17.73000000,1.56000000,27.65880000,1680307291524,True,True
47253062,17.74000000,1.18000000,20.93320000,1680307294051,False,True
47253063,17.73000000,0.66000000,11.70180000,1680307299171,True,True
47253064,17.73000000,1.08000000,19.14840000,1680307299297,True,True
47253065,17.73000000,2.65000000,46.98450000,1680307299297,True,True
47253066,17.73000000,0.56000000,9.92880000,1680307299297,True,True
47253067,17.73000000,0.66000000,11.70180000,1680307301371,True,True
47253068,17.74000000,0.56000000,9.93440000,1680307301626,False,True
47253069,17.74000000,5.07000000,89.94180000,1680307301626,False,True
47253070,17.73000000,0.04000000,0.70920000,1680307308620,True,True
47253071,17.73000000,1.42000000,25.17660000,1680307308620,True,True
47253072,17.73000000,0.78000000,13.82940000,1680307308620,True,True
47253073,17.73000000,3.37000000,59.75010000,1680307308632,True,True
47253074,17.73000000,1.34000000,23.75820000,1680307345527,True,True
47253075,17.73000000,1.74000000,30.85020000,1680307350408,True,True
47253076,17.73000000,0.57000000,10.10610000,1680307362972,False,True
47253077,17.73000000,0.66000000,11.70180000,1680307369020,False,True
47253078,17.73000000,0.19000000,3.36870000,1680307369020,False,True
47253079,17.73000000,1.42000000,25.17660000,1680307369020,False,True
47253080,17.73000000,1.74000000,30.85020000,1680307382666,True,True
47253081,17.73000000,0.66000000,11.70180000,1680307384834,True,True
47253082,17.73000000,1.08000000,19.14840000,1680307384835,True,True
47253083,17.73000000,1.74000000,30.85020000,1680307397124,False,True
47253084,17.73000000,2.68000000,47.51640000,1680307397124,False,True
47253085,17.73000000,23.78000000,421.61940000,1680307397124,False,True
47253086,17.72000000,1.29000000,22.85880000,1680307407726,True,True
47253087,17.72000000,1.42000000,25.16240000,1680307407726,True,True
47253088,17.72000000,1.49000000,26.40280000,1680307407726,True,True
47253089,17.72000000,42.30000000,749.55600000,1680307407726,True,True
47253090,17.72000000,14.10000000,249.85200000,1680307407726,True,True
47253091,17.72000000,0.89000000,15.77080000,1680307436130,False,True
47253092,17.72000000,0.85000000,15.06200000,1680307469916,False,True
47253093,17.72000000,1.42000000,25.16240000,1680307469916,False,True
47253094,17.73000000,17.71000000,313.99830000,1680307469951,False,True
47253095,17.73000000,45.73000000,810.79290000,1680307469951,False,True
47253096,17.73000000,14.10000000,249.99300000,1680307469951,False,True
47253097,17.73000000,99.00000000,1755.27000000,1680307469951,False,True
47253098,17.73000000,10.49000000,185.98770000,1680307469951,False,True
47253099,17.73000000,13.97000000,247.68810000,1680307514459,False,True
47253100,17.73000000,59.28000000,1051.03440000,1680307514459,False,True
47253101,17.73000000,23.56000000,417.71880000,1680307514459,False,True
47253102,17.73000000,6.91000000,122.51430000,1680307514583,True,True
47253103,17.73000000,3.46000000,61.34580000,1680307514638,True,True
47253104,17.74000000,14.93000000,264.85820000,1680307533807,False,True
47253105,17.74000000,3.30000000,58.54200000,1680307533807,False,True
47253106,17.74000000,1.42000000,25.19080000,1680307533807,False,True
47253107,17.75000000,1.74000000,30.88500000,1680307533807,False,True
47253108,17.75000000,7.61000000,135.07750000,1680307533807,False,True
47253109,17.74000000,1.74000000,30.86760000,1680307533818,True,True
47253110,17.74000000,0.55000000,9.75700000,1680307533818,True,True
47253111,17.74000000,45.77000000,811.95980000,1680307535905,True,True
47253112,17.74000000,0.44000000,7.80560000,1680307535930,True,True
47253113,17.74000000,0.44000000,7.80560000,1680307536080,True,True
47253114,17.74000000,0.86000000,15.25640000,1680307536081,True,True
47253115,17.74000000,1.42000000,25.19080000,1680307536081,True,True
47253116,17.74000000,1.74000000,30.86760000,1680307560719,False,True
47253117,17.74000000,0.50000000,8.87000000,1680307560719,False,True
47253118,17.74000000,0.17000000,3.01580000,1680307560722,False,True
47253119,17.75000000,12.39000000,219.92250000,1680307567083,False,True
47253120,17.75000000,1.41000000,25.02750000,1680307567083,False,True
47253121,17.75000000,3.30000000,58.57500000,1680307567083,False,True
47253122,17.75000000,1.42000000,25.20500000,1680307567083,False,True
47253123,17.75000000,17.79000000,315.77250000,1680307567083,False,True
47253124,17.76000000,20.00000000,355.20000000,1680307572199,False,True
47253125,17.76000000,5.63000000,99.98880000,1680307572199,False,True
47253126,17.76000000,3.30000000,58.60800000,1680307572199,False,True
47253127,17.76000000,1.74000000,30.90240000,1680307572210,True,True
47253128,17.76000000,2.66000000,47.24160000,1680307582016,True,True
47253129,17.76000000,1.63000000,28.94880000,1680307582016,True,True
47253130,17.77000000,0.61000000,10.83970000,1680307597087,False,True
47253131,17.77000000,0.59000000,10.48430000,1680307597087,False,True
47253132,17.77000000,19.41000000,344.91570000,1680307621356,False,True
47253133,17.77000000,0.67000000,11.90590000,1680307621356,False,True
47253134,17.77000000,1.85000000,32.87450000,1680307621356,False,True
47253135,17.77000000,3.00000000,53.31000000,1680307621356,False,True
47253136,17.77000000,3.30000000,58.64100000,1680307621356,False,True
47253137,17.77000000,4.29000000,76.23330000,1680307621441,True,True
47253138,17.78000000,0.66000000,11.73480000,1680307690509,False,True
47253139,17.78000000,19.34000000,343.86520000,1680307690513,False,True
47253140,17.78000000,3.00000000,53.34000000,1680307690513,False,True
47253141,17.78000000,3.30000000,58.67400000,1680307690513,False,True
47253142,17.78000000,1.74000000,30.93720000,1680307690513,False,True
47253143,17.78000000,1.49000000,26.49220000,1680307690524,True,True
47253144,17.79000000,0.15000000,2.66850000,1680307718533,False,True
47253145,17.79000000,3.90000000,69.38100000,1680307718533,False,True
47253146,17.79000000,0.10000000,1.77900000,1680307728518,False,True
47253147,17.79000000,20.00000000,355.80000000,1680307728518,False,True
47253148,17.79000000,0.72000000,12.80880000,1680307728518,False,True
47253149,17.79000000,3.00000000,53.37000000,1680307728518,False,True
47253150,17.79000000,0.34000000,6.04860000,1680307728518,False,True
47253151,17.79000000,3.30000000,58.70700000,1680307728518,False,True
47253152,17.79000000,34.92000000,621.22680000,1680307728518,False,True
47253153,17.79000000,1.74000000,30.95460000,1680307737311,True,True
47253154,17.79000000,2.55000000,45.36450000,1680307737311,True,True
47253155,17.80000000,1.72000000,30.61600000,1680307748117,False,True
47253156,17.80000000,12.88000000,229.26400000,1680307748117,False,True
47253157,17.80000000,14.79000000,263.26200000,1680307748773,False,True
47253158,17.80000000,166.50000000,2963.70000000,1680307749003,False,True
47253159,17.80000000,14.40000000,256.32000000,1680307749946,False,True
47253160,17.80000000,5.60000000,99.68000000,1680307751608,False,True
47253161,17.80000000,1.41000000,25.09800000,1680307751608,False,True
47253162,17.80000000,1.85000000,32.93000000,1680307751608,False,True
47253163,17.80000000,5.61000000,99.85800000,1680307751608,False,True
47253164,17.80000000,42.14000000,750.09200000,1680307751744,False,True
47253165,17.80000000,3.00000000,53.40000000,1680307751744,False,True
47253166,17.80000000,0.67000000,11.92600000,1680307751744,False,True
47253167,17.80000000,1.15000000,20.47000000,1680307751744,False,True
47253168,17.80000000,24.04000000,427.91200000,1680307751744,False,True
47253169,17.80000000,4.21000000,74.93800000,1680307752183,False,True
47253170,17.80000000,3.30000000,58.74000000,1680307752183,False,True
47253171,17.80000000,219.50000000,3907.10000000,1680307752233,False,True
47253172,17.80000000,211.48000000,3764.34400000,1680307752237,False,True
47253173,17.81000000,8.02000000,142.83620000,1680307752237,False,True
47253174,17.80000000,1.73000000,30.79400000,1680307752246,True,True
47253175,17.80000000,2.68000000,47.70400000,1680307752351,True,True
47253176,17.80000000,1.62000000,28.83600000,1680307752351,True,True
47253177,17.81000000,1.98000000,35.26380000,1680307755148,False,True
47253178,17.81000000,0.67000000,11.93270000,1680307755148,False,True
47253179,17.81000000,20.00000000,356.20000000,1680307755148,False,True
47253180,17.81000000,3.00000000,53.43000000,1680307755148,False,True
47253181,17.81000000,0.68000000,12.11080000,1680307755148,False,True
47253182,17.81000000,29.67000000,528.42270000,1680307755148,False,True
47253183,17.81000000,14.14000000,251.83340000,1680307755288,False,True
47253184,17.81000000,6.19000000,110.24390000,1680307758032,False,True
47253185,17.81000000,3.30000000,58.77300000,1680307758032,False,True
47253186,17.81000000,1.87000000,33.30470000,1680307758032,False,True
47253187,17.81000000,1.73000000,30.81130000,1680307758032,False,True
47253188,17.81000000,4.29000000,76.40490000,1680307758159,True,True
47253189,17.81000000,1.73000000,30.81130000,1680307758214,True,True
47253190,17.81000000,2.58000000,45.94980000,1680307758214,True,True
47253191,17.81000000,19.36000000,344.80160000,1680307758245,True,True
47253192,17.81000000,11.84000000,210.87040000,1680307758307,True,True
47253193,17.81000000,23.37000000,416.21970000,1680307758329,True,True
47253194,17.82000000,14.56000000,259.45920000,1680307758615,False,True
47253195,17.81000000,5.07000000,90.29670000,1680307759338,True,True
47253196,17.81000000,0.85000000,15.13850000,1680307759338,True,True
47253197,17.82000000,5.44000000,96.94080000,1680307760803,False,True
47253198,17.82000000,1.36000000,24.23520000,1680307760803,False,True
47253199,17.82000000,3.00000000,53.46000000,1680307760803,False,True
47253200,17.82000000,3.24000000,57.73680000,1680307760803,False,True
47253201,17.82000000,1.65000000,29.40300000,1680307760803,False,True
47253202,17.82000000,0.09000000,1.60380000,1680307761943,False,True
47253203,17.82000000,14.47000000,257.85540000,1680307761943,False,True
47253204,17.82000000,12.79000000,227.91780000,1680307763133,False,True
47253205,17.82000000,1.52000000,27.08640000,1680307763133,False,True
47253206,17.82000000,5.61000000,99.97020000,1680307763133,False,True
47253207,17.82000000,4.46000000,79.47720000,1680307763133,False,True
47253208,17.82000000,1.70000000,30.29400000,1680307763133,False,True
47253209,17.83000000,1.73000000,30.84590000,1680307764680,False,True
47253210,17.83000000,12.33000000,219.84390000,1680307764680,False,True
47253211,17.82000000,1.73000000,30.82860000,1680307765747,True,True
47253212,17.82000000,2.57000000,45.79740000,1680307765747,True,True
47253213,17.82000000,14.02000000,249.83640000,1680307765747,True,True
47253214,17.81000000,8.36000000,148.89160000,1680307765747,True,True
47253215,17.82000000,14.12000000,251.61840000,1680307765788,False,True
47253216,17.83000000,7.67000000,136.75610000,1680307766361,False,True
47253217,17.83000000,1.85000000,32.98550000,1680307766361,False,True
47253218,17.83000000,4.67000000,83.26610000,1680307766361,False,True
47253219,17.82000000,1.73000000,30.82860000,1680307771822,True,True
47253220,17.82000000,2.63000000,46.86660000,1680307771822,True,True
47253221,17.82000000,1.29000000,22.98780000,1680307771822,True,True
47253222,17.83000000,0.97000000,17.29510000,1680307772933,False,True
47253223,17.83000000,1.26000000,22.46580000,1680307772933,False,True
47253224,17.83000000,1.74000000,31.02420000,1680307772934,False,True
47253225,17.83000000,2.03000000,36.19490000,1680307772934,False,True
47253226,17.83000000,0.96000000,17.11680000,1680307772934,False,True
47253227,17.83000000,5.06000000,90.21980000,1680307772935,False,True
47253228,17.83000000,1.73000000,30.84590000,1680307772935,False,True
47253229,17.83000000,0.77000000,13.72910000,1680307772948,True,True
47253230,17.83000000,0.95000000,16.93850000,1680307772969,True,True
47253231,17.83000000,2.63000000,46.89290000,1680307772969,True,True
47253232,17.83000000,0.71000000,12.65930000,1680307772969,True,True
47253233,17.83000000,2.96000000,52.77680000,1680307772998,True,True
47253234,17.83000000,1.48000000,26.38840000,1680307773025,True,True
47253235,17.83000000,4.63000000,82.55290000,1680307773155,True,True
47253236,17.83000000,1.41000000,25.14030000,1680307773231,True,True
47253237,17.83000000,2.57000000,45.82310000,1680307773231,True,True
47253238,17.82000000,12.73000000,226.84860000,1680307773231,True,True
47253239,17.82000000,9.97000000,177.66540000,1680307773231,True,True
47253240,17.83000000,1.72000000,30.66760000,1680307776178,False,True
47253241,17.83000000,11.29000000,201.30070000,1680307776178,False,True
47253242,17.83000000,0.49000000,8.73670000,1680307776178,False,True
47253243,17.83000000,0.18000000,3.20940000,1680307776183,False,True
47253244,17.83000000,1.41000000,25.14030000,1680307776183,False,True
47253245,17.83000000,1.73000000,30.84590000,1680307776464,True,True
47253246,17.83000000,2.65000000,47.24950000,1680307776464,True,True
47253247,17.82000000,12.18000000,217.04760000,1680307776464,True,True
47253248,17.83000000,25.73000000,458.76590000,1680307776603,False,True
47253249,17.83000000,1.73000000,30.84590000,1680307776603,False,True
47253250,17.83000000,5.08000000,90.57640000,1680307776603,False,True
47253251,17.83000000,1.55000000,27.63650000,1680307776904,True,True
47253252,17.83000000,0.18000000,3.20940000,1680307776987,True,True
47253253,17.83000000,0.93000000,16.58190000,1680307776987,True,True
47253254,17.83000000,0.37000000,6.59710000,1680307778153,True,True
47253255,17.84000000,175.00000000,3122.00000000,1680307782445,False,True
47253256,17.84000000,2.04000000,36.39360000,1680307783351,False,True
47253257,17.84000000,20.00000000,356.80000000,1680307783351,False,True
47253258,17.84000000,53.46000000,953.72640000,1680307783351,False,True
47253259,17.84000000,51.20000000,913.40800000,1680307786008,False,True
47253260,17.84000000,4.85000000,86.52400000,1680307786008,False,True
47253261,17.84000000,0.77000000,13.73680000,1680307786008,False,True
47253262,17.84000000,3.00000000,53.52000000,1680307786008,False,True
47253263,17.84000000,0.72000000,12.84480000,1680307786008,False,True
47253264,17.84000000,0.60000000,10.70400000,1680307786008,False,True
47253265,17.84000000,6.02000000,107.39680000,1680307786008,False,True
47253266,17.84000000,1.73000000,30.86320000,1680307786012,False,True
47253267,17.84000000,2.59000000,46.20560000,1680307786302,True,True
47253268,17.84000000,1.73000000,30.86320000,1680307786302,True,True
47253269,17.84000000,14.81000000,264.21040000,1680307786302,True,True
47253270,17.84000000,0.89000000,15.87760000,1680307788048,True,True
47253271,17.84000000,13.12000000,234.06080000,1680307790187,True,True
47253272,17.84000000,0.83000000,14.80720000,1680307790187,True,True
47253273,17.85000000,1.41000000,25.16850000,1680307791627,False,True
47253274,17.85000000,0.71000000,12.67350000,1680307791627,False,True
47253275,17.85000000,1.15000000,20.52750000,1680307791627,False,True
47253276,17.85000000,1.48000000,26.41800000,1680307791627,False,True
47253277,17.85000000,1.32000000,23.56200000,1680307791627,False,True
47253278,17.85000000,2.96000000,52.83600000,1680307791627,False,True
47253279,17.85000000,0.60000000,10.71000000,1680307791627,False,True
47253280,17.85000000,0.72000000,12.85200000,1680307791627,False,True
47253281,17.85000000,151.67000000,2707.30950000,1680307791627,False,True
47253282,17.85000000,20.00000000,357.00000000,1680307791627,False,True
47253283,17.85000000,3.00000000,53.55000000,1680307791627,False,True
47253284,17.85000000,3.00000000,53.55000000,1680307791627,False,True
47253285,17.85000000,0.62000000,11.06700000,1680307791627,False,True
47253286,17.85000000,5.08000000,90.67800000,1680307791627,False,True
47253287,17.85000000,5.00000000,89.25000000,1680307791627,False,True
47253288,17.85000000,15.47000000,276.13950000,1680307791627,False,True
47253289,17.85000000,30.31000000,541.03350000,1680307791627,False,True
47253290,17.85000000,17.25000000,307.91250000,1680307791632,False,True
47253291,17.85000000,0.57000000,10.17450000,1680307791632,False,True
47253292,17.85000000,10.00000000,178.50000000,1680307791632,False,True
47253293,17.85000000,0.68000000,12.13800000,1680307791632,False,True
47253294,17.85000000,50.00000000,892.50000000,1680307791632,False,True
47253295,17.85000000,6.02000000,107.45700000,1680307791632,False,True
47253296,17.85000000,1.72000000,30.70200000,1680307791710,True,True
47253297,17.85000000,0.28000000,4.99800000,1680307791710,True,True
47253298,17.85000000,7.94000000,141.72900000,1680307791761,True,True
47253299,17.85000000,4.29000000,76.57650000,1680307791827,True,True
47253300,17.85000000,31.53000000,562.81050000,1680307792575,True,True
47253301,17.85000000,34.72000000,619.75200000,1680307792575,True,True
47253302,17.85000000,31.57000000,563.52450000,1680307792834,True,True
47253303,17.85000000,2.72000000,48.55200000,1680307792834,True,True
47253304,17.85000000,1.71000000,30.52350000,1680307792834,True,True
47253305,17.85000000,12.29000000,219.37650000,1680307794499,True,True
47253306,17.85000000,104.43000000,1864.07550000,1680307794499,True,True
47253307,17.85000000,28.01000000,499.97850000,1680307794499,True,True
47253308,17.85000000,1.71000000,30.52350000,1680307794499,True,True
47253309,17.85000000,2.51000000,44.80350000,1680307794499,True,True
47253310,17.84000000,5.41000000,96.51440000,1680307794499,True,True
47253311,17.85000000,1.73000000,30.88050000,1680307795855,False,True
47253312,17.85000000,15.07000000,268.99950000,1680307795855,False,True
47253313,17.84000000,38.70000000,690.40800000,1680307796674,True,True
47253314,17.84000000,1.72000000,30.68480000,1680307796674,True,True
47253315,17.84000000,56.16000000,1001.89440000,1680307796674,True,True
47253316,17.84000000,28.02000000,499.87680000,1680307796674,True,True
47253317,17.84000000,1.71000000,30.50640000,1680307796674,True,True
47253318,17.84000000,73.69000000,1314.62960000,1680307796674,True,True
47253319,17.85000000,11.27000000,201.16950000,1680307798478,False,True
47253320,17.85000000,0.67000000,11.95950000,1680307798478,False,True
47253321,17.85000000,1.72000000,30.70200000,1680307798478,False,True
47253322,17.85000000,16.80000000,299.88000000,1680307798478,False,True
47253323,17.85000000,0.62000000,11.06700000,1680307799179,False,True
47253324,17.85000000,1.10000000,19.63500000,1680307812358,False,True
47253325,17.85000000,26.24000000,468.38400000,1680307812675,True,True
47253326,17.86000000,0.67000000,11.96620000,1680307826036,False,True
47253327,17.86000000,1.84000000,32.86240000,1680307826036,False,True
47253328,17.86000000,3.31000000,59.11660000,1680307826036,False,True
47253329,17.86000000,1.06000000,18.93160000,1680307826036,False,True
47253330,17.86000000,1.26000000,22.50360000,1680307826036,False,True
47253331,17.86000000,1.25000000,22.32500000,1680307826036,False,True
47253332,17.86000000,0.92000000,16.43120000,1680307826036,False,True
47253333,17.86000000,1.77000000,31.61220000,1680307826036,False,True
47253334,17.86000000,20.00000000,357.20000000,1680307826036,False,True
47253335,17.86000000,3.00000000,53.58000000,1680307826036,False,True
47253336,17.86000000,1.42000000,25.36120000,1680307826036,False,True
47253337,17.86000000,1.17000000,20.89620000,1680307826036,False,True
47253338,17.86000000,5.00000000,89.30000000,1680307826036,False,True
47253339,17.86000000,2.81000000,50.18660000,1680307826036,False,True
47253340,17.86000000,1.76000000,31.43360000,1680307826036,False,True
47253341,17.86000000,1.10000000,19.64600000,1680307826036,False,True
47253342,17.86000000,44.82000000,800.48520000,1680307826042,False,True
47253343,17.86000000,10.00000000,178.60000000,1680307826042,False,True
47253344,17.86000000,1.31000000,23.39660000,1680307826042,False,True
47253345,17.86000000,1.40000000,25.00400000,1680307832721,False,True
47253346,17.85000000,1.33000000,23.74050000,1680307834329,True,True
47253347,17.85000000,0.40000000,7.14000000,1680307834335,True,True
47253348,17.85000000,2.72000000,48.55200000,1680307834335,True,True
47253349,17.85000000,15.78000000,281.67300000,1680307834349,True,True
47253350,17.85000000,3.36000000,59.97600000,1680307837944,True,True
47253351,17.85000000,22.67000000,404.65950000,1680307837944,True,True
47253352,17.85000000,28.53000000,509.26050000,1680307837948,True,True
47253353,17.85000000,0.84000000,14.99400000,1680307837948,True,True
47253354,17.85000000,2.80000000,49.98000000,1680307837948,True,True
47253355,17.85000000,2.24000000,39.98400000,1680307837948,True,True
47253356,17.85000000,11.19000000,199.74150000,1680307837948,True,True
47253357,17.85000000,2.46000000,43.91100000,1680307837948,True,True
47253358,17.85000000,3.34000000,59.61900000,1680307837948,True,True
47253359,17.84000000,31.35000000,559.28400000,1680307842132,True,True
47253360,17.84000000,3.44000000,61.36960000,1680307842132,True,True
47253361,17.84000000,1.73000000,30.86320000,1680307844802,False,True
47253362,17.84000000,26.27000000,468.65680000,1680307844802,False,True
47253363,17.84000000,1.16000000,20.69440000,1680307848436,False,True
47253364,17.85000000,7.83000000,139.76550000,1680307863764,False,True
47253365,17.84000000,1.82000000,32.46880000,1680307874849,True,True
47253366,17.84000000,3.57000000,63.68880000,1680307874849,True,True
47253367,17.83000000,1.55000000,27.63650000,1680307882012,True,True
47253368,17.83000000,37.44000000,667.55520000,1680307882012,True,True
47253369,17.83000000,20.00000000,356.60000000,1680307882012,True,True
47253370,17.83000000,3.30000000,58.83900000,1680307882012,True,True
47253371,17.83000000,4.07000000,72.56810000,1680307882184,False,True
47253372,17.82000000,20.00000000,356.40000000,1680307888978,True,True
47253373,17.82000000,3.59000000,63.97380000,1680307888978,True,True
47253374,17.82000000,3.30000000,58.80600000,1680307888978,True,True
47253375,17.82000000,4.29000000,76.44780000,1680307889293,False,True
47253376,17.82000000,14.85000000,264.62700000,1680307904840,False,True
47253377,17.82000000,24.94000000,444.43080000,1680307960351,False,True
47253378,17.82000000,1.82000000,32.43240000,1680307960351,False,True
47253379,17.82000000,19.10000000,340.36200000,1680307960351,False,True
47253380,17.82000000,24.72000000,440.51040000,1680307960351,False,True
47253381,17.82000000,4.29000000,76.44780000,1680307960715,False,True
47253382,17.82000000,86.19000000,1535.90580000,1680307960797,False,True
47253383,17.82000000,1.64000000,29.22480000,1680307964319,False,True
47253384,17.82000000,1.82000000,32.43240000,1680307975906,True,True
47253385,17.82000000,45.86000000,817.22520000,1680307975906,True,True
47253386,17.82000000,2.92000000,52.03440000,1680307975906,True,True
47253387,17.82000000,15.51000000,276.38820000,1680307976040,False,True
47253388,17.82000000,10.35000000,184.43700000,1680307976160,False,True
47253389,17.82000000,14.64000000,260.88480000,1680307976490,False,True
47253390,17.82000000,3.59000000,63.97380000,1680307977087,False,True
47253391,17.82000000,10.99000000,195.84180000,1680307977087,False,True
47253392,17.82000000,14.41000000,256.78620000,1680307978223,False,True
47253393,17.82000000,5.18000000,92.30760000,1680307979263,False,True
47253394,17.82000000,25.86000000,460.82520000,1680307979976,False,True
47253395,17.82000000,14.57000000,259.63740000,1680307980629,False,True
47253396,17.82000000,2.59000000,46.15380000,1680307981369,False,True
47253397,17.82000000,14.73000000,262.48860000,1680307981771,False,True
47253398,17.82000000,14.44000000,257.32080000,1680307983437,False,True
47253399,17.82000000,14.61000000,260.35020000,1680307984559,False,True
47253400,17.82000000,14.57000000,259.63740000,1680307986224,False,True
47253401,17.82000000,14.71000000,262.13220000,1680307987341,False,True
47253402,17.82000000,14.48000000,258.03360000,1680307989556,False,True
47253403,17.82000000,6.68000000,119.03760000,1680307990678,False,True
47253404,17.82000000,7.82000000,139.35240000,1680307990678,False,True
47253405,17.82000000,14.59000000,259.99380000,1680307991803,False,True
47253406,17.82000000,1.14000000,20.31480000,1680307997288,False,True
47253407,17.82000000,1.56000000,27.79920000,1680308006169,False,True
47253408,17.82000000,48.44000000,863.20080000,1680308006169,False,True
47253409,17.82000000,41.15000000,733.29300000,1680308027509,True,True
47253410,17.82000000,2.76000000,49.18320000,1680308027509,True,True
47253411,17.82000000,3.30000000,58.80600000,1680308027509,True,True
47253412,17.81000000,20.00000000,356.20000000,1680308027509,True,True
47253413,17.81000000,0.67000000,11.93270000,1680308027509,True,True
47253414,17.81000000,6.00000000,106.86000000,1680308027509,True,True
47253415,17.81000000,40.10000000,714.18100000,1680308027509,True,True
47253416,17.81000000,60.11000000,1070.55910000,1680308027509,True,True
47253417,17.81000000,112.77000000,2008.43370000,1680308027509,True,True
47253418,17.81000000,44.08000000,785.06480000,1680308027509,True,True
47253419,17.81000000,25.27000000,450.05870000,1680308027509,True,True
47253420,17.81000000,99.00000000,1763.19000000,1680308027509,True,True
47253421,17.81000000,1.71000000,30.45510000,1680308027509,True,True
47253422,17.81000000,1.71000000,30.45510000,1680308027509,True,True
47253423,17.81000000,87.57000000,1559.62170000,1680308027509,True,True
47253424,17.81000000,10.00000000,178.10000000,1680308027509,True,True
47253425,17.81000000,28.92000000,515.06520000,1680308027509,True,True
47253426,17.81000000,56.15000000,1000.03150000,1680308027509,True,True
47253427,17.81000000,89.71000000,1597.73510000,1680308027509,True,True
47253428,17.81000000,19.35000000,344.62350000,1680308027509,True,True
47253429,17.81000000,69.14000000,1231.38340000,1680308027509,True,True
47253430,17.81000000,4.13000000,73.55530000,1680308027509,True,True
47253431,17.81000000,79.32000000,1412.68920000,1680308027509,True,True
47253432,17.81000000,50.29000000,895.66490000,1680308027509,True,True
47253433,17.81000000,12.62000000,224.76220000,1680308027509,True,True
47253434,17.81000000,19.54000000,348.00740000,1680308027509,True,True
47253435,17.81000000,1.56000000,27.78360000,1680308027517,True,True
47253436,17.81000000,1.81000000,32.23610000,1680308032607,True,True
47253437,17.81000000,18.46000000,328.77260000,1680308032607,True,True
47253438,17.81000000,44.09000000,785.24290000,1680308032607,True,True
47253439,17.80000000,0.01000000,0.17800000,1680308034456,True,True
47253440,17.80000000,20.00000000,356.00000000,1680308034456,True,True
47253441,17.80000000,1.41000000,25.09800000,1680308034456,True,True
47253442,17.80000000,3.00000000,53.40000000,1680308034456,True,True
47253443,17.80000000,1.84000000,32.75200000,1680308034456,True,True
47253444,17.80000000,3.30000000,58.74000000,1680308034456,True,True
47253445,17.80000000,16.34000000,290.85200000,1680308034456,True,True
47253446,17.80000000,1.21000000,21.53800000,1680308041074,False,True
47253447,17.79000000,1.65000000,29.35350000,1680308051714,True,True
47253448,17.79000000,20.00000000,355.80000000,1680308051714,True,True
47253449,17.79000000,0.72000000,12.80880000,1680308051714,True,True
47253450,17.79000000,3.00000000,53.37000000,1680308051714,True,True
47253451,17.79000000,6.00000000,106.74000000,1680308051714,True,True
47253452,17.79000000,1.09000000,19.39110000,1680308051714,True,True
47253453,17.79000000,0.67000000,11.91930000,1680308051714,True,True
47253454,17.79000000,3.34000000,59.41860000,1680308051714,True,True
47253455,17.79000000,4.11000000,73.11690000,1680308051729,False,True
47253456,17.79000000,39.91000000,709.99890000,1680308051776,False,True
47253457,17.79000000,9.89000000,175.94310000,1680308051776,False,True
47253458,17.79000000,24.90000000,442.97100000,1680308051823,False,True
47253459,17.79000000,9.32000000,165.80280000,1680308053706,False,True
47253460,17.79000000,3.13000000,55.68270000,1680308053706,False,True
47253461,17.79000000,6.22000000,110.65380000,1680308055692,False,True
47253462,17.79000000,3.11000000,55.32690000,1680308058206,False,True
47253463,17.79000000,1.56000000,27.75240000,1680308061310,False,True
47253464,17.79000000,30.02000000,534.05580000,1680308061894,False,True
47253465,17.79000000,25.00000000,444.75000000,1680308061894,False,True
47253466,17.79000000,13.50000000,240.16500000,1680308087479,False,True
47253467,17.79000000,5.55000000,98.73450000,1680308087484,False,True
47253468,17.79000000,1.82000000,32.37780000,1680308087484,False,True
47253469,17.79000000,25.05000000,445.63950000,1680308087484,False,True
47253470,17.79000000,13.48000000,239.80920000,1680308087484,False,True
47253471,17.79000000,14.63000000,260.26770000,1680308088042,False,True
47253472,17.79000000,35.31000000,628.16490000,1680308088087,False,True
47253473,17.79000000,1.82000000,32.37780000,1680308088093,False,True
47253474,17.79000000,1.65000000,29.35350000,1680308089162,False,True
47253475,17.80000000,1.82000000,32.39600000,1680308089162,False,True
47253476,17.80000000,10.86000000,193.30800000,1680308089162,False,True
47253477,17.80000000,14.65000000,260.77000000,1680308090833,False,True
47253478,17.80000000,13.75000000,244.75000000,1680308093055,False,True
47253479,17.80000000,1.02000000,18.15600000,1680308093055,False,True
47253480,17.80000000,14.62000000,260.23600000,1680308095797,False,True
47253481,17.80000000,11.80000000,210.04000000,1680308096395,False,True
47253482,17.80000000,14.69000000,261.48200000,1680308097813,False,True
47253483,17.79000000,1.82000000,32.37780000,1680308099516,True,True
47253484,17.79000000,12.64000000,224.86560000,1680308099516,True,True
47253485,17.79000000,39.69000000,706.08510000,1680308099516,True,True
47253486,17.79000000,40.14000000,714.09060000,1680308099516,True,True
47253487,17.79000000,3.72000000,66.17880000,1680308099516,True,True
47253488,17.79000000,10.00000000,177.90000000,1680308099516,True,True
47253489,17.79000000,25.29000000,449.90910000,1680308099516,True,True
47253490,17.79000000,5.62000000,99.97980000,1680308099516,True,True
47253491,17.78000000,1.50000000,26.67000000,1680308099525,True,True
47253492,17.78000000,5.28000000,93.87840000,1680308099525,True,True
47253493,17.78000000,18.75000000,333.37500000,1680308099526,True,True
47253494,17.78000000,1.48000000,26.31440000,1680308099526,True,True
47253495,17.78000000,18.52000000,329.28560000,1680308099549,True,True
47253496,17.78000000,3.00000000,53.34000000,1680308099549,True,True
47253497,17.78000000,12.65000000,224.91700000,1680308099549,True,True
47253498,17.78000000,33.75000000,600.07500000,1680308099562,True,True
47253499,17.78000000,41.89000000,744.80420000,1680308099565,True,True
47253500,17.78000000,13.88000000,246.78640000,1680308099592,True,True
47253501,17.78000000,6.82000000,121.25960000,1680308099592,True,True
47253502,17.78000000,31.13000000,553.49140000,1680308099622,True,True
47253503,17.78000000,0.29000000,5.15620000,1680308099622,True,True
47253504,17.78000000,42.08000000,748.18240000,1680308099630,True,True
47253505,17.78000000,17.53000000,311.68340000,1680308099634,True,True
47253506,17.78000000,23.01000000,409.11780000,1680308099637,True,True
47253507,17.78000000,18.49000000,328.75220000,1680308099639,True,True
47253508,17.78000000,11.08000000,197.00240000,1680308099639,True,True
47253509,17.78000000,1.50000000,26.67000000,1680308100573,False,True
47253510,17.78000000,4.35000000,77.34300000,1680308100573,False,True
47253511,17.78000000,1.71000000,30.40380000,1680308100573,False,True
47253512,17.78000000,1.71000000,30.40380000,1680308100573,False,True
47253513,17.77000000,1.50000000,26.65500000,1680308126810,True,True
47253514,17.77000000,20.00000000,355.40000000,1680308126810,True,True
47253515,17.77000000,0.67000000,11.90590000,1680308126810,True,True
47253516,17.77000000,1.85000000,32.87450000,1680308126810,True,True
47253517,17.77000000,3.00000000,53.31000000,1680308126810,True,True
47253518,17.77000000,4.85000000,86.18450000,1680308126810,True,True
47253519,17.77000000,0.71000000,12.61670000,1680308126810,True,True
47253520,17.77000000,44.78000000,795.74060000,1680308126810,True,True
47253521,17.77000000,63.53000000,1128.92810000,1680308126810,True,True
47253522,17.77000000,3.30000000,58.64100000,1680308126810,True,True
47253523,17.77000000,44.07000000,783.12390000,1680308139523,False,True
47253524,17.77000000,1.71000000,30.38670000,1680308139523,False,True
47253525,17.77000000,4.24000000,75.34480000,1680308139523,False,True
47253526,17.77000000,23.90000000,424.70300000,1680308139523,False,True
47253527,17.77000000,14.07000000,250.02390000,1680308139523,False,True
47253528,17.77000000,22.34000000,396.98180000,1680308139523,False,True
47253529,17.77000000,12.22000000,217.14940000,1680308139523,False,True
47253530,17.77000000,7.65000000,135.94050000,1680308139523,False,True
47253531,17.77000000,11.73000000,208.44210000,1680308139523,False,True
47253532,17.77000000,17.92000000,318.43840000,1680308139523,False,True
47253533,17.77000000,5.92000000,105.19840000,1680308139524,False,True
47253534,17.77000000,4.55000000,80.85350000,1680308139524,False,True
47253535,17.77000000,22.11000000,392.89470000,1680308139524,False,True
47253536,17.77000000,3.81000000,67.70370000,1680308139527,False,True
47253537,17.77000000,0.58000000,10.30660000,1680308139528,False,True
47253538,17.77000000,13.00000000,231.01000000,1680308139528,False,True
47253539,17.77000000,1.50000000,26.65500000,1680308139529,False,True
47253540,17.79000000,1.82000000,32.37780000,1680308160231,True,True
47253541,17.79000000,2.71000000,48.21090000,1680308160231,True,True
47253542,17.79000000,59.47000000,1057.97130000,1680308160231,True,True
47253543,17.79000000,10.64000000,189.28560000,1680308160231,True,True
47253544,17.79000000,1.82000000,32.37780000,1680308165574,False,True
47253545,17.80000000,1.92000000,34.17600000,1680308168781,False,True
47253546,17.80000000,6.23000000,110.89400000,1680308168781,False,True
47253547,17.80000000,0.01000000,0.17800000,1680308168781,False,True
47253548,17.80000000,20.00000000,356.00000000,1680308182125,False,True
47253549,17.81000000,1.82000000,32.41420000,1680308184292,False,True
47253550,17.81000000,77.51000000,1380.45310000,1680308184292,False,True
47253551,17.81000000,11.08000000,197.33480000,1680308198447,False,True
47253552,17.81000000,8.92000000,158.86520000,1680308206557,False,True
47253553,17.81000000,0.67000000,11.93270000,1680308206557,False,True
47253554,17.81000000,3.30000000,58.77300000,1680308206557,False,True
47253555,17.82000000,14.56000000,259.45920000,1680308211864,False,True
47253556,17.82000000,14.02000000,249.83640000,1680308213554,False,True
47253557,17.82000000,14.50000000,258.39000000,1680308218585,False,True
47253558,17.82000000,1.82000000,32.43240000,1680308219679,False,True
47253559,17.82000000,12.86000000,229.16520000,1680308219679,False,True
47253560,17.82000000,14.35000000,255.71700000,1680308220807,False,True
47253561,17.82000000,14.11000000,251.44020000,1680308221498,False,True
47253562,17.82000000,1.00000000,17.82000000,1680308225838,False,True
47253563,17.82000000,7.68000000,136.85760000,1680308231285,False,True
47253564,17.82000000,6.37000000,113.51340000,1680308231285,False,True
47253565,17.82000000,8.68000000,154.67760000,1680308231290,False,True
47253566,17.82000000,4.95000000,88.20900000,1680308231292,False,True
47253567,17.82000000,0.33000000,5.88060000,1680308231292,False,True
47253568,17.82000000,5.28000000,94.08960000,1680308231293,False,True
47253569,17.82000000,29.49000000,525.51180000,1680308231293,False,True
47253570,17.82000000,1.67000000,29.75940000,1680308231306,False,True
47253571,17.82000000,15.23000000,271.39860000,1680308231306,False,True
47253572,17.82000000,1.11000000,19.78020000,1680308231307,False,True
47253573,17.82000000,33.66000000,599.82120000,1680308231311,False,True
47253574,17.82000000,6.25000000,111.37500000,1680308231416,True,True
47253575,17.82000000,2.00000000,35.64000000,1680308263759,True,True
47253576,17.82000000,10.62000000,189.24840000,1680308263759,True,True
47253577,17.82000000,59.43000000,1059.04260000,1680308263759,True,True
47253578,17.82000000,15.18000000,270.50760000,1680308263759,True,True
47253579,17.82000000,1.49000000,26.55180000,1680308263759,True,True
47253580,17.82000000,9.53000000,169.82460000,1680308263759,True,True
47253581,17.82000000,15.72000000,280.13040000,1680308263759,True,True
47253582,17.82000000,10.00000000,178.20000000,1680308263759,True,True
47253583,17.81000000,9.85000000,175.42850000,1680308263760,True,True
47253584,17.81000000,1.63000000,29.03030000,1680308263761,True,True
47253585,17.81000000,39.91000000,710.79710000,1680308263761,True,True
47253586,17.81000000,94.39000000,1681.08590000,1680308263761,True,True
47253587,17.81000000,4.61000000,82.10410000,1680308263762,True,True
47253588,17.81000000,41.05000000,731.10050000,1680308263762,True,True
47253589,17.81000000,2.90000000,51.64900000,1680308263762,True,True
47253590,17.81000000,29.43000000,524.14830000,1680308263764,True,True
47253591,17.81000000,8.55000000,152.27550000,1680308263764,True,True
47253592,17.81000000,20.74000000,369.37940000,1680308263765,True,True
47253593,17.81000000,4.12000000,73.37720000,1680308263765,True,True
47253594,17.81000000,7.53000000,134.10930000,1680308263765,True,True
47253595,17.81000000,51.07000000,909.55670000,1680308263765,True,True
47253596,17.80000000,42.22000000,751.51600000,1680308263765,True,True
47253597,17.80000000,1.80000000,32.04000000,1680308263765,True,True
47253598,17.80000000,11.17000000,198.82600000,1680308263765,True,True
47253599,17.80000000,6.93000000,123.35400000,1680308263765,True,True
47253600,17.81000000,36.42000000,648.64020000,1680308263766,True,True
47253601,17.81000000,3.65000000,65.00650000,1680308263766,True,True
47253602,17.80000000,33.19000000,590.78200000,1680308263767,True,True
47253603,17.80000000,24.22000000,431.11600000,1680308263767,True,True
47253604,17.80000000,81.42000000,1449.27600000,1680308263767,True,True
47253605,17.80000000,57.89000000,1030.44200000,1680308263776,True,True
47253606,17.80000000,74.24000000,1321.47200000,1680308263777,True,True
47253607,17.80000000,5.82000000,103.59600000,1680308263777,True,True
47253608,17.80000000,28.18000000,501.60400000,1680308263777,True,True
47253609,17.80000000,28.23000000,502.49400000,1680308263777,True,True
47253610,17.80000000,10.86000000,193.30800000,1680308263788,True,True
47253611,17.80000000,3.62000000,64.43600000,1680308263788,True,True
47253612,17.80000000,10.86000000,193.30800000,1680308263791,True,True
47253613,17.80000000,68.97000000,1227.66600000,1680308263791,True,True
47253614,17.80000000,30.03000000,534.53400000,1680308263792,True,True
47253615,17.81000000,3.23000000,57.52630000,1680308263809,False,True
47253616,17.81000000,2.00000000,35.62000000,1680308263817,False,True
47253617,17.80000000,156.98000000,2794.24400000,1680308263829,True,True
47253618,17.80000000,1.82000000,32.39600000,1680308263829,True,True
47253619,17.80000000,20.00000000,356.00000000,1680308263829,True,True
47253620,17.79000000,1.82000000,32.37780000,1680308263879,True,True
47253621,17.79000000,10.18000000,181.10220000,1680308263879,True,True
47253622,17.79000000,30.00000000,533.70000000,1680308263954,True,True
47253623,17.79000000,3.87000000,68.84730000,1680308263964,True,True
47253624,17.79000000,9.62000000,171.13980000,1680308263964,True,True
47253625,17.79000000,3.30000000,58.70700000,1680308263964,True,True
47253626,17.79000000,19.50000000,346.90500000,1680308263964,True,True
47253627,17.79000000,0.50000000,8.89500000,1680308263970,True,True
47253628,17.79000000,1.82000000,32.37780000,1680308263970,True,True
47253629,17.79000000,1.81000000,32.19990000,1680308263974,True,True
47253630,17.79000000,1.82000000,32.37780000,1680308263989,False,True
47253631,17.79000000,1.81000000,32.19990000,1680308264008,False,True
47253632,17.79000000,1.82000000,32.37780000,1680308264879,True,True
47253633,17.79000000,1.82000000,32.37780000,1680308280557,False,True
47253634,17.79000000,9.60000000,170.78400000,1680308280557,False,True
47253635,17.79000000,4.45000000,79.16550000,1680308280564,False,True
47253636,17.79000000,0.74000000,13.16460000,1680308284303,True,True
47253637,17.80000000,21.20000000,377.36000000,1680308300501,False,True
47253638,17.80000000,1.11000000,19.75800000,1680308326599,False,True
47253639,17.80000000,0.15000000,2.67000000,1680308326600,False,True
47253640,17.80000000,0.14000000,2.49200000,1680308326600,False,True
47253641,17.81000000,14.74000000,262.51940000,1680308327064,False,True
47253642,17.81000000,14.41000000,256.64210000,1680308329793,False,True
47253643,17.81000000,14.67000000,261.27270000,1680308330911,False,True
47253644,17.81000000,14.48000000,257.88880000,1680308332588,False,True
47253645,17.81000000,14.24000000,253.61440000,1680308334254,False,True
47253646,17.81000000,14.65000000,260.91650000,1680308334881,False,True
47253647,17.81000000,0.75000000,13.35750000,1680308339248,False,True
47253648,17.81000000,13.31000000,237.05110000,1680308339248,False,True
47253649,17.82000000,14.36000000,255.89520000,1680308341011,False,True
47253650,17.82000000,14.37000000,256.07340000,1680308342118,False,True
47253651,17.82000000,14.71000000,262.13220000,1680308343254,False,True
47253652,17.82000000,14.13000000,251.79660000,1680308343833,False,True
47253653,17.82000000,14.70000000,261.95400000,1680308346117,False,True
47253654,17.82000000,14.35000000,255.71700000,1680308348783,False,True
47253655,17.82000000,14.18000000,252.68760000,1680308349355,False,True
47253656,17.82000000,14.05000000,250.37100000,1680308349929,False,True
47253657,17.82000000,14.55000000,259.28100000,1680308350519,False,True
47253658,17.82000000,14.54000000,259.10280000,1680308351638,False,True
47253659,17.82000000,14.57000000,259.63740000,1680308352760,False,True
47253660,17.82000000,14.23000000,253.57860000,1680308353885,False,True
47253661,17.82000000,14.58000000,259.81560000,1680308355002,False,True
47253662,17.82000000,0.67000000,11.93940000,1680308356117,False,True
47253663,17.82000000,13.53000000,241.10460000,1680308356117,False,True
47253664,17.82000000,0.51000000,9.08820000,1680308356117,False,True
47253665,17.82000000,14.74000000,262.66680000,1680308357245,False,True
47253666,17.82000000,4.75000000,84.64500000,1680308358018,False,True
47253667,17.82000000,2.37000000,42.23340000,1680308358018,False,True
47253668,17.82000000,4.29000000,76.44780000,1680308359320,False,True
47253669,17.82000000,14.21000000,253.22220000,1680308359490,False,True
47253670,17.82000000,28.14000000,501.45480000,1680308360250,False,True
47253671,17.82000000,3.01000000,53.63820000,1680308361119,False,True
47253672,17.82000000,1.82000000,32.43240000,1680308361119,False,True
47253673,17.82000000,1.82000000,32.43240000,1680308361119,False,True
47253674,17.82000000,3.30000000,58.80600000,1680308361119,False,True
47253675,17.82000000,4.16000000,74.13120000,1680308361119,False,True
47253676,17.83000000,1.82000000,32.45060000,1680308363322,False,True
47253677,17.83000000,12.57000000,224.12310000,1680308363322,False,True
47253678,17.83000000,7.43000000,132.47690000,1680308363906,False,True
47253679,17.83000000,3.00000000,53.49000000,1680308363906,False,True
47253680,17.83000000,1.85000000,32.98550000,1680308363906,False,True
47253681,17.83000000,1.96000000,34.94680000,1680308363906,False,True
47253682,17.83000000,14.50000000,258.53500000,1680308365567,False,True
47253683,17.83000000,14.65000000,261.20950000,1680308366678,False,True
47253684,17.83000000,14.57000000,259.78310000,1680308367790,False,True
47253685,17.83000000,14.40000000,256.75200000,1680308368380,False,True
47253686,17.83000000,2.24000000,39.93920000,1680308369497,False,True
47253687,17.83000000,12.47000000,222.34010000,1680308369497,False,True
47253688,17.83000000,0.14000000,2.49620000,1680308371175,False,True
47253689,17.83000000,14.55000000,259.42650000,1680308371175,False,True
47253690,17.83000000,14.51000000,258.71330000,1680308372290,False,True
47253691,17.83000000,14.33000000,255.50390000,1680308373964,False,True
47253692,17.83000000,14.46000000,257.82180000,1680308375136,False,True
47253693,17.83000000,10.64000000,189.71120000,1680308376199,False,True
47253694,17.83000000,3.93000000,70.07190000,1680308376199,False,True
47253695,17.83000000,11.21000000,199.87430000,1680308377076,False,True
47253696,17.83000000,14.58000000,259.96140000,1680308377866,False,True
47253697,17.83000000,14.17000000,252.65110000,1680308380063,False,True
47253698,17.83000000,12.23000000,218.06090000,1680308380664,False,True
47253699,17.83000000,14.18000000,252.82940000,1680308382306,False,True
47253700,17.83000000,0.88000000,15.69040000,1680308382551,False,True
47253701,17.83000000,2.42000000,43.14860000,1680308382560,False,True
47253702,17.84000000,1.82000000,32.46880000,1680308382889,False,True
47253703,17.84000000,12.26000000,218.71840000,1680308382889,False,True
47253704,17.84000000,7.74000000,138.08160000,1680308383999,False,True
47253705,17.84000000,3.00000000,53.52000000,1680308383999,False,True
47253706,17.84000000,3.95000000,70.46800000,1680308383999,False,True
47253707,17.84000000,0.90000000,16.05600000,1680308385146,False,True
47253708,17.84000000,13.64000000,243.33760000,1680308385146,False,True
47253709,17.84000000,14.78000000,263.67520000,1680308386286,False,True
47253710,17.84000000,14.08000000,251.18720000,1680308386883,False,True
47253711,17.84000000,14.46000000,257.96640000,1680308388014,False,True
47253712,17.84000000,14.05000000,250.65200000,1680308389141,False,True
47253713,17.84000000,5.60000000,99.90400000,1680308390268,False,True
47253714,17.84000000,8.88000000,158.41920000,1680308390268,False,True
47253715,17.84000000,14.04000000,250.47360000,1680308391672,False,True
47253716,17.84000000,4.09000000,72.96560000,1680308393352,False,True
47253717,17.84000000,3.30000000,58.87200000,1680308393352,False,True
47253718,17.85000000,1.73000000,30.88050000,1680308394504,False,True
47253719,17.85000000,13.00000000,232.05000000,1680308394504,False,True
47253720,17.85000000,7.00000000,124.95000000,1680308395610,False,True
47253721,17.85000000,1.41000000,25.16850000,1680308395610,False,True
47253722,17.85000000,0.72000000,12.85200000,1680308395610,False,True
47253723,17.85000000,1.41000000,25.16850000,1680308395610,False,True
47253724,17.85000000,3.00000000,53.55000000,1680308395610,False,True
47253725,17.85000000,0.56000000,9.99600000,1680308395610,False,True
47253726,17.85000000,0.15000000,2.67750000,1680308397841,False,True
47253727,17.85000000,12.05000000,215.09250000,1680308397841,False,True
47253728,17.85000000,3.09000000,55.15650000,1680308402278,False,True
47253729,17.85000000,56.15000000,1002.27750000,1680308402278,False,True
47253730,17.85000000,32.72000000,584.05200000,1680308402278,False,True
47253731,17.84000000,1.82000000,32.46880000,1680308408572,True,True
47253732,17.83000000,1.82000000,32.45060000,1680308410151,True,True
47253733,17.83000000,1.54000000,27.45820000,1680308410151,True,True
47253734,17.83000000,1.82000000,32.45060000,1680308410186,True,True
47253735,17.82000000,1.54000000,27.44280000,1680308410186,True,True
47253736,17.84000000,1.71000000,30.50640000,1680308411814,False,True
47253737,17.84000000,1.71000000,30.50640000,1680308411814,False,True
47253738,17.84000000,2.69000000,47.98960000,1680308411814,False,True
47253739,17.84000000,3.80000000,67.79200000,1680308421225,False,True
47253740,17.83000000,1.82000000,32.45060000,1680308422555,True,True
47253741,17.83000000,1.63000000,29.06290000,1680308422590,False,True
47253742,17.83000000,2.66000000,47.42780000,1680308422590,False,True
47253743,17.83000000,4.29000000,76.49070000,1680308422757,False,True
47253744,17.83000000,1.71000000,30.48930000,1680308425479,False,True
47253745,17.83000000,1.71000000,30.48930000,1680308425479,False,True
47253746,17.83000000,0.87000000,15.51210000,1680308425479,False,True
47253747,17.83000000,0.95000000,16.93850000,1680308429769,False,True
47253748,17.83000000,13.49000000,240.52670000,1680308429769,False,True
47253749,17.83000000,42.76000000,762.41080000,1680308441286,False,True
47253750,17.83000000,11.22000000,200.05260000,1680308441286,False,True
47253751,17.83000000,10.69000000,190.60270000,1680308442188,True,True
47253752,17.83000000,1.82000000,32.45060000,1680308442188,True,True
47253753,17.83000000,1.81000000,32.27230000,1680308448231,True,True
47253754,17.83000000,0.88000000,15.69040000,1680308450928,False,True
47253755,17.83000000,0.94000000,16.76020000,1680308450931,False,True
47253756,17.83000000,1.41000000,25.14030000,1680308450931,False,True
47253757,17.83000000,1.33000000,23.71390000,1680308461507,True,True
47253758,17.83000000,0.49000000,8.73670000,1680308461513,True,True
47253759,17.83000000,1.41000000,25.14030000,1680308461513,True,True
47253760,17.82000000,0.28000000,4.98960000,1680308469200,True,True
47253761,17.82000000,3.30000000,58.80600000,1680308469200,True,True
47253762,17.82000000,1.54000000,27.44280000,1680308469200,True,True
47253763,17.82000000,1.82000000,32.43240000,1680308469215,False,True
47253764,17.82000000,1.71000000,30.47220000,1680308469241,False,True
47253765,17.82000000,0.76000000,13.54320000,1680308469241,False,True
47253766,17.81000000,0.43000000,7.65830000,1680308489997,True,True
47253767,17.81000000,1.39000000,24.75590000,1680308489997,True,True
47253768,17.81000000,20.00000000,356.20000000,1680308489997,True,True
47253769,17.81000000,3.30000000,58.77300000,1680308489997,True,True
47253770,17.80000000,90.39000000,1608.94200000,1680308489997,True,True
47253771,17.80000000,1.82000000,32.39600000,1680308490442,True,True
47253772,17.80000000,20.20000000,359.56000000,1680308490442,True,True
47253773,17.80000000,20.00000000,356.00000000,1680308496298,True,True
47253774,17.80000000,1.41000000,25.09800000,1680308496298,True,True
47253775,17.80000000,6.00000000,106.80000000,1680308496298,True,True
47253776,17.80000000,49.51000000,881.27800000,1680308496298,True,True
47253777,17.80000000,3.30000000,58.74000000,1680308496298,True,True
47253778,17.80000000,0.64000000,11.39200000,1680308496311,False,True
47253779,17.80000000,1.18000000,21.00400000,1680308496335,False,True
47253780,17.80000000,3.11000000,55.35800000,1680308496335,False,True
47253781,17.79000000,1.82000000,32.37780000,1680308498935,True,True
47253782,17.79000000,1.54000000,27.39660000,1680308498935,True,True
47253783,17.79000000,0.66000000,11.74140000,1680308534074,True,True
47253784,17.79000000,3.36000000,59.77440000,1680308534086,True,True
47253785,17.79000000,14.44000000,256.88760000,1680308534086,True,True
47253786,17.79000000,0.72000000,12.80880000,1680308534086,True,True
47253787,17.79000000,0.67000000,11.91930000,1680308534086,True,True
47253788,17.79000000,3.30000000,58.70700000,1680308534086,True,True
47253789,17.79000000,4.29000000,76.31910000,1680308534289,False,True
47253790,17.79000000,1.82000000,32.37780000,1680308534434,False,True
47253791,17.79000000,1.71000000,30.42090000,1680308534434,False,True
47253792,17.79000000,1.71000000,30.42090000,1680308534434,False,True
47253793,17.79000000,14.05000000,249.94950000,1680308534434,False,True
47253794,17.79000000,4.34000000,77.20860000,1680308534434,False,True
47253795,17.79000000,11.82000000,210.27780000,1680308534504,False,True
47253796,17.79000000,14.51000000,258.13290000,1680308544592,False,True
47253797,17.79000000,1.51000000,26.86290000,1680308556446,False,True
47253798,17.79000000,11.06000000,196.75740000,1680308556446,False,True
47253799,17.79000000,1.82000000,32.37780000,1680308583156,False,True
47253800,17.79000000,1.71000000,30.42090000,1680308583156,False,True
47253801,17.79000000,1.71000000,30.42090000,1680308583156,False,True
47253802,17.80000000,14.40000000,256.32000000,1680308583564,False,True
47253803,17.80000000,14.41000000,256.49800000,1680308585673,False,True
47253804,17.80000000,5.40000000,96.12000000,1680308588945,False,True
47253805,17.80000000,14.51000000,258.27800000,1680308591151,False,True
47253806,17.80000000,5.71000000,101.63800000,1680308592273,False,True
47253807,17.80000000,8.73000000,155.39400000,1680308592273,False,True
47253808,17.80000000,14.39000000,256.14200000,1680308603888,False,True
47253809,17.80000000,14.78000000,263.08400000,1680308605501,False,True
47253810,17.80000000,14.53000000,258.63400000,1680308606942,False,True
47253811,17.80000000,14.27000000,254.00600000,1680308608086,False,True
47253812,17.80000000,14.19000000,252.58200000,1680308609227,False,True
47253813,17.80000000,14.49000000,257.92200000,1680308610413,False,True
47253814,17.80000000,14.61000000,260.05800000,1680308611458,False,True
47253815,17.80000000,14.34000000,255.25200000,1680308612573,False,True
47253816,17.80000000,6.63000000,118.01400000,1680308614294,False,True
47253817,17.80000000,7.94000000,141.33200000,1680308614294,False,True
47253818,17.80000000,14.58000000,259.52400000,1680308616470,False,True
47253819,17.80000000,8.83000000,157.17400000,1680308620338,False,True
47253820,17.80000000,5.38000000,95.76400000,1680308620338,False,True
47253821,17.80000000,14.48000000,257.74400000,1680308621962,False,True
47253822,17.80000000,9.06000000,161.26800000,1680308622538,False,True
47253823,17.80000000,5.35000000,95.23000000,1680308622538,False,True
47253824,17.79000000,1.42000000,25.26180000,1680308623399,True,True
47253825,17.79000000,4.29000000,76.31910000,1680308623424,False,True
47253826,17.79000000,14.56000000,259.02240000,1680308624230,False,True
47253827,17.79000000,7.89000000,140.36310000,1680308625918,False,True
47253828,17.79000000,1.82000000,32.37780000,1680308625918,False,True
47253829,17.79000000,1.71000000,30.42090000,1680308625918,False,True
47253830,17.79000000,1.63000000,28.99770000,1680308625918,False,True
47253831,17.79000000,0.08000000,1.42320000,1680308625923,False,True
47253832,17.80000000,9.70000000,172.66000000,1680308627645,False,True
47253833,17.80000000,13.96000000,248.48800000,1680308628697,False,True
47253834,17.80000000,11.17000000,198.82600000,1680308629817,False,True
47253835,17.79000000,1.42000000,25.26180000,1680308632546,True,True
47253836,17.79000000,14.14000000,251.55060000,1680308632931,False,True
47253837,17.79000000,14.16000000,251.90640000,1680308634092,False,True
47253838,17.79000000,14.26000000,253.68540000,1680308634674,False,True
47253839,17.79000000,4.08000000,72.58320000,1680308640366,False,True
47253840,17.79000000,2.05000000,36.46950000,1680308646334,False,True
47253841,17.79000000,1.82000000,32.37780000,1680308646334,False,True
47253842,17.79000000,7.32000000,130.22280000,1680308646334,False,True
47253843,17.79000000,14.39000000,255.99810000,1680308650041,False,True
47253844,17.79000000,14.71000000,261.69090000,1680308651169,False,True
47253845,17.79000000,14.42000000,256.53180000,1680308652289,False,True
47253846,17.78000000,1.82000000,32.35960000,1680308652497,True,True
47253847,17.78000000,3.80000000,67.56400000,1680308652497,True,True
47253848,17.79000000,6.55000000,116.52450000,1680308652876,False,True
47253849,17.79000000,5.53000000,98.37870000,1680308652876,False,True
47253850,17.79000000,7.47000000,132.89130000,1680308656264,False,True
47253851,17.79000000,7.16000000,127.37640000,1680308656264,False,True
47253852,17.78000000,16.20000000,288.03600000,1680308660747,True,True
47253853,17.78000000,3.00000000,53.34000000,1680308660747,True,True
47253854,17.78000000,3.30000000,58.67400000,1680308660747,True,True
47253855,17.78000000,53.79000000,956.38620000,1680308660747,True,True
47253856,17.78000000,46.08000000,819.30240000,1680308660747,True,True
47253857,17.78000000,1.82000000,32.35960000,1680308660809,False,True
47253858,17.78000000,1.71000000,30.40380000,1680308660809,False,True
47253859,17.78000000,0.11000000,1.95580000,1680308660809,False,True
47253860,17.78000000,1.60000000,28.44800000,1680308660906,False,True
47253861,17.78000000,2.69000000,47.82820000,1680308660906,False,True
47253862,17.78000000,1.82000000,32.35960000,1680308664970,False,True
47253863,17.78000000,1.71000000,30.40380000,1680308664970,False,True
47253864,17.78000000,1.71000000,30.40380000,1680308664970,False,True
47253865,17.78000000,33.61000000,597.58580000,1680308667182,True,True
47253866,17.79000000,6.12000000,108.87480000,1680308675376,False,True
47253867,17.79000000,4.26000000,75.78540000,1680308737596,False,True
47253868,17.79000000,6.96000000,123.81840000,1680308737599,False,True
47253869,17.79000000,0.88000000,15.65520000,1680308737604,False,True
47253870,17.79000000,1.42000000,25.26180000,1680308737604,False,True
47253871,17.79000000,8.95000000,159.22050000,1680308737605,False,True
47253872,17.79000000,11.25000000,200.13750000,1680308737605,False,True
47253873,17.79000000,11.25000000,200.13750000,1680308737605,False,True
47253874,17.79000000,11.25000000,200.13750000,1680308737605,False,True
47253875,17.79000000,1.82000000,32.37780000,1680308760134,True,True
47253876,17.79000000,11.29000000,200.84910000,1680308760134,True,True
47253877,17.79000000,1.56000000,27.75240000,1680308761144,True,True
47253878,17.79000000,10.24000000,182.16960000,1680308761144,True,True
47253879,17.79000000,1.82000000,32.37780000,1680308761224,False,True
47253880,17.79000000,1.71000000,30.42090000,1680308761224,False,True
47253881,17.79000000,1.71000000,30.42090000,1680308761224,False,True
47253882,17.80000000,40.09000000,713.60200000,1680308772579,False,True
47253883,17.80000000,5.07000000,90.24600000,1680308772579,False,True
47253884,17.80000000,8.52000000,151.65600000,1680308772579,False,True
47253885,17.80000000,11.25000000,200.25000000,1680308772579,False,True
47253886,17.80000000,11.23000000,199.89400000,1680308772579,False,True
47253887,17.80000000,11.23000000,199.89400000,1680308772579,False,True
47253888,17.80000000,11.23000000,199.89400000,1680308772579,False,True
47253889,17.80000000,11.23000000,199.89400000,1680308772579,False,True
47253890,17.80000000,1.81000000,32.21800000,1680308772586,False,True
47253891,17.80000000,1.82000000,32.39600000,1680308772823,True,True
47253892,17.80000000,24.50000000,436.10000000,1680308772823,True,True
47253893,17.80000000,20.34000000,362.05200000,1680308772930,True,True
47253894,17.80000000,0.42000000,7.47600000,1680308772930,True,True
47253895,17.80000000,10.81000000,192.41800000,1680308773126,True,True
47253896,17.80000000,6.21000000,110.53800000,1680308773126,True,True
47253897,17.81000000,1.82000000,32.41420000,1680308776874,False,True
47253898,17.81000000,3.30000000,58.77300000,1680308776874,False,True
47253899,17.81000000,1.00000000,17.81000000,1680308776874,False,True
47253900,17.81000000,2.11000000,37.57910000,1680308776885,True,True
47253901,17.81000000,18.83000000,335.36230000,1680308776965,True,True
47253902,17.82000000,1.06000000,18.88920000,1680308792663,False,True
47253903,17.82000000,1.41000000,25.12620000,1680308792663,False,True
47253904,17.82000000,20.00000000,356.40000000,1680308792663,False,True
47253905,17.82000000,5.61000000,99.97020000,1680308792663,False,True
47253906,17.82000000,3.30000000,58.80600000,1680308792663,False,True
47253907,17.82000000,0.88000000,15.68160000,1680308804208,True,True
47253908,17.82000000,0.94000000,16.75080000,1680308804214,True,True
47253909,17.82000000,3.08000000,54.88560000,1680308804214,True,True
47253910,17.82000000,2.33000000,41.52060000,1680308804220,True,True
47253911,17.82000000,1.25000000,22.27500000,1680308804220,True,True
47253912,17.82000000,0.16000000,2.85120000,1680308804223,True,True
47253913,17.82000000,0.27000000,4.81140000,1680308804223,True,True
47253914,17.82000000,1.14000000,20.31480000,1680308804225,True,True
47253915,17.82000000,1.11000000,19.78020000,1680308804227,True,True
47253916,17.81000000,0.86000000,15.31660000,1680308820563,True,True
47253917,17.81000000,0.37000000,6.58970000,1680308820568,True,True
47253918,17.82000000,1.41000000,25.12620000,1680308820833,False,True
47253919,17.82000000,1.41000000,25.12620000,1680308820833,False,True
47253920,17.82000000,0.67000000,11.93940000,1680308820833,False,True
47253921,17.83000000,1.82000000,32.45060000,1680308838445,False,True
47253922,17.83000000,20.00000000,356.60000000,1680308838445,False,True
47253923,17.83000000,43.91000000,782.91530000,1680308838445,False,True
47253924,17.83000000,30.52000000,544.17160000,1680308838445,False,True
47253925,17.83000000,9.58000000,170.81140000,1680308838445,False,True
47253926,17.83000000,86.67000000,1545.32610000,1680308838445,False,True
47253927,17.83000000,12.33000000,219.84390000,1680308838446,False,True
47253928,17.83000000,3.30000000,58.83900000,1680308838446,False,True
47253929,17.83000000,13.00000000,231.79000000,1680308838446,False,True
47253930,17.83000000,22.51000000,401.35330000,1680308838446,False,True
47253931,17.84000000,1.30000000,23.19200000,1680308853071,False,True
47253932,17.84000000,13.96000000,249.04640000,1680308853834,False,True
47253933,17.84000000,4.74000000,84.56160000,1680308855547,False,True
47253934,17.84000000,3.30000000,58.87200000,1680308855547,False,True
47253935,17.84000000,6.38000000,113.81920000,1680308855547,False,True
47253936,17.83000000,1.55000000,27.63650000,1680308858757,True,True
47253937,17.83000000,0.27000000,4.81410000,1680308858760,True,True
47253938,17.83000000,1.55000000,27.63650000,1680308858788,True,True
47253939,17.83000000,0.29000000,5.17070000,1680308860286,True,True
47253940,17.84000000,14.49000000,258.50160000,1680308863647,False,True
47253941,17.83000000,1.12000000,19.96960000,1680308872091,True,True
47253942,17.83000000,11.88000000,211.82040000,1680308889461,False,True
47253943,17.83000000,0.51000000,9.09330000,1680308896593,False,True
47253944,17.83000000,14.41000000,256.93030000,1680308934850,False,True
47253945,17.83000000,1.82000000,32.45060000,1680308963794,False,True
47253946,17.83000000,23.05000000,410.98150000,1680308963794,False,True
47253947,17.83000000,5.25000000,93.60750000,1680308963794,False,True
47253948,17.83000000,22.63000000,403.49290000,1680308963794,False,True
47253949,17.83000000,24.46000000,436.12180000,1680308963885,True,True
47253950,17.83000000,1.41000000,25.14030000,1680308969335,True,True
47253951,17.83000000,1.82000000,32.45060000,1680308981351,False,True
47253952,17.84000000,3.30000000,58.87200000,1680308999024,False,True
47253953,17.84000000,12.38000000,220.85920000,1680308999024,False,True
47253954,17.84000000,1.82000000,32.46880000,1680308999024,False,True
47253955,17.84000000,110.02000000,1962.75680000,1680309001595,True,True
47253956,17.84000000,43.49000000,775.86160000,1680309001595,True,True
47253957,17.84000000,1.41000000,25.15440000,1680309001595,True,True
47253958,17.84000000,44.74000000,798.16160000,1680309001595,True,True
47253959,17.84000000,56.37000000,1005.64080000,1680309001595,True,True
47253960,17.84000000,1.62000000,28.90080000,1680309017696,True,True
47253961,17.83000000,42.55000000,758.66650000,1680309017696,True,True
47253962,17.83000000,1.41000000,25.14030000,1680309017696,True,True
47253963,17.83000000,41.79000000,745.11570000,1680309017696,True,True
47253964,17.84000000,1.82000000,32.46880000,1680309020478,False,True
47253965,17.84000000,8.40000000,149.85600000,1680309020478,False,True
47253966,17.83000000,1.41000000,25.14030000,1680309025749,True,True
47253967,17.83000000,1.82000000,32.45060000,1680309029419,False,True
47253968,17.83000000,6.71000000,119.63930000,1680309029419,False,True
47253969,17.83000000,14.19000000,253.00770000,1680309029984,False,True
47253970,17.83000000,13.96000000,248.90680000,1680309031101,False,True
47253971,17.83000000,8.31000000,148.16730000,1680309031684,False,True
47253972,17.82000000,1.82000000,32.43240000,1680309035811,True,True
47253973,17.82000000,3.30000000,58.80600000,1680309035811,True,True
47253974,17.82000000,6.10000000,108.70200000,1680309035811,True,True
47253975,17.82000000,21.03000000,374.75460000,1680309043311,True,True
47253976,17.82000000,27.71000000,493.79220000,1680309043311,True,True
47253977,17.82000000,60.11000000,1071.16020000,1680309043575,True,True
47253978,17.82000000,1.82000000,32.43240000,1680309043593,False,True
47253979,17.82000000,1.41000000,25.12620000,1680309052827,True,True
47253980,17.81000000,0.58000000,10.32980000,1680309056333,True,True
47253981,17.81000000,3.30000000,58.77300000,1680309056333,True,True
47253982,17.81000000,1.82000000,32.41420000,1680309060500,False,True
47253983,17.81000000,10.19000000,181.48390000,1680309060500,False,True
47253984,17.80000000,12.04000000,214.31200000,1680309061028,True,True
47253985,17.81000000,14.65000000,260.91650000,1680309063955,False,True
47253986,17.81000000,14.41000000,256.64210000,1680309075104,False,True
47253987,17.81000000,4.27000000,76.04870000,1680309076243,False,True
47253988,17.81000000,5.38000000,95.81780000,1680309076243,False,True
47253989,17.80000000,7.96000000,141.68800000,1680309081158,True,True
47253990,17.80000000,6.00000000,106.80000000,1680309081158,True,True
47253991,17.80000000,3.30000000,58.74000000,1680309081158,True,True
47253992,17.80000000,1.41000000,25.09800000,1680309081158,True,True
47253993,17.80000000,1.82000000,32.39600000,1680309081179,False,True
47253994,17.80000000,14.04000000,249.91200000,1680309086695,False,True
47253995,17.80000000,1.82000000,32.39600000,1680309086695,False,True
47253996,17.80000000,28.09000000,500.00200000,1680309086695,False,True
47253997,17.80000000,1.71000000,30.43800000,1680309086695,False,True
47253998,17.80000000,20.82000000,370.59600000,1680309086695,False,True
47253999,17.80000000,10.00000000,178.00000000,1680309090479,False,True
47254000,17.80000000,14.67000000,261.12600000,1680309090566,False,True
47254001,17.80000000,14.33000000,255.07400000,1680309094830,False,True
47254002,17.80000000,8.58000000,152.72400000,1680309095391,False,True
47254003,17.80000000,3.39000000,60.34200000,1680309096502,False,True
47254004,17.80000000,10.89000000,193.84200000,1680309096502,False,True
47254005,17.80000000,14.31000000,254.71800000,1680309097625,False,True
47254006,17.80000000,1.11000000,19.75800000,1680309102343,False,True
47254007,17.80000000,17.21000000,306.33800000,1680309102345,False,True
47254008,17.80000000,1.71000000,30.43800000,1680309102345,False,True
47254009,17.80000000,1.71000000,30.43800000,1680309102345,False,True
47254010,17.80000000,1.41000000,25.09800000,1680309102345,False,True
47254011,17.80000000,13.00000000,231.40000000,1680309102345,False,True
47254012,17.81000000,11.22000000,199.82820000,1680309106074,False,True
47254013,17.80000000,1.82000000,32.39600000,1680309116169,True,True
47254014,17.80000000,7.30000000,129.94000000,1680309116169,True,True
47254015,17.80000000,1.41000000,25.09800000,1680309116233,False,True
47254016,17.80000000,2.88000000,51.26400000,1680309116233,False,True
47254017,17.80000000,2.81000000,50.01800000,1680309116317,False,True
47254018,17.79000000,1.82000000,32.37780000,1680309144561,True,True
47254019,17.79000000,20.00000000,355.80000000,1680309144561,True,True
47254020,17.79000000,40.73000000,724.58670000,1680309144561,True,True
47254021,17.79000000,0.67000000,11.91930000,1680309144561,True,True
47254022,17.79000000,3.30000000,58.70700000,1680309144561,True,True
47254023,17.79000000,24.77000000,440.65830000,1680309144561,True,True
47254024,17.79000000,19.02000000,338.36580000,1680309144561,True,True
47254025,17.78000000,1.82000000,32.35960000,1680309154374,True,True
47254026,17.78000000,12.58000000,223.67240000,1680309154374,True,True
47254027,17.78000000,0.62000000,11.02360000,1680309154376,True,True
47254028,17.79000000,10.00000000,177.90000000,1680309159843,False,True
47254029,17.79000000,46.21000000,822.07590000,1680309160837,False,True
47254030,17.79000000,1.33000000,23.66070000,1680309167284,True,True
47254031,17.79000000,1.03000000,18.32370000,1680309167325,True,True
47254032,17.79000000,1.33000000,23.66070000,1680309167329,True,True
47254033,17.79000000,14.10000000,250.83900000,1680309183809,False,True
47254034,17.79000000,1.85000000,32.91150000,1680309187029,False,True
47254035,17.79000000,5.59000000,99.44610000,1680309189196,False,True
47254036,17.79000000,40.00000000,711.60000000,1680309205450,False,True
47254037,17.79000000,3.96000000,70.44840000,1680309205450,False,True
47254038,17.79000000,13.00000000,231.27000000,1680309205450,False,True
47254039,17.79000000,39.29000000,698.96910000,1680309205450,False,True
47254040,17.79000000,4.15000000,73.82850000,1680309205451,False,True
47254041,17.79000000,11.25000000,200.13750000,1680309205451,False,True
47254042,17.79000000,11.25000000,200.13750000,1680309205451,False,True
47254043,17.79000000,11.25000000,200.13750000,1680309205451,False,True
47254044,17.79000000,11.25000000,200.13750000,1680309205451,False,True
47254045,17.79000000,1.71000000,30.42090000,1680309205451,False,True
47254046,17.79000000,1.71000000,30.42090000,1680309205451,False,True
47254047,17.79000000,14.05000000,249.94950000,1680309205451,False,True
47254048,17.79000000,10.10000000,179.67900000,1680309205575,True,True
47254049,17.79000000,51.17000000,910.31430000,1680309205575,True,True
47254050,17.79000000,1.82000000,32.37780000,1680309205600,False,True
47254051,17.78000000,6.80000000,120.90400000,1680309289721,True,True
47254052,17.78000000,49.71000000,883.84380000,1680309289721,True,True
47254053,17.78000000,3.30000000,58.67400000,1680309289721,True,True
47254054,17.78000000,59.63000000,1060.22140000,1680309289721,True,True
47254055,17.78000000,96.56000000,1716.83680000,1680309289721,True,True
47254056,17.78000000,204.00000000,3627.12000000,1680309289721,True,True
47254057,17.78000000,27.03000000,480.59340000,1680309289724,True,True
47254058,17.78000000,102.72000000,1826.36160000,1680309289724,True,True
47254059,17.78000000,0.67000000,11.91260000,1680309289724,True,True
47254060,17.78000000,24.83000000,441.47740000,1680309289724,True,True
47254061,17.78000000,11.24000000,199.84720000,1680309289724,True,True
47254062,17.78000000,22.49000000,399.87220000,1680309289724,True,True
47254063,17.78000000,1.50000000,26.67000000,1680309289734,False,True
47254064,17.77000000,13.63000000,242.20510000,1680309289765,True,True
47254065,17.77000000,6.37000000,113.19490000,1680309289767,True,True
47254066,17.77000000,0.67000000,11.90590000,1680309289767,True,True
47254067,17.77000000,1.85000000,32.87450000,1680309289767,True,True
47254068,17.77000000,4.85000000,86.18450000,1680309289767,True,True
47254069,17.77000000,3.00000000,53.31000000,1680309289767,True,True
47254070,17.77000000,0.71000000,12.61670000,1680309289767,True,True
47254071,17.77000000,6.00000000,106.62000000,1680309289767,True,True
47254072,17.77000000,33.75000000,599.73750000,1680309289767,True,True
47254073,17.77000000,10.00000000,177.70000000,1680309289767,True,True
47254074,17.77000000,28.92000000,513.90840000,1680309289767,True,True
47254075,17.77000000,51.97000000,923.50690000,1680309289767,True,True
47254076,17.77000000,33.75000000,599.73750000,1680309289767,True,True
47254077,17.77000000,21.08000000,374.59160000,1680309289767,True,True
47254078,17.77000000,99.00000000,1759.23000000,1680309289767,True,True
47254079,17.77000000,0.63000000,11.19510000,1680309289767,True,True
47254080,17.77000000,1.57000000,27.89890000,1680309289798,False,True
47254081,17.77000000,1.82000000,32.34140000,1680309289804,True,True
47254082,17.76000000,0.11000000,1.95360000,1680309289945,True,True
47254083,17.76000000,0.89000000,15.80640000,1680309289945,True,True
47254084,17.76000000,1.00000000,17.76000000,1680309291106,True,True
47254085,17.76000000,2.00000000,35.52000000,1680309291109,True,True
47254086,17.76000000,2.00000000,35.52000000,1680309291112,True,True
47254087,17.76000000,2.00000000,35.52000000,1680309291114,True,True
47254088,17.76000000,2.00000000,35.52000000,1680309291124,True,True
47254089,17.76000000,1.00000000,17.76000000,1680309291131,True,True
47254090,17.76000000,2.00000000,35.52000000,1680309291131,True,True
47254091,17.76000000,2.00000000,35.52000000,1680309291132,True,True
47254092,17.76000000,2.00000000,35.52000000,1680309291140,True,True
47254093,17.76000000,3.00000000,53.28000000,1680309291487,True,True
47254094,17.76000000,0.11000000,1.95360000,1680309291654,True,True
47254095,17.76000000,2.89000000,51.32640000,1680309291654,True,True
47254096,17.76000000,2.75000000,48.84000000,1680309291658,True,True
47254097,17.76000000,0.68000000,12.07680000,1680309291658,True,True
47254098,17.76000000,3.31000000,58.78560000,1680309291658,True,True
47254099,17.76000000,3.00000000,53.28000000,1680309291658,True,True
47254100,17.76000000,44.38000000,788.18880000,1680309291658,True,True
47254101,17.76000000,3.30000000,58.60800000,1680309291658,True,True
47254102,17.76000000,14.94000000,265.33440000,1680309291658,True,True
47254103,17.75000000,3.00000000,53.25000000,1680309291658,True,True
47254104,17.76000000,1.70000000,30.19200000,1680309291666,True,True
47254105,17.76000000,1.24000000,22.02240000,1680309292102,False,True
47254106,17.76000000,1.82000000,32.32320000,1680309294683,False,True
47254107,17.76000000,7.24000000,128.58240000,1680309294683,False,True
47254108,17.76000000,22.66000000,402.44160000,1680309294683,False,True
47254109,17.76000000,1.71000000,30.36960000,1680309294683,False,True
47254110,17.77000000,1.71000000,30.38670000,1680309294683,False,True
47254111,17.77000000,0.11000000,1.95470000,1680309294684,False,True
47254112,17.77000000,35.03000000,622.48310000,1680309294684,False,True
47254113,17.77000000,5.53000000,98.26810000,1680309304136,False,True
47254114,17.77000000,14.46000000,256.95420000,1680309307185,False,True
47254115,17.77000000,8.14000000,144.64780000,1680309307782,False,True
47254116,17.77000000,6.29000000,111.77330000,1680309307782,False,True
47254117,17.77000000,7.77000000,138.07290000,1680309309128,False,True
47254118,17.77000000,28.13000000,499.87010000,1680309309128,False,True
47254119,17.78000000,14.81000000,263.32180000,1680309311493,False,True
47254120,17.78000000,14.72000000,261.72160000,1680309318201,False,True
47254121,17.78000000,14.45000000,256.92100000,1680309333403,False,True
47254122,17.77000000,1.83000000,32.51910000,1680309340233,True,True
47254123,17.77000000,16.01000000,284.49770000,1680309340233,True,True
47254124,17.77000000,1.42000000,25.23340000,1680309344846,False,True
47254125,17.77000000,8.58000000,152.46660000,1680309344846,False,True
47254126,17.77000000,14.69000000,261.04130000,1680309345858,False,True
47254127,17.77000000,14.68000000,260.86360000,1680309346481,False,True
47254128,17.77000000,1.71000000,30.38670000,1680309347093,False,True
47254129,17.77000000,1.71000000,30.38670000,1680309347093,False,True
47254130,17.77000000,7.83000000,139.13910000,1680309347093,False,True
47254131,17.77000000,6.23000000,110.70710000,1680309347666,False,True
47254132,17.77000000,8.30000000,147.49100000,1680309347666,False,True
47254133,17.77000000,9.09000000,161.52930000,1680309348289,False,True
47254134,17.77000000,5.49000000,97.55730000,1680309349159,False,True
47254135,17.77000000,2.95000000,52.42150000,1680309349159,False,True
47254136,17.77000000,6.97000000,123.85690000,1680309352576,False,True
47254137,17.77000000,14.06000000,249.84620000,1680309353973,False,True
47254138,17.77000000,0.76000000,13.50520000,1680309353973,False,True
47254139,17.77000000,0.95000000,16.88150000,1680309353977,False,True
47254140,17.77000000,1.71000000,30.38670000,1680309353977,False,True
47254141,17.77000000,48.42000000,860.42340000,1680309353977,False,True
47254142,17.77000000,1.82000000,32.34140000,1680309375037,True,True
47254143,17.76000000,43.50000000,772.56000000,1680309375057,True,True
47254144,17.76000000,1.83000000,32.50080000,1680309375057,True,True
47254145,17.76000000,43.52000000,772.91520000,1680309375057,True,True
47254146,17.76000000,28.15000000,499.94400000,1680309375057,True,True
47254147,17.76000000,22.97000000,407.94720000,1680309375076,True,True
47254148,17.76000000,43.42000000,771.13920000,1680309375101,True,True
47254149,17.76000000,10.08000000,179.02080000,1680309375101,True,True
47254150,17.77000000,29.31000000,520.83870000,1680309410716,False,True
47254151,17.77000000,1.23000000,21.85710000,1680309428458,False,True
47254152,17.77000000,3.59000000,63.79430000,1680309440329,False,True
47254153,17.77000000,1.57000000,27.89890000,1680309440330,False,True
47254154,17.77000000,1.37000000,24.34490000,1680309440330,False,True
47254155,17.77000000,1.56000000,27.72120000,1680309440337,False,True
47254156,17.77000000,2.69000000,47.80130000,1680309440347,False,True
47254157,17.76000000,3.30000000,58.60800000,1680309479187,True,True
47254158,17.76000000,1.42000000,25.21920000,1680309479187,True,True
47254159,17.76000000,40.92000000,726.73920000,1680309479187,True,True
47254160,17.76000000,14.11000000,250.59360000,1680309479187,True,True
47254161,17.76000000,38.15000000,677.54400000,1680309479187,True,True
47254162,17.76000000,136.72000000,2428.14720000,1680309479187,True,True
47254163,17.76000000,43.53000000,773.09280000,1680309479187,True,True
47254164,17.76000000,127.17000000,2258.53920000,1680309479187,True,True
47254165,17.76000000,72.11000000,1280.67360000,1680309479187,True,True
47254166,17.76000000,25.61000000,454.83360000,1680309479187,True,True
47254167,17.76000000,1.82000000,32.32320000,1680309479198,False,True
47254168,17.76000000,1.42000000,25.21920000,1680309483801,True,True
47254169,17.76000000,4.29000000,76.19040000,1680309483830,False,True
47254170,17.76000000,7.60000000,134.97600000,1680309483872,False,True
47254171,17.76000000,4.29000000,76.19040000,1680309484023,False,True
47254172,17.76000000,23.62000000,419.49120000,1680309490170,False,True
47254173,17.76000000,1.76000000,31.25760000,1680309490170,False,True
47254174,17.76000000,0.06000000,1.06560000,1680309558150,False,True
47254175,17.76000000,12.40000000,220.22400000,1680309558150,False,True
47254176,17.76000000,14.61000000,259.47360000,1680309558737,False,True
47254177,17.76000000,16.31000000,289.66560000,1680309558756,False,True
47254178,17.76000000,17.17000000,304.93920000,1680309558756,False,True
47254179,17.76000000,1.71000000,30.36960000,1680309558756,False,True
47254180,17.76000000,1.71000000,30.36960000,1680309558756,False,True
47254181,17.76000000,1.83000000,32.50080000,1680309560433,False,True
47254182,17.76000000,5.62000000,99.81120000,1680309560433,False,True
47254183,17.77000000,14.16000000,251.62320000,1680309561008,False,True
47254184,17.77000000,13.97000000,248.24690000,1680309562119,False,True
47254185,17.77000000,0.41000000,7.28570000,1680309562119,False,True
47254186,17.77000000,14.85000000,263.88450000,1680309562690,False,True
47254187,17.77000000,14.23000000,252.86710000,1680309563823,False,True
47254188,17.77000000,14.62000000,259.79740000,1680309564958,False,True
47254189,17.77000000,14.42000000,256.24340000,1680309566898,False,True
47254190,17.77000000,14.62000000,259.79740000,1680309567480,False,True
47254191,17.77000000,14.79000000,262.81830000,1680309568066,False,True
47254192,17.77000000,5.83000000,103.59910000,1680309569175,False,True
47254193,17.77000000,8.95000000,159.04150000,1680309569175,False,True
47254194,17.77000000,14.49000000,257.48730000,1680309569743,False,True
47254195,17.77000000,14.43000000,256.42110000,1680309570886,False,True
47254196,17.77000000,14.66000000,260.50820000,1680309571983,False,True
47254197,17.77000000,1.57000000,27.89890000,1680309572548,False,True
47254198,17.77000000,12.59000000,223.72430000,1680309572548,False,True
47254199,17.77000000,14.56000000,258.73120000,1680309574209,False,True
47254200,17.77000000,14.41000000,256.06570000,1680309574779,False,True
47254201,17.77000000,1.96000000,34.82920000,1680309575381,False,True
47254202,17.77000000,12.65000000,224.79050000,1680309575381,False,True
47254203,17.77000000,14.32000000,254.46640000,1680309576508,False,True
47254204,17.77000000,1.95000000,34.65150000,1680309577635,False,True
47254205,17.77000000,7.17000000,127.41090000,1680309577635,False,True
47254206,17.77000000,14.42000000,256.24340000,1680309578739,False,True
47254207,17.77000000,14.56000000,258.73120000,1680309579853,False,True
47254208,17.77000000,11.64000000,206.84280000,1680309581542,False,True
47254209,17.77000000,2.95000000,52.42150000,1680309581542,False,True
47254210,17.77000000,14.21000000,252.51170000,1680309582127,False,True
47254211,17.77000000,14.17000000,251.80090000,1680309583241,False,True
47254212,17.77000000,14.64000000,260.15280000,1680309583823,False,True
47254213,17.77000000,14.07000000,250.02390000,1680309584408,False,True
47254214,17.77000000,0.43000000,7.64110000,1680309584408,False,True
47254215,17.77000000,14.13000000,251.09010000,1680309584978,False,True
47254216,17.77000000,14.60000000,259.44200000,1680309590907,False,True
47254217,17.77000000,9.74000000,173.07980000,1680309591498,False,True
47254218,17.77000000,1.14000000,20.25780000,1680309616679,False,True
47254219,17.76000000,1.83000000,32.50080000,1680309625891,True,True
47254220,17.76000000,3.77000000,66.95520000,1680309625891,True,True
47254221,17.76000000,5.60000000,99.45600000,1680309627019,True,True
47254222,17.76000000,1.00000000,17.76000000,1680309629162,True,True
47254223,17.76000000,7.06000000,125.38560000,1680309631929,True,True
47254224,17.76000000,5.60000000,99.45600000,1680309633046,True,True
47254225,17.76000000,5.60000000,99.45600000,1680309634003,True,True
47254226,17.76000000,40.37000000,716.97120000,1680309634201,True,True
47254227,17.76000000,1.26000000,22.37760000,1680309634201,True,True
47254228,17.76000000,0.14000000,2.48640000,1680309634202,True,True
47254229,17.76000000,1.34000000,23.79840000,1680309634206,True,True
47254230,17.76000000,0.08000000,1.42080000,1680309634207,True,True
47254231,17.75000000,1.42000000,25.20500000,1680309634254,True,True
47254232,17.75000000,0.32000000,5.68000000,1680309634256,True,True
47254233,17.75000000,1.69000000,29.99750000,1680309634256,True,True
47254234,17.75000000,20.00000000,355.00000000,1680309634256,True,True
47254235,17.75000000,1.41000000,25.02750000,1680309634256,True,True
47254236,17.75000000,3.00000000,53.25000000,1680309634256,True,True
47254237,17.75000000,1.36000000,24.14000000,1680309634256,True,True
47254238,17.75000000,0.77000000,13.66750000,1680309634256,True,True
47254239,17.75000000,0.92000000,16.33000000,1680309634256,True,True
47254240,17.75000000,31.83000000,564.98250000,1680309634256,True,True
47254241,17.75000000,3.92000000,69.58000000,1680309640902,True,True
47254242,17.75000000,5.60000000,99.40000000,1680309641885,True,True
47254243,17.75000000,5.60000000,99.40000000,1680309642849,True,True
47254244,17.75000000,12.88000000,228.62000000,1680309643870,True,True
47254245,17.75000000,5.60000000,99.40000000,1680309644794,True,True
47254246,17.75000000,13.12000000,232.88000000,1680309646551,True,True
47254247,17.75000000,26.09000000,463.09750000,1680309646566,True,True
47254248,17.75000000,0.44000000,7.81000000,1680309646664,True,True
47254249,17.75000000,3.81000000,67.62750000,1680309646670,True,True
47254250,17.75000000,6.41000000,113.77750000,1680309646670,True,True
47254251,17.75000000,0.36000000,6.39000000,1680309646670,True,True
47254252,17.75000000,3.30000000,58.57500000,1680309646670,True,True
47254253,17.75000000,59.64000000,1058.61000000,1680309646670,True,True
47254254,17.75000000,4.46000000,79.16500000,1680309646725,False,True
47254255,17.75000000,5.94000000,105.43500000,1680309647682,False,True
47254256,17.75000000,2.20000000,39.05000000,1680309651773,False,True
47254257,17.75000000,1.24000000,22.01000000,1680309658447,False,True
47254258,17.74000000,1.34000000,23.77160000,1680309662365,True,True
47254259,17.74000000,18.66000000,331.02840000,1680309662367,True,True
47254260,17.74000000,0.72000000,12.77280000,1680309662367,True,True
47254261,17.74000000,3.00000000,53.22000000,1680309662367,True,True
47254262,17.74000000,1.85000000,32.81900000,1680309662367,True,True
47254263,17.74000000,3.24000000,57.47760000,1680309662367,True,True
47254264,17.74000000,1.06000000,18.80440000,1680309662367,True,True
47254265,17.74000000,6.00000000,106.44000000,1680309662367,True,True
47254266,17.74000000,11.27000000,199.92980000,1680309662367,True,True
47254267,17.74000000,3.30000000,58.54200000,1680309662367,True,True
47254268,17.74000000,47.15000000,836.44100000,1680309662367,True,True
47254269,17.74000000,6.78000000,120.27720000,1680309662368,True,True
47254270,17.74000000,0.89000000,15.78860000,1680309662369,True,True
47254271,17.74000000,4.90000000,86.92600000,1680309662381,True,True
47254272,17.73000000,20.00000000,354.60000000,1680309662571,True,True
47254273,17.73000000,3.00000000,53.19000000,1680309662571,True,True
47254274,17.73000000,1.16000000,20.56680000,1680309662571,True,True
47254275,17.73000000,1.48000000,26.24040000,1680309662571,True,True
47254276,17.73000000,2.94000000,52.12620000,1680309662571,True,True
47254277,17.73000000,20.30000000,359.91900000,1680309662571,True,True
47254278,17.73000000,29.70000000,526.58100000,1680309662580,True,True
47254279,17.73000000,4.20000000,74.46600000,1680309662580,True,True
47254280,17.73000000,0.10000000,1.77300000,1680309662580,True,True
47254281,17.74000000,1.15000000,20.40100000,1680309664306,False,True
47254282,17.73000000,5.60000000,99.28800000,1680309666854,True,True
47254283,17.73000000,2.00000000,35.46000000,1680309667762,True,True
47254284,17.73000000,5.60000000,99.28800000,1680309667843,True,True
47254285,17.73000000,5.60000000,99.28800000,1680309668836,True,True
47254286,17.73000000,5.30000000,93.96900000,1680309673793,True,True
47254287,17.73000000,5.60000000,99.28800000,1680309674764,True,True
47254288,17.73000000,5.60000000,99.28800000,1680309675833,True,True
47254289,17.73000000,5.60000000,99.28800000,1680309676730,True,True
47254290,17.73000000,5.60000000,99.28800000,1680309677744,True,True
47254291,17.73000000,2.61000000,46.27530000,1680309678753,True,True
47254292,17.73000000,1.17000000,20.74410000,1680309678753,True,True
47254293,17.73000000,1.29000000,22.87170000,1680309678773,False,True
47254294,17.73000000,0.54000000,9.57420000,1680309678802,False,True
47254295,17.73000000,12.15000000,215.41950000,1680309678802,False,True
47254296,17.73000000,7.42000000,131.55660000,1680309679672,True,True
47254297,17.73000000,5.60000000,99.28800000,1680309681861,True,True
47254298,17.73000000,6.34000000,112.40820000,1680309691097,False,True
47254299,17.72000000,1.42000000,25.16240000,1680309697164,True,True
47254300,17.72000000,54.68000000,968.92960000,1680309697164,True,True
47254301,17.72000000,21.00000000,372.12000000,1680309697187,True,True
47254302,17.72000000,5.60000000,99.23200000,1680309697664,True,True
47254303,17.72000000,5.60000000,99.23200000,1680309698697,True,True
47254304,17.73000000,21.60000000,382.96800000,1680309700417,False,True
47254305,17.72000000,14.40000000,255.16800000,1680309702519,True,True
47254306,17.72000000,0.67000000,11.87240000,1680309702519,True,True
47254307,17.72000000,3.00000000,53.16000000,1680309702519,True,True
47254308,17.72000000,0.72000000,12.75840000,1680309702519,True,True
47254309,17.72000000,0.57000000,10.10040000,1680309702519,True,True
47254310,17.72000000,0.68000000,12.04960000,1680309702519,True,True
47254311,17.72000000,3.30000000,58.47600000,1680309702519,True,True
47254312,17.72000000,0.57000000,10.10040000,1680309702532,True,True
47254313,17.72000000,0.57000000,10.10040000,1680309702533,True,True
47254314,17.72000000,0.57000000,10.10040000,1680309702533,True,True
47254315,17.72000000,0.35000000,6.20200000,1680309702533,True,True
47254316,17.72000000,3.02000000,53.51440000,1680309702548,False,True
47254317,17.71000000,1.74000000,30.81540000,1680309705820,True,True
47254318,17.71000000,3.86000000,68.36060000,1680309705820,True,True
47254319,17.71000000,10.21000000,180.81910000,1680309706271,True,True
47254320,17.71000000,5.93000000,105.02030000,1680309706275,True,True
47254321,17.71000000,3.00000000,53.13000000,1680309706275,True,True
47254322,17.71000000,1.85000000,32.76350000,1680309706275,True,True
47254323,17.71000000,0.34000000,6.02140000,1680309706275,True,True
47254324,17.71000000,27.43000000,485.78530000,1680309706275,True,True
47254325,17.71000000,2.02000000,35.77420000,1680309706275,True,True
47254326,17.71000000,20.00000000,354.20000000,1680309706275,True,True
47254327,17.71000000,3.30000000,58.44300000,1680309706275,True,True
47254328,17.71000000,1.83000000,32.40930000,1680309706315,False,True
47254329,17.71000000,34.41000000,609.40110000,1680309706315,False,True
47254330,17.71000000,9.23000000,163.46330000,1680309706520,False,True
47254331,17.71000000,87.62000000,1551.75020000,1680309706520,False,True
47254332,17.71000000,1.71000000,30.28410000,1680309706584,False,True
47254333,17.71000000,1.57000000,27.80470000,1680309706584,False,True
47254334,17.71000000,0.14000000,2.47940000,1680309706622,False,True
47254335,17.71000000,3.14000000,55.60940000,1680309706622,False,True
47254336,17.71000000,3.28000000,58.08880000,1680309706651,False,True
47254337,17.71000000,4.29000000,75.97590000,1680309706680,False,True
47254338,17.71000000,1.83000000,32.40930000,1680309706715,False,True
47254339,17.71000000,1.45000000,25.67950000,1680309706715,False,True
47254340,17.71000000,3.28000000,58.08880000,1680309706802,False,True
47254341,17.71000000,3.28000000,58.08880000,1680309706973,False,True
47254342,17.71000000,3.28000000,58.08880000,1680309707038,False,True
47254343,17.71000000,1.71000000,30.28410000,1680309707104,False,True
47254344,17.71000000,1.57000000,27.80470000,1680309707104,False,True
47254345,17.71000000,0.26000000,4.60460000,1680309707171,False,True
47254346,17.71000000,3.02000000,53.48420000,1680309707171,False,True
47254347,17.71000000,3.20000000,56.67200000,1680309707240,False,True
47254348,17.71000000,1.42000000,25.14820000,1680309711127,False,True
47254349,17.71000000,1.00000000,17.71000000,1680309723867,True,True
47254350,17.71000000,0.83000000,14.69930000,1680309723904,True,True
47254351,17.71000000,3.34000000,59.15140000,1680309723904,True,True
47254352,17.71000000,1.42000000,25.14820000,1680309723904,True,True
47254353,17.70000000,0.57000000,10.08900000,1680309742754,True,True
47254354,17.70000000,0.57000000,10.08900000,1680309742754,True,True
47254355,17.70000000,0.57000000,10.08900000,1680309742754,True,True
47254356,17.70000000,3.00000000,53.10000000,1680309742754,True,True
47254357,17.70000000,20.00000000,354.00000000,1680309742754,True,True
47254358,17.70000000,1.41000000,24.95700000,1680309742754,True,True
47254359,17.70000000,0.67000000,11.85900000,1680309742754,True,True
47254360,17.70000000,1.15000000,20.35500000,1680309742754,True,True
47254361,17.70000000,1.52000000,26.90400000,1680309742754,True,True
47254362,17.70000000,5.65000000,100.00500000,1680309742754,True,True
47254363,17.70000000,1.32000000,23.36400000,1680309742754,True,True
47254364,17.70000000,23.99000000,424.62300000,1680309742754,True,True
47254365,17.70000000,1.54000000,27.25800000,1680309742754,True,True
47254366,17.70000000,2.72000000,48.14400000,1680309743838,True,True
47254367,17.70000000,0.92000000,16.28400000,1680309743838,True,True
47254368,17.70000000,0.83000000,14.69100000,1680309743838,True,True
47254369,17.70000000,2.64000000,46.72800000,1680309743838,True,True
47254370,17.70000000,15.79000000,279.48300000,1680309743838,True,True
47254371,17.70000000,3.13000000,55.40100000,1680309744115,True,True
47254372,17.70000000,2.64000000,46.72800000,1680309751910,True,True
47254373,17.70000000,1.42000000,25.13400000,1680309751910,True,True
47254374,17.70000000,3.30000000,58.41000000,1680309751910,True,True
47254375,17.70000000,2.64000000,46.72800000,1680309751915,True,True
47254376,17.70000000,2.64000000,46.72800000,1680309751915,True,True
47254377,17.70000000,2.64000000,46.72800000,1680309751915,True,True
47254378,17.70000000,2.64000000,46.72800000,1680309751915,True,True
47254379,17.70000000,2.64000000,46.72800000,1680309751915,True,True
47254380,17.70000000,2.64000000,46.72800000,1680309751915,True,True
47254381,17.70000000,2.64000000,46.72800000,1680309751915,True,True
47254382,17.70000000,2.63000000,46.55100000,1680309751915,True,True
47254383,17.70000000,1.83000000,32.39100000,1680309752005,False,True
47254384,17.70000000,1.71000000,30.26700000,1680309752005,False,True
47254385,17.70000000,0.75000000,13.27500000,1680309752005,False,True
47254386,17.70000000,0.96000000,16.99200000,1680309752084,False,True
47254387,17.70000000,4.12000000,72.92400000,1680309752084,False,True
47254388,17.69000000,4.85000000,85.79650000,1680309754087,True,True
47254389,17.69000000,0.71000000,12.55990000,1680309754087,True,True
47254390,17.69000000,3.25000000,57.49250000,1680309754087,True,True
47254391,17.69000000,0.36000000,6.36840000,1680309754087,True,True
47254392,17.69000000,3.32000000,58.73080000,1680309754087,True,True
47254393,17.69000000,20.00000000,353.80000000,1680309754087,True,True
47254394,17.69000000,3.00000000,53.07000000,1680309754087,True,True
47254395,17.69000000,50.00000000,884.50000000,1680309754087,True,True
47254396,17.69000000,4.46000000,78.89740000,1680309754087,True,True
47254397,17.68000000,20.00000000,353.60000000,1680309754090,True,True
47254398,17.68000000,23.88000000,422.19840000,1680309754090,True,True
47254399,17.68000000,0.72000000,12.72960000,1680309754090,True,True
47254400,17.68000000,1.36000000,24.04480000,1680309754090,True,True
47254401,17.68000000,1.86000000,32.88480000,1680309754090,True,True
47254402,17.68000000,0.39000000,6.89520000,1680309754090,True,True
47254403,17.68000000,3.00000000,53.04000000,1680309754090,True,True
47254404,17.68000000,1.47000000,25.98960000,1680309754090,True,True
47254405,17.68000000,0.73000000,12.90640000,1680309754090,True,True
47254406,17.68000000,0.68000000,12.02240000,1680309754090,True,True
47254407,17.68000000,42.16000000,745.38880000,1680309754090,True,True
47254408,17.68000000,7.84000000,138.61120000,1680309754090,True,True
47254409,17.68000000,5.88000000,103.95840000,1680309754090,True,True
47254410,17.68000000,12.72000000,224.88960000,1680309754090,True,True
47254411,17.68000000,10.00000000,176.80000000,1680309754090,True,True
47254412,17.68000000,6.00000000,106.08000000,1680309754090,True,True
47254413,17.67000000,0.67000000,11.83890000,1680309754090,True,True
47254414,17.67000000,20.00000000,353.40000000,1680309754090,True,True
47254415,17.67000000,3.00000000,53.01000000,1680309754090,True,True
47254416,17.67000000,1.07000000,18.90690000,1680309754090,True,True
47254417,17.67000000,4.47000000,78.98490000,1680309754090,True,True
47254418,17.67000000,1.74000000,30.74580000,1680309754090,True,True
47254419,17.67000000,1.27000000,22.44090000,1680309754090,True,True
47254420,17.67000000,28.77000000,508.36590000,1680309754090,True,True
47254421,17.67000000,15.49000000,273.70830000,1680309754090,True,True
47254422,17.67000000,54.61000000,964.95870000,1680309754090,True,True
47254423,17.67000000,346.12000000,6115.94040000,1680309754098,True,True
47254424,17.67000000,40.68000000,718.81560000,1680309754098,True,True
47254425,17.67000000,118.04000000,2085.76680000,1680309754098,True,True
47254426,17.67000000,12.44000000,219.81480000,1680309754098,True,True
47254427,17.67000000,12.44000000,219.81480000,1680309754098,True,True
47254428,17.67000000,12.22000000,215.92740000,1680309754098,True,True
47254429,17.67000000,12.95000000,228.82650000,1680309754098,True,True
47254430,17.67000000,82.53000000,1458.30510000,1680309754098,True,True
47254431,17.67000000,12.45000000,219.99150000,1680309754110,True,True
47254432,17.67000000,10.87000000,192.07290000,1680309754116,True,True
47254433,17.67000000,0.53000000,9.36510000,1680309754116,True,True
47254434,17.68000000,1.83000000,32.35440000,1680309754116,False,True
47254435,17.68000000,28.77000000,508.65360000,1680309754116,False,True
47254436,17.68000000,28.28000000,499.99040000,1680309754116,False,True
47254437,17.69000000,6.07000000,107.37830000,1680309754116,False,True
47254438,17.67000000,9.47000000,167.33490000,1680309754118,True,True
47254439,17.66000000,2.98000000,52.62680000,1680309754118,True,True
47254440,17.69000000,37.54000000,664.08260000,1680309754118,False,True
47254441,17.69000000,35.86000000,634.36340000,1680309754118,False,True
47254442,17.67000000,12.45000000,219.99150000,1680309754120,True,True
47254443,17.68000000,9.33000000,164.95440000,1680309754142,False,True
47254444,17.68000000,1.83000000,32.35440000,1680309754142,False,True
47254445,17.68000000,19.44000000,343.69920000,1680309754142,False,True
47254446,17.68000000,8.81000000,155.76080000,1680309755271,False,True
47254447,17.68000000,0.53000000,9.37040000,1680309758881,False,True
47254448,17.68000000,13.00000000,229.84000000,1680309758881,False,True
47254449,17.68000000,14.14000000,249.99520000,1680309758881,False,True
47254450,17.68000000,42.42000000,749.98560000,1680309758881,False,True
47254451,17.68000000,6.02000000,106.43360000,1680309758881,False,True
47254452,17.68000000,20.14000000,356.07520000,1680309758881,False,True
47254453,17.68000000,30.33000000,536.23440000,1680309758882,False,True
47254454,17.69000000,7.77000000,137.45130000,1680309762951,False,True
47254455,17.69000000,11.30000000,199.89700000,1680309762951,False,True
47254456,17.69000000,70.33000000,1244.13770000,1680309762951,False,True
47254457,17.69000000,2.76000000,48.82440000,1680309763117,False,True
47254458,17.69000000,11.41000000,201.84290000,1680309763117,False,True
47254459,17.69000000,13.00000000,229.97000000,1680309764250,False,True
47254460,17.69000000,1.43000000,25.29670000,1680309764250,False,True
47254461,17.69000000,1.42000000,25.11980000,1680309764455,False,True
47254462,17.70000000,14.36000000,254.17200000,1680309766463,False,True
47254463,17.70000000,14.58000000,258.06600000,1680309768653,False,True
47254464,17.70000000,14.48000000,256.29600000,1680309769293,False,True
47254465,17.70000000,0.85000000,15.04500000,1680309770354,False,True
47254466,17.70000000,8.13000000,143.90100000,1680309770354,False,True
47254467,17.70000000,2.98000000,52.74600000,1680309770354,False,True
47254468,17.70000000,2.87000000,50.79900000,1680309770354,False,True
47254469,17.70000000,6.38000000,112.92600000,1680309771477,False,True
47254470,17.70000000,3.75000000,66.37500000,1680309772062,False,True
47254471,17.70000000,10.65000000,188.50500000,1680309772062,False,True
47254472,17.70000000,1.71000000,30.26700000,1680309773740,False,True
47254473,17.70000000,1.71000000,30.26700000,1680309773740,False,True
47254474,17.70000000,11.40000000,201.78000000,1680309773740,False,True
47254475,17.70000000,14.41000000,255.05700000,1680309774320,False,True
