39597095,15.67000000,2.39000000,37.45130000,1665792001324,False,True
39597096,15.66000000,24.77000000,387.89820000,1665792003578,True,True
39597097,15.67000000,3.96000000,62.05320000,1665792004195,False,True
39597098,15.66000000,51.78000000,810.87480000,1665792004897,True,True
39597099,15.66000000,12.30000000,192.61800000,1665792005760,True,True
39597100,15.67000000,1.67000000,26.16890000,1665792018668,False,True
39597101,15.67000000,2.37000000,37.13790000,1665792018697,False,True
39597102,15.68000000,5.69000000,89.21920000,1665792047104,False,True
39597103,15.67000000,35.32000000,553.46440000,1665792051899,True,True
39597104,15.67000000,12.76000000,199.94920000,1665792051899,True,True
39597105,15.67000000,6.95000000,108.90650000,1665792051899,True,True
39597106,15.68000000,13.75000000,215.60000000,1665792061504,False,True
39597107,15.68000000,3.01000000,47.19680000,1665792061504,False,True
39597108,15.68000000,4.94000000,77.45920000,1665792061504,False,True
39597109,15.68000000,7.81000000,122.46080000,1665792061515,False,True
39597110,15.69000000,3.00000000,47.07000000,1665792086449,False,True
39597111,15.68000000,1.47000000,23.04960000,1665792089848,True,True
39597112,15.68000000,8.93000000,140.02240000,1665792107141,True,True
39597113,15.69000000,9.95000000,156.11550000,1665792135339,False,True
39597114,15.69000000,1.46000000,22.90740000,1665792135339,False,True
39597115,15.69000000,10.40000000,163.17600000,1665792135339,False,True
39597116,15.69000000,5.43000000,85.19670000,1665792135661,True,True
39597117,15.69000000,1.00000000,15.69000000,1665792169107,True,True
39597118,15.70000000,8.81000000,138.31700000,1665792176766,False,True
39597119,15.70000000,3.30000000,51.81000000,1665792176766,False,True
39597120,15.70000000,1.11000000,17.42700000,1665792176766,False,True
39597121,15.70000000,1.46000000,22.92200000,1665792176766,False,True
39597122,15.70000000,8.81000000,138.31700000,1665792177782,False,True
39597123,15.70000000,8.81000000,138.31700000,1665792182888,False,True
39597124,15.70000000,1.46000000,22.92200000,1665792182888,False,True
39597125,15.70000000,8.81000000,138.31700000,1665792182888,False,True
39597126,15.70000000,8.81000000,138.31700000,1665792182888,False,True
39597127,15.70000000,0.42000000,6.59400000,1665792182888,False,True
39597128,15.70000000,8.39000000,131.72300000,1665792182889,False,True
39597129,15.70000000,8.81000000,138.31700000,1665792182889,False,True
39597130,15.70000000,4.11000000,64.52700000,1665792182889,False,True
39597131,15.70000000,4.70000000,73.79000000,1665792182953,False,True
39597132,15.70000000,3.69000000,57.93300000,1665792182953,False,True
39597133,15.70000000,5.12000000,80.38400000,1665792182970,False,True
39597134,15.70000000,5.12000000,80.38400000,1665792182982,False,True
39597135,15.70000000,3.61000000,56.67700000,1665792183005,False,True
39597136,15.71000000,1.03000000,16.18130000,1665792190239,False,True
39597137,15.70000000,1.09000000,17.11300000,1665792194202,True,True
39597138,15.71000000,1.10000000,17.28100000,1665792194628,False,True
39597139,15.71000000,7.70000000,120.96700000,1665792194640,False,True
39597140,15.71000000,1.46000000,22.93660000,1665792194640,False,True
39597141,15.71000000,3.30000000,51.84300000,1665792194640,False,True
39597142,15.71000000,7.88000000,123.79480000,1665792195253,False,True
39597143,15.71000000,0.92000000,14.45320000,1665792195253,False,True
39597144,15.71000000,7.88000000,123.79480000,1665792195253,False,True
39597145,15.71000000,0.92000000,14.45320000,1665792196640,False,True
39597146,15.71000000,8.80000000,138.24800000,1665792196681,False,True
39597147,15.71000000,8.80000000,138.24800000,1665792196701,False,True
39597148,15.71000000,8.80000000,138.24800000,1665792196742,False,True
39597149,15.71000000,8.80000000,138.24800000,1665792196795,False,True
39597150,15.71000000,8.80000000,138.24800000,1665792196807,False,True
39597151,15.71000000,8.80000000,138.24800000,1665792197553,False,True
39597152,15.71000000,8.75000000,137.46250000,1665792197565,False,True
39597153,15.71000000,3.10000000,48.70100000,1665792205334,True,True
39597154,15.71000000,1.92000000,30.16320000,1665792205335,True,True
39597155,15.71000000,2.34000000,36.76140000,1665792205336,True,True
39597156,15.71000000,1.86000000,29.22060000,1665792205340,True,True
39597157,15.72000000,1.28000000,20.12160000,1665792207647,False,True
39597158,15.72000000,1.72000000,27.03840000,1665792207647,False,True
39597159,15.72000000,1.19000000,18.70680000,1665792207647,False,True
39597160,15.72000000,1.35000000,21.22200000,1665792207647,False,True
39597161,15.72000000,3.18000000,49.98960000,1665792207647,False,True
39597162,15.72000000,13.64000000,214.42080000,1665792207647,False,True
39597163,15.72000000,3.18000000,49.98960000,1665792207647,False,True
39597164,15.72000000,28.65000000,450.37800000,1665792207647,False,True
39597165,15.72000000,1.11000000,17.44920000,1665792207647,False,True
39597166,15.72000000,128.82000000,2025.05040000,1665792207647,False,True
39597167,15.72000000,1.11000000,17.44920000,1665792207647,False,True
39597168,15.72000000,13.55000000,213.00600000,1665792207647,False,True
39597169,15.70000000,3.61000000,56.67700000,1665792208622,True,True
39597170,15.70000000,27.51000000,431.90700000,1665792208622,True,True
39597171,15.70000000,12.08000000,189.65600000,1665792208622,True,True
39597172,15.70000000,4.29000000,67.35300000,1665792208775,True,True
39597173,15.70000000,1.47000000,23.07900000,1665792218534,True,True
39597174,15.70000000,1.47000000,23.07900000,1665792234155,True,True
39597175,15.71000000,13.67000000,214.75570000,1665792270654,False,True
39597176,15.71000000,7.90000000,124.10900000,1665792270654,False,True
39597177,15.71000000,8.80000000,138.24800000,1665792270654,False,True
39597178,15.71000000,1.30000000,20.42300000,1665792270654,False,True
39597179,15.71000000,28.65000000,450.09150000,1665792270667,False,True
39597180,15.71000000,19.64000000,308.54440000,1665792270940,False,True
39597181,15.71000000,53.20000000,835.77200000,1665792289236,False,True
39597182,15.71000000,17.52000000,275.23920000,1665792376251,False,True
39597183,15.71000000,40.00000000,628.40000000,1665792395970,False,True
39597184,15.71000000,120.00000000,1885.20000000,1665792395970,False,True
39597185,15.71000000,5.19000000,81.53490000,1665792396154,False,True
39597186,15.71000000,57.10000000,897.04100000,1665792400582,False,True
39597187,15.71000000,10.70000000,168.09700000,1665792408116,False,True
39597188,15.71000000,5.35000000,84.04850000,1665792415837,False,True
39597189,15.71000000,10.70000000,168.09700000,1665792425305,False,True
39597190,15.71000000,10.70000000,168.09700000,1665792432472,False,True
39597191,15.71000000,3.24000000,50.90040000,1665792439123,False,True
39597192,15.71000000,5.32000000,83.57720000,1665792440713,False,True
39597193,15.71000000,2.93000000,46.03030000,1665792444096,False,True
39597194,15.71000000,80.80000000,1269.36800000,1665792445656,False,True
39597195,15.71000000,2.39000000,37.54690000,1665792446502,False,True
39597196,15.71000000,9.72000000,152.70120000,1665792447299,False,True
39597197,15.71000000,1.12000000,17.59520000,1665792447796,False,True
39597198,15.71000000,0.69000000,10.83990000,1665792448300,False,True
39597199,15.70000000,19.18000000,301.12600000,1665792451292,True,True
39597200,15.71000000,3.27000000,51.37170000,1665792460210,False,True
39597201,15.71000000,59.02000000,927.20420000,1665792469320,False,True
39597202,15.71000000,80.00000000,1256.80000000,1665792470096,False,True
39597203,15.71000000,20.00000000,314.20000000,1665792470097,False,True
39597204,15.71000000,80.00000000,1256.80000000,1665792470099,False,True
39597205,15.71000000,9.65000000,151.60150000,1665792470100,False,True
39597206,15.71000000,0.86000000,13.51060000,1665792470101,False,True
39597207,15.71000000,20.00000000,314.20000000,1665792470102,False,True
39597208,15.71000000,60.00000000,942.60000000,1665792470102,False,True
39597209,15.71000000,20.00000000,314.20000000,1665792470103,False,True
39597210,15.71000000,20.00000000,314.20000000,1665792470103,False,True
39597211,15.71000000,5.33000000,83.73430000,1665792470103,False,True
39597212,15.71000000,20.00000000,314.20000000,1665792470103,False,True
39597213,15.71000000,62.85000000,987.37350000,1665792470105,False,True
39597214,15.71000000,20.00000000,314.20000000,1665792470105,False,True
39597215,15.71000000,20.00000000,314.20000000,1665792470106,False,True
39597216,15.71000000,20.00000000,314.20000000,1665792470107,False,True
39597217,15.71000000,40.00000000,628.40000000,1665792470107,False,True
39597218,15.71000000,60.00000000,942.60000000,1665792470107,False,True
39597219,15.71000000,20.00000000,314.20000000,1665792470108,False,True
39597220,15.71000000,13.95000000,219.15450000,1665792470110,False,True
39597221,15.71000000,26.05000000,409.24550000,1665792470110,False,True
39597222,15.71000000,20.00000000,314.20000000,1665792470111,False,True
39597223,15.71000000,11.07000000,173.90970000,1665792470113,False,True
39597224,15.71000000,45.80000000,719.51800000,1665792470113,False,True
39597225,15.72000000,0.69000000,10.84680000,1665792486789,False,True
39597226,15.72000000,1.58000000,24.83760000,1665792488123,False,True
39597227,15.72000000,1.46000000,22.95120000,1665792488123,False,True
39597228,15.72000000,8.80000000,138.33600000,1665792488123,False,True
39597229,15.72000000,13.76000000,216.30720000,1665792488123,False,True
39597230,15.72000000,8.80000000,138.33600000,1665792488123,False,True
39597231,15.72000000,8.80000000,138.33600000,1665792488123,False,True
39597232,15.72000000,8.80000000,138.33600000,1665792488123,False,True
39597233,15.72000000,8.80000000,138.33600000,1665792488123,False,True
39597234,15.72000000,8.40000000,132.04800000,1665792488123,False,True
39597235,15.72000000,0.40000000,6.28800000,1665792488567,False,True
39597236,15.72000000,6.99000000,109.88280000,1665792488567,False,True
39597237,15.72000000,1.81000000,28.45320000,1665792488580,False,True
39597238,15.72000000,3.87000000,60.83640000,1665792489125,False,True
39597239,15.72000000,3.70000000,58.16400000,1665792489131,False,True
39597240,15.72000000,1.23000000,19.33560000,1665792502790,False,True
39597241,15.72000000,8.80000000,138.33600000,1665792502809,False,True
39597242,15.72000000,1.16000000,18.23520000,1665792503124,False,True
39597243,15.72000000,2.39000000,37.57080000,1665792505616,False,True
39597244,15.72000000,5.16000000,81.11520000,1665792506358,False,True
39597245,15.73000000,5.75000000,90.44750000,1665792540989,False,True
39597246,15.73000000,3.56000000,55.99880000,1665792540989,False,True
39597247,15.73000000,9.46000000,148.80580000,1665792540989,False,True
39597248,15.73000000,3.18000000,50.02140000,1665792540989,False,True
39597249,15.73000000,1.46000000,22.96580000,1665792540989,False,True
39597250,15.73000000,6.66000000,104.76180000,1665792540989,False,True
39597251,15.73000000,2.13000000,33.50490000,1665792540989,False,True
39597252,15.73000000,2.87000000,45.14510000,1665792540989,False,True
39597253,15.73000000,20.00000000,314.60000000,1665792540997,False,True
39597254,15.73000000,2.60000000,40.89800000,1665792541015,False,True
39597255,15.73000000,8.79000000,138.26670000,1665792541015,False,True
39597256,15.73000000,6.89000000,108.37970000,1665792541015,False,True
39597257,15.73000000,18.58000000,292.26340000,1665792541016,False,True
39597258,15.73000000,8.79000000,138.26670000,1665792541016,False,True
39597259,15.73000000,25.47000000,400.64310000,1665792541016,False,True
39597260,15.73000000,4.83000000,75.97590000,1665792541016,False,True
39597261,15.73000000,3.96000000,62.29080000,1665792541018,False,True
39597262,15.73000000,7.43000000,116.87390000,1665792541018,False,True
39597263,15.73000000,18.04000000,283.76920000,1665792541020,False,True
39597264,15.73000000,8.79000000,138.26670000,1665792541020,False,True
39597265,15.73000000,25.47000000,400.64310000,1665792541020,False,True
39597266,15.73000000,8.79000000,138.26670000,1665792541020,False,True
39597267,15.73000000,0.01000000,0.15730000,1665792541020,False,True
39597268,15.73000000,8.79000000,138.26670000,1665792541020,False,True
39597269,15.73000000,0.11000000,1.73030000,1665792541020,False,True
39597270,15.73000000,8.68000000,136.53640000,1665792541139,False,True
39597271,15.73000000,1.76000000,27.68480000,1665792541408,False,True
39597272,15.73000000,2.04000000,32.08920000,1665792541416,False,True
39597273,15.73000000,4.99000000,78.49270000,1665792560129,False,True
39597274,15.73000000,1.46000000,22.96580000,1665792560129,False,True
39597275,15.73000000,8.75000000,137.63750000,1665792560152,False,True
39597276,15.74000000,3.28000000,51.62720000,1665792575131,False,True
39597277,15.74000000,0.27000000,4.24980000,1665792575131,False,True
39597278,15.74000000,0.44000000,6.92560000,1665792575134,False,True
39597279,15.74000000,3.90000000,61.38600000,1665792575134,False,True
39597280,15.74000000,3.17000000,49.89580000,1665792575162,False,True
39597281,15.74000000,8.79000000,138.35460000,1665792575162,False,True
39597282,15.74000000,1.46000000,22.98040000,1665792575162,False,True
39597283,15.74000000,8.79000000,138.35460000,1665792575162,False,True
39597284,15.74000000,1.06000000,16.68440000,1665792575162,False,True
39597285,15.74000000,7.73000000,121.67020000,1665792575229,False,True
39597286,15.74000000,8.79000000,138.35460000,1665792575229,False,True
39597287,15.74000000,8.79000000,138.35460000,1665792575229,False,True
39597288,15.74000000,8.79000000,138.35460000,1665792575229,False,True
39597289,15.74000000,8.79000000,138.35460000,1665792575229,False,True
39597290,15.74000000,8.79000000,138.35460000,1665792575229,False,True
39597291,15.74000000,8.79000000,138.35460000,1665792575229,False,True
39597292,15.74000000,8.69000000,136.78060000,1665792575229,False,True
39597293,15.75000000,0.69000000,10.86750000,1665792575229,False,True
39597294,15.75000000,1.00000000,15.75000000,1665792575229,False,True
39597295,15.75000000,0.99000000,15.59250000,1665792575229,False,True
39597296,15.75000000,0.94000000,14.80500000,1665792575229,False,True
39597297,15.75000000,7.22000000,113.71500000,1665792575229,False,True
39597298,15.74000000,1.11000000,17.47140000,1665792575249,True,True
39597299,15.74000000,3.66000000,57.60840000,1665792575328,True,True
39597300,15.74000000,1.11000000,17.47140000,1665792585114,True,True
39597301,15.74000000,7.72000000,121.51280000,1665792585114,True,True
39597302,15.74000000,23.66000000,372.40840000,1665792585114,True,True
39597303,15.74000000,38.31000000,602.99940000,1665792585114,True,True
39597304,15.74000000,1.11000000,17.47140000,1665792585114,True,True
39597305,15.74000000,17.68000000,278.28320000,1665792585114,True,True
39597306,15.74000000,281.60000000,4432.38400000,1665792585114,True,True
39597307,15.74000000,57.11000000,898.91140000,1665792585114,True,True
39597308,15.74000000,84.00000000,1322.16000000,1665792585114,True,True
39597309,15.74000000,1.09000000,17.15660000,1665792585114,True,True
39597310,15.74000000,12.30000000,193.60200000,1665792585114,True,True
39597311,15.74000000,2.51000000,39.50740000,1665792585114,True,True
39597312,15.74000000,9.79000000,154.09460000,1665792588920,True,True
39597313,15.74000000,1.09000000,17.15660000,1665792588920,True,True
39597314,15.74000000,1.09000000,17.15660000,1665792588920,True,True
39597315,15.74000000,11.18000000,175.97320000,1665792588920,True,True
39597316,15.74000000,1.09000000,17.15660000,1665792588920,True,True
39597317,15.74000000,6.95000000,109.39300000,1665792588920,True,True
39597318,15.74000000,0.07000000,1.10180000,1665792588920,True,True
39597319,15.74000000,1.02000000,16.05480000,1665792588956,True,True
39597320,15.74000000,1.11000000,17.47140000,1665792588956,True,True
39597321,15.74000000,1.11000000,17.47140000,1665792588956,True,True
39597322,15.74000000,7.03000000,110.65220000,1665792588956,True,True
39597323,15.74000000,2.00000000,31.48000000,1665792589083,False,True
39597324,15.73000000,40.26000000,633.28980000,1665792604591,True,True
39597325,15.73000000,60.84000000,957.01320000,1665792604605,True,True
39597326,15.73000000,12.78000000,201.02940000,1665792607463,True,True
39597327,15.73000000,12.71000000,199.92830000,1665792607463,True,True
39597328,15.73000000,12.70000000,199.77100000,1665792607463,True,True
39597329,15.72000000,8.80000000,138.33600000,1665792614109,True,True
39597330,15.72000000,2.39000000,37.57080000,1665792614120,True,True
39597331,15.72000000,19.08000000,299.93760000,1665792614120,True,True
39597332,15.72000000,6.23000000,97.93560000,1665792614120,True,True
39597333,15.72000000,11.01000000,173.07720000,1665792614328,True,True
39597334,15.72000000,43.82000000,688.85040000,1665792614341,True,True
39597335,15.72000000,26.64000000,418.78080000,1665792614341,True,True
39597336,15.72000000,1.47000000,23.10840000,1665792664225,False,True
39597337,15.72000000,2.39000000,37.57080000,1665792664291,False,True
39597338,15.72000000,15.90000000,249.94800000,1665792670426,False,True
39597339,15.72000000,37.34000000,586.98480000,1665792672914,False,True
39597340,15.72000000,101.09000000,1589.13480000,1665792672914,False,True
39597341,15.72000000,57.08000000,897.29760000,1665792672914,False,True
39597342,15.72000000,57.14000000,898.24080000,1665792672914,False,True
39597343,15.72000000,7.35000000,115.54200000,1665792672914,False,True
39597344,15.72000000,12.27000000,192.88440000,1665792672938,False,True
39597345,15.72000000,13.19000000,207.34680000,1665792672945,False,True
39597346,15.72000000,25.46000000,400.23120000,1665792672945,False,True
39597347,15.72000000,25.46000000,400.23120000,1665792672945,False,True
39597348,15.72000000,25.46000000,400.23120000,1665792672945,False,True
39597349,15.72000000,25.46000000,400.23120000,1665792672945,False,True
39597350,15.73000000,35.88000000,564.39240000,1665792777631,False,True
39597351,15.73000000,13.77000000,216.60210000,1665792777633,False,True
39597352,15.73000000,8.79000000,138.26670000,1665792777633,False,True
39597353,15.73000000,8.79000000,138.26670000,1665792777633,False,True
39597354,15.73000000,2.56000000,40.26880000,1665792777633,False,True
39597355,15.73000000,6.23000000,97.99790000,1665792777633,False,True
39597356,15.73000000,8.79000000,138.26670000,1665792777633,False,True
39597357,15.73000000,8.79000000,138.26670000,1665792777633,False,True
39597358,15.73000000,8.79000000,138.26670000,1665792777633,False,True
39597359,15.73000000,2.81000000,44.20130000,1665792777633,False,True
39597360,15.73000000,5.98000000,94.06540000,1665792777633,False,True
39597361,15.73000000,2.63000000,41.36990000,1665792777633,False,True
39597362,15.73000000,6.16000000,96.89680000,1665792777636,False,True
39597363,15.73000000,2.49000000,39.16770000,1665792777636,False,True
39597364,15.73000000,1.09000000,17.14570000,1665792777637,False,True
39597365,15.73000000,1.09000000,17.14570000,1665792777639,False,True
39597366,15.73000000,4.12000000,64.80760000,1665792777639,False,True
39597367,15.73000000,8.75000000,137.63750000,1665792777639,False,True
39597368,15.74000000,24.84000000,390.98160000,1665792777716,False,True
39597369,15.74000000,13.20000000,207.76800000,1665792778145,False,True
39597370,15.74000000,13.28000000,209.02720000,1665792778146,False,True
39597371,15.73000000,4.13000000,64.96490000,1665792778199,True,True
39597372,15.74000000,5.78000000,90.97720000,1665792778218,False,True
39597373,15.74000000,12.96000000,203.99040000,1665792778218,False,True
39597374,15.74000000,1.46000000,22.98040000,1665792778218,False,True
39597375,15.74000000,15.76000000,248.06240000,1665792778218,False,True
39597376,15.74000000,28.65000000,450.95100000,1665792778218,False,True
39597377,15.75000000,10.63000000,167.42250000,1665792778218,False,True
39597378,15.75000000,0.64000000,10.08000000,1665792778218,False,True
39597379,15.75000000,3.17000000,49.92750000,1665792778218,False,True
39597380,15.75000000,3.17000000,49.92750000,1665792778218,False,True
39597381,15.75000000,24.54000000,386.50500000,1665792778218,False,True
39597382,15.75000000,6.03000000,94.97250000,1665792778218,False,True
39597383,15.74000000,1.26000000,19.83240000,1665792778237,True,True
39597384,15.74000000,5.95000000,93.65300000,1665792778292,True,True
39597385,15.75000000,2.79000000,43.94250000,1665792780554,False,True
39597386,15.75000000,4.95000000,77.96250000,1665792780940,False,True
39597387,15.75000000,4.97000000,78.27750000,1665792780940,False,True
39597388,15.75000000,3.40000000,53.55000000,1665792781057,False,True
39597389,15.75000000,33.14000000,521.95500000,1665792789277,False,True
39597390,15.74000000,1.09000000,17.15660000,1665792793796,True,True
39597391,15.75000000,1.09000000,17.16750000,1665792794219,False,True
39597392,15.74000000,17.50000000,275.45000000,1665792798370,True,True
39597393,15.74000000,1.64000000,25.81360000,1665792842201,True,True
39597394,15.74000000,14.12000000,222.24880000,1665792842204,True,True
39597395,15.74000000,15.22000000,239.56280000,1665792842204,True,True
39597396,15.74000000,12.34000000,194.23160000,1665792842206,True,True
39597397,15.74000000,0.94000000,14.79560000,1665792848712,False,True
39597398,15.74000000,6.35000000,99.94900000,1665792868134,False,True
39597399,15.73000000,5.10000000,80.22300000,1665792886798,True,True
39597400,15.73000000,27.48000000,432.26040000,1665792886798,True,True
39597401,15.73000000,1.46000000,22.96580000,1665792886798,True,True
39597402,15.73000000,27.11000000,426.44030000,1665792886798,True,True
39597403,15.73000000,29.97000000,471.42810000,1665792886799,True,True
39597404,15.73000000,1.09000000,17.14570000,1665792886799,True,True
39597405,15.73000000,1.09000000,17.14570000,1665792886799,True,True
39597406,15.73000000,1.09000000,17.14570000,1665792886799,True,True
39597407,15.73000000,1.09000000,17.14570000,1665792886799,True,True
39597408,15.73000000,10.16000000,159.81680000,1665792886799,True,True
39597409,15.73000000,19.82000000,311.76860000,1665792886823,True,True
39597410,15.73000000,1.99000000,31.30270000,1665792886833,True,True
39597411,15.73000000,29.16000000,458.68680000,1665792898357,False,True
39597412,15.73000000,10.84000000,170.51320000,1665792898357,False,True
39597413,15.72000000,1.09000000,17.13480000,1665792898885,True,True
39597414,15.73000000,0.88000000,13.84240000,1665792921655,False,True
39597415,15.72000000,11.19000000,175.90680000,1665792924720,True,True
39597416,15.72000000,3.30000000,51.87600000,1665792924720,True,True
39597417,15.72000000,5.40000000,84.88800000,1665792924720,True,True
39597418,15.72000000,1.46000000,22.95120000,1665792924720,True,True
39597419,15.72000000,1.09000000,17.13480000,1665792924720,True,True
39597420,15.72000000,1.09000000,17.13480000,1665792924720,True,True
39597421,15.72000000,1.09000000,17.13480000,1665792924720,True,True
39597422,15.72000000,13.43000000,211.11960000,1665792924842,False,True
39597423,15.72000000,6.42000000,100.92240000,1665792924842,False,True
39597424,15.72000000,8.11000000,127.48920000,1665792924842,False,True
39597425,15.72000000,6.14000000,96.52080000,1665792924919,False,True
39597426,15.72000000,8.45000000,132.83400000,1665792933585,False,True
39597427,15.72000000,54.73000000,860.35560000,1665792933585,False,True
39597428,15.72000000,1.23000000,19.33560000,1665792941361,False,True
39597429,15.72000000,3.13000000,49.20360000,1665792965420,False,True
39597430,15.72000000,30.06000000,472.54320000,1665792965420,False,True
39597431,15.72000000,3.61000000,56.74920000,1665792965420,False,True
39597432,15.72000000,9.58000000,150.59760000,1665792973159,False,True
39597433,15.72000000,3.00000000,47.16000000,1665792997913,False,True
39597434,15.72000000,10.81000000,169.93320000,1665793003387,False,True
39597435,15.71000000,2.98000000,46.81580000,1665793038911,True,True
39597436,15.72000000,3.10000000,48.73200000,1665793047873,False,True
39597437,15.71000000,18.62000000,292.52020000,1665793066345,True,True
39597438,15.71000000,120.00000000,1885.20000000,1665793164862,True,True
39597439,15.71000000,40.00000000,628.40000000,1665793164895,True,True
39597440,15.71000000,49.84000000,782.98640000,1665793170398,True,True
39597441,15.71000000,0.74000000,11.62540000,1665793170403,True,True
39597442,15.71000000,60.00000000,942.60000000,1665793173628,True,True
39597443,15.71000000,20.00000000,314.20000000,1665793173765,True,True
39597444,15.71000000,20.00000000,314.20000000,1665793173766,True,True
39597445,15.71000000,120.00000000,1885.20000000,1665793173774,True,True
39597446,15.71000000,40.00000000,628.40000000,1665793173774,True,True
39597447,15.71000000,20.00000000,314.20000000,1665793173778,True,True
39597448,15.71000000,20.00000000,314.20000000,1665793173788,True,True
39597449,15.71000000,27.12000000,426.05520000,1665793189230,True,True
39597450,15.71000000,25.68000000,403.43280000,1665793189453,True,True
39597451,15.72000000,12.30000000,193.35600000,1665793191162,False,True
39597452,15.72000000,0.52000000,8.17440000,1665793191162,False,True
39597453,15.71000000,6.42000000,100.85820000,1665793195404,True,True
39597454,15.71000000,40.00000000,628.40000000,1665793203834,True,True
39597455,15.71000000,20.00000000,314.20000000,1665793203837,True,True
39597456,15.71000000,40.00000000,628.40000000,1665793203837,True,True
39597457,15.71000000,60.00000000,942.60000000,1665793203838,True,True
39597458,15.71000000,40.00000000,628.40000000,1665793203838,True,True
39597459,15.71000000,40.00000000,628.40000000,1665793203839,True,True
39597460,15.71000000,140.00000000,2199.40000000,1665793203839,True,True
39597461,15.71000000,20.00000000,314.20000000,1665793203839,True,True
39597462,15.71000000,149.79000000,2353.20090000,1665793203845,True,True
39597463,15.71000000,3.30000000,51.84300000,1665793203845,True,True
39597464,15.71000000,1.09000000,17.12390000,1665793203845,True,True
39597465,15.71000000,5.82000000,91.43220000,1665793203845,True,True
39597466,15.71000000,20.00000000,314.20000000,1665793203846,True,True
39597467,15.71000000,61.88000000,972.13480000,1665793203898,True,True
39597468,15.71000000,1.43000000,22.46530000,1665793203898,True,True
39597469,15.71000000,8.80000000,138.24800000,1665793203914,True,True
39597470,15.71000000,22.67000000,356.14570000,1665793203918,True,True
39597471,15.71000000,54.37000000,854.15270000,1665793203918,True,True
39597472,15.71000000,136.59000000,2145.82890000,1665793203945,True,True
39597473,15.71000000,1.46000000,22.93660000,1665793203945,True,True
39597474,15.70000000,1.47000000,23.07900000,1665793204031,True,True
39597475,15.71000000,12.72000000,199.83120000,1665793207567,False,True
39597476,15.71000000,14.50000000,227.79500000,1665793207771,False,True
39597477,15.71000000,30.18000000,474.12780000,1665793209994,False,True
39597478,15.70000000,10.00000000,157.00000000,1665793225167,True,True
39597479,15.71000000,33.14000000,520.62940000,1665793232959,False,True
39597480,15.71000000,12.30000000,193.23300000,1665793232971,False,True
39597481,15.71000000,11.70000000,183.80700000,1665793232971,False,True
39597482,15.71000000,4.61000000,72.42310000,1665793232971,False,True
39597483,15.71000000,1.59000000,24.97890000,1665793232972,False,True
39597484,15.71000000,12.30000000,193.23300000,1665793232972,False,True
39597485,15.71000000,14.16000000,222.45360000,1665793232972,False,True
39597486,15.71000000,28.65000000,450.09150000,1665793232976,False,True
39597487,15.71000000,17.15000000,269.42650000,1665793232980,False,True
39597488,15.71000000,17.96000000,282.15160000,1665793232980,False,True
39597489,15.71000000,26.00000000,408.46000000,1665793232980,False,True
39597490,15.71000000,22.89000000,359.60190000,1665793232980,False,True
39597491,15.72000000,3.50000000,55.02000000,1665793245528,False,True
39597492,15.72000000,2.22000000,34.89840000,1665793245528,False,True
39597493,15.72000000,7.20000000,113.18400000,1665793271282,False,True
39597494,15.72000000,33.26000000,522.84720000,1665793271282,False,True
39597495,15.72000000,1.24000000,19.49280000,1665793319824,False,True
39597496,15.71000000,58.96000000,926.26160000,1665793373090,True,True
39597497,15.72000000,1.54000000,24.20880000,1665793466003,False,True
39597498,15.72000000,33.14000000,520.96080000,1665793504204,True,True
39597499,15.72000000,25.91000000,407.30520000,1665793504210,True,True
39597500,15.72000000,24.79000000,389.69880000,1665793504210,True,True
39597501,15.72000000,105.33000000,1655.78760000,1665793504210,True,True
39597502,15.72000000,55.91000000,878.90520000,1665793504210,True,True
39597503,15.72000000,1.09000000,17.13480000,1665793504210,True,True
39597504,15.72000000,26.97000000,423.96840000,1665793504210,True,True
39597505,15.72000000,5.77000000,90.70440000,1665793504211,True,True
39597506,15.72000000,8.88000000,139.59360000,1665793504211,True,True
39597507,15.72000000,12.72000000,199.95840000,1665793579240,False,True
39597508,15.72000000,15.76000000,247.74720000,1665793579240,False,True
39597509,15.72000000,16.33000000,256.70760000,1665793579240,False,True
39597510,15.72000000,0.73000000,11.47560000,1665793608538,False,True
39597511,15.72000000,1.29000000,20.27880000,1665793608541,False,True
39597512,15.72000000,22.92000000,360.30240000,1665793608547,False,True
39597513,15.73000000,1.00000000,15.73000000,1665793643707,False,True
39597514,15.73000000,1.86000000,29.25780000,1665793701658,False,True
39597515,15.73000000,5.00000000,78.65000000,1665793701885,False,True
39597516,15.72000000,5.56000000,87.40320000,1665793712161,True,True
39597517,15.72000000,10.20000000,160.34400000,1665793805950,True,True
39597518,15.72000000,15.08000000,237.05760000,1665793805950,True,True
39597519,15.72000000,1.47000000,23.10840000,1665794005177,True,True
39597520,15.72000000,15.08000000,237.05760000,1665794022039,True,True
39597521,15.72000000,3.45000000,54.23400000,1665794022055,True,True
39597522,15.72000000,13.91000000,218.66520000,1665794022055,True,True
39597523,15.72000000,3.01000000,47.31720000,1665794022055,True,True
39597524,15.72000000,8.28000000,130.16160000,1665794022055,True,True
39597525,15.72000000,0.89000000,13.99080000,1665794022083,True,True
39597526,15.72000000,29.34000000,461.22480000,1665794022252,True,True
39597527,15.72000000,6.00000000,94.32000000,1665794022261,True,True
39597528,15.71000000,84.00000000,1319.64000000,1665794022330,True,True
39597529,15.71000000,20.00000000,314.20000000,1665794022330,True,True
39597530,15.71000000,11.14000000,175.00940000,1665794022330,True,True
39597531,15.71000000,4.60000000,72.26600000,1665794022330,True,True
39597532,15.71000000,7.70000000,120.96700000,1665794022336,True,True
39597533,15.71000000,6.01000000,94.41710000,1665794022336,True,True
39597534,15.71000000,9.98000000,156.78580000,1665794022389,False,True
39597535,15.70000000,2.51000000,39.40700000,1665794023895,True,True
39597536,15.70000000,6.00000000,94.20000000,1665794023895,True,True
39597537,15.70000000,3.30000000,51.81000000,1665794023895,True,True
39597538,15.70000000,1.46000000,22.92200000,1665794023895,True,True
39597539,15.70000000,6.20000000,97.34000000,1665794023895,True,True
39597540,15.70000000,9.87000000,154.95900000,1665794023895,True,True
39597541,15.70000000,2.43000000,38.15100000,1665794023906,True,True
39597542,15.70000000,11.70000000,183.69000000,1665794023906,True,True
39597543,15.70000000,60.05000000,942.78500000,1665794023963,False,True
39597544,15.70000000,28.30000000,444.31000000,1665794023963,False,True
39597545,15.70000000,2.39000000,37.52300000,1665794024392,False,True
39597546,15.69000000,384.97000000,6040.17930000,1665794030921,True,True
39597547,15.69000000,84.00000000,1317.96000000,1665794030941,True,True
39597548,15.69000000,1.29000000,20.24010000,1665794031041,True,True
39597549,15.69000000,166.45000000,2611.60050000,1665794031376,True,True
39597550,15.69000000,0.69000000,10.82610000,1665794031376,True,True
39597551,15.69000000,0.65000000,10.19850000,1665794031376,True,True
39597552,15.69000000,3.30000000,51.77700000,1665794031376,True,True
39597553,15.69000000,1.46000000,22.90740000,1665794031376,True,True
39597554,15.68000000,2.39000000,37.47520000,1665794033006,False,True
39597555,15.68000000,2.39000000,37.47520000,1665794033098,False,True
39597556,15.68000000,2.39000000,37.47520000,1665794033183,False,True
39597557,15.68000000,2.39000000,37.47520000,1665794033278,False,True
39597558,15.68000000,2.39000000,37.47520000,1665794034535,False,True
39597559,15.68000000,2.39000000,37.47520000,1665794051285,False,True
39597560,15.67000000,0.99000000,15.51330000,1665794082437,True,True
39597561,15.67000000,3.12000000,48.89040000,1665794082437,True,True
39597562,15.67000000,13.69000000,214.52230000,1665794082437,True,True
39597563,15.67000000,4.20000000,65.81400000,1665794082437,True,True
39597564,15.67000000,6.00000000,94.02000000,1665794082437,True,True
39597565,15.67000000,2.15000000,33.69050000,1665794082437,True,True
39597566,15.67000000,1.46000000,22.87820000,1665794082437,True,True
39597567,15.67000000,3.30000000,51.71100000,1665794082437,True,True
39597568,15.67000000,11.50000000,180.20500000,1665794082453,False,True
39597569,15.67000000,4.00000000,62.68000000,1665794086923,False,True
39597570,15.66000000,2.15000000,33.66900000,1665794087975,True,True
39597571,15.66000000,8.22000000,128.72520000,1665794093337,True,True
39597572,15.66000000,0.78000000,12.21480000,1665794093347,True,True
39597573,15.66000000,0.65000000,10.17900000,1665794093347,True,True
39597574,15.66000000,2.39000000,37.42740000,1665794096865,False,True
39597575,15.66000000,16.20000000,253.69200000,1665794103415,False,True
39597576,15.66000000,33.42000000,523.35720000,1665794112727,False,True
39597577,15.66000000,10.06000000,157.53960000,1665794112739,False,True
39597578,15.66000000,17.63000000,276.08580000,1665794112739,False,True
39597579,15.66000000,28.65000000,448.65900000,1665794112752,False,True
39597580,15.66000000,15.58000000,243.98280000,1665794112756,False,True
39597581,15.66000000,19.42000000,304.11720000,1665794112756,False,True
39597582,15.66000000,6.56000000,102.72960000,1665794112764,False,True
39597583,15.66000000,33.10000000,518.34600000,1665794112813,False,True
39597584,15.66000000,15.76000000,246.80160000,1665794112813,False,True
39597585,15.66000000,62.04000000,971.54640000,1665794112813,False,True
39597586,15.66000000,27.48000000,430.33680000,1665794112813,False,True
39597587,15.66000000,3.19000000,49.95540000,1665794112813,False,True
39597588,15.66000000,2.07000000,32.41620000,1665794112813,False,True
39597589,15.66000000,6.94000000,108.68040000,1665794112814,False,True
39597590,15.66000000,3.29000000,51.52140000,1665794112819,False,True
39597591,15.66000000,3.30000000,51.67800000,1665794112819,False,True
39597592,15.66000000,89.38000000,1399.69080000,1665794112819,False,True
39597593,15.66000000,1.46000000,22.86360000,1665794112819,False,True
39597594,15.66000000,39.98000000,626.08680000,1665794119829,True,True
39597595,15.66000000,9.97000000,156.13020000,1665794119831,True,True
39597596,15.66000000,15.76000000,246.80160000,1665794119831,True,True
39597597,15.66000000,1.09000000,17.06940000,1665794119831,True,True
39597598,15.66000000,1.09000000,17.06940000,1665794119831,True,True
39597599,15.66000000,14.03000000,219.70980000,1665794119831,True,True
39597600,15.66000000,27.69000000,433.62540000,1665794119840,True,True
39597601,15.66000000,25.56000000,400.26960000,1665794119843,True,True
39597602,15.66000000,3.09000000,48.38940000,1665794119843,True,True
39597603,15.66000000,22.47000000,351.88020000,1665794119855,True,True
39597604,15.66000000,3.09000000,48.38940000,1665794119855,True,True
39597605,15.66000000,22.47000000,351.88020000,1665794152114,True,True
39597606,15.66000000,2.00000000,31.32000000,1665794152114,True,True
39597607,15.66000000,1.79000000,28.03140000,1665794152114,True,True
39597608,15.66000000,23.77000000,372.23820000,1665794152122,True,True
39597609,15.66000000,0.70000000,10.96200000,1665794152122,True,True
39597610,15.66000000,24.85000000,389.15100000,1665794152318,True,True
39597611,15.65000000,0.84000000,13.14600000,1665794181492,True,True
39597612,15.65000000,4.62000000,72.30300000,1665794181492,True,True
39597613,15.65000000,12.77000000,199.85050000,1665794183283,True,True
39597614,15.65000000,2.13000000,33.33450000,1665794197667,True,True
39597615,15.65000000,13.72000000,214.71800000,1665794208996,True,True
39597616,15.65000000,1.09000000,17.05850000,1665794208996,True,True
39597617,15.65000000,1.09000000,17.05850000,1665794208996,True,True
39597618,15.65000000,1.72000000,26.91800000,1665794208996,True,True
39597619,15.65000000,13.76000000,215.34400000,1665794209176,False,True
39597620,15.65000000,12.77000000,199.85050000,1665794211355,False,True
39597621,15.64000000,0.69000000,10.79160000,1665794216220,True,True
39597622,15.64000000,5.75000000,89.93000000,1665794216220,True,True
39597623,15.64000000,0.71000000,11.10440000,1665794216220,True,True
39597624,15.64000000,3.19000000,49.89160000,1665794222654,False,True
39597625,15.63000000,3.30000000,51.57900000,1665794241146,True,True
39597626,15.63000000,1.46000000,22.81980000,1665794241146,True,True
39597627,15.62000000,0.81000000,12.65220000,1665794241146,True,True
39597628,15.62000000,1.28000000,19.99360000,1665794241146,True,True
39597629,15.62000000,3.56000000,55.60720000,1665794241146,True,True
39597630,15.62000000,147.02000000,2296.45240000,1665794241146,True,True
39597631,15.62000000,42.92000000,670.41040000,1665794241146,True,True
39597632,15.62000000,2.15000000,33.58300000,1665794241638,True,True
39597633,15.62000000,1.29000000,20.14980000,1665794241638,True,True
39597634,15.63000000,2.39000000,37.35570000,1665794312365,False,True
39597635,15.63000000,36.31000000,567.52530000,1665794312391,False,True
39597636,15.63000000,32.88000000,513.91440000,1665794312443,False,True
39597637,15.63000000,6.48000000,101.28240000,1665794312453,False,True
39597638,15.63000000,16.15000000,252.42450000,1665794312453,False,True
39597639,15.63000000,6.02000000,94.09260000,1665794312453,False,True
39597640,15.63000000,28.50000000,445.45500000,1665794312486,False,True
39597641,15.63000000,7.23000000,113.00490000,1665794312625,False,True
39597642,15.63000000,20.32000000,317.60160000,1665794312628,False,True
39597643,15.63000000,9.02000000,140.98260000,1665794312628,False,True
39597644,15.63000000,1.83000000,28.60290000,1665794312628,False,True
39597645,15.64000000,2.31000000,36.12840000,1665794313632,False,True
39597646,15.64000000,10.26000000,160.46640000,1665794318054,False,True
39597647,15.64000000,13.73000000,214.73720000,1665794318054,False,True
39597648,15.64000000,48.70000000,761.66800000,1665794318054,False,True
39597649,15.64000000,62.10000000,971.24400000,1665794318054,False,True
39597650,15.64000000,13.82000000,216.14480000,1665794318054,False,True
39597651,15.63000000,28.65000000,447.79950000,1665794340507,True,True
39597652,15.64000000,6.85000000,107.13400000,1665794367889,False,True
39597653,15.64000000,28.65000000,448.08600000,1665794367896,False,True
39597654,15.64000000,10.50000000,164.22000000,1665794368006,False,True
39597655,15.64000000,41.76000000,653.12640000,1665794384009,True,True
39597656,15.64000000,15.76000000,246.48640000,1665794384009,True,True
39597657,15.64000000,3.29000000,51.45560000,1665794384009,True,True
39597658,15.65000000,1.46000000,22.84900000,1665794395392,False,True
39597659,15.66000000,0.70000000,10.96200000,1665794410714,False,True
39597660,15.66000000,637.55000000,9984.03300000,1665794469099,False,True
39597661,15.66000000,3.30000000,51.67800000,1665794469099,False,True
39597662,15.66000000,1.46000000,22.86360000,1665794469099,False,True
39597663,15.66000000,4.96000000,77.67360000,1665794469383,True,True
39597664,15.66000000,61.14000000,957.45240000,1665794473286,True,True
39597665,15.67000000,0.65000000,10.18550000,1665794511026,False,True
39597666,15.67000000,1.46000000,22.87820000,1665794511026,False,True
39597667,15.67000000,3.30000000,51.71100000,1665794511026,False,True
39597668,15.67000000,0.97000000,15.19990000,1665794511047,True,True
39597669,15.68000000,0.63000000,9.87840000,1665794556970,False,True
39597670,15.68000000,1.88000000,29.47840000,1665794558633,False,True
39597671,15.68000000,0.55000000,8.62400000,1665794558633,False,True
39597672,15.68000000,2.64000000,41.39520000,1665794569940,False,True
39597673,15.68000000,3.30000000,51.74400000,1665794569940,False,True
39597674,15.68000000,1.46000000,22.89280000,1665794569940,False,True
39597675,15.69000000,58.26000000,914.09940000,1665794569940,False,True
39597676,15.68000000,3.02000000,47.35360000,1665794569959,True,True
39597677,15.68000000,1.47000000,23.04960000,1665794578710,True,True
39597678,15.68000000,35.38000000,554.75840000,1665794578729,True,True
39597679,15.68000000,6.42000000,100.66560000,1665794578918,True,True
39597680,15.68000000,39.07000000,612.61760000,1665794583765,True,True
39597681,15.69000000,0.69000000,10.82610000,1665794654591,False,True
39597682,15.69000000,0.41000000,6.43290000,1665794654591,False,True
39597683,15.69000000,0.24000000,3.76560000,1665794658809,False,True
39597684,15.69000000,3.30000000,51.77700000,1665794658809,False,True
39597685,15.69000000,1.46000000,22.90740000,1665794658809,False,True
39597686,15.69000000,7.65000000,120.02850000,1665794658862,True,True
39597687,15.70000000,3.17000000,49.76900000,1665794659966,False,True
39597688,15.70000000,1.56000000,24.49200000,1665794733710,False,True
39597689,15.70000000,1.36000000,21.35200000,1665794765686,False,True
39597690,15.70000000,0.26000000,4.08200000,1665794793887,False,True
39597691,15.70000000,3.30000000,51.81000000,1665794793887,False,True
39597692,15.70000000,0.97000000,15.22900000,1665794793887,False,True
39597693,15.70000000,0.69000000,10.83300000,1665794793887,False,True
39597694,15.70000000,1.46000000,22.92200000,1665794793887,False,True
39597695,15.71000000,44.24000000,695.01040000,1665794793887,False,True
39597696,15.70000000,28.65000000,449.80500000,1665794793906,True,True
39597697,15.70000000,7.17000000,112.56900000,1665794794003,True,True
39597698,15.70000000,28.19000000,442.58300000,1665794794019,True,True
39597699,15.70000000,7.17000000,112.56900000,1665794794029,True,True
39597700,15.69000000,2.39000000,37.49910000,1665794794164,True,True
39597701,15.70000000,26.68000000,418.87600000,1665794794216,True,True
39597702,15.69000000,118.63000000,1861.30470000,1665794832203,True,True
39597703,15.69000000,1.09000000,17.10210000,1665794832203,True,True
39597704,15.69000000,62.13000000,974.81970000,1665794832203,True,True
39597705,15.69000000,1.09000000,17.10210000,1665794832203,True,True
39597706,15.69000000,6.87000000,107.79030000,1665794832203,True,True
39597707,15.69000000,1.48000000,23.22120000,1665794832203,True,True
39597708,15.69000000,43.16000000,677.18040000,1665794832203,True,True
39597709,15.69000000,2.66000000,41.73540000,1665794832216,True,True
39597710,15.69000000,3.59000000,56.32710000,1665794832221,True,True
39597711,15.69000000,13.71000000,215.10990000,1665794832225,True,True
39597712,15.69000000,3.59000000,56.32710000,1665794832225,True,True
39597713,15.68000000,6.37000000,99.88160000,1665794832419,True,True
39597714,15.68000000,11.14000000,174.67520000,1665794832419,True,True
39597715,15.68000000,3.30000000,51.74400000,1665794832419,True,True
39597716,15.68000000,1.46000000,22.89280000,1665794832419,True,True
39597717,15.68000000,14.27000000,223.75360000,1665794832419,True,True
39597718,15.68000000,10.01000000,156.95680000,1665794832459,False,True
39597719,15.68000000,3.07000000,48.13760000,1665794833482,False,True
39597720,15.68000000,2.69000000,42.17920000,1665794856096,False,True
39597721,15.68000000,0.49000000,7.68320000,1665794856096,False,True
39597722,15.68000000,28.65000000,449.23200000,1665795034098,False,True
39597723,15.68000000,29.34000000,460.05120000,1665795034126,False,True
39597724,15.69000000,14.54000000,228.13260000,1665795052704,False,True
39597725,15.69000000,13.75000000,215.73750000,1665795052704,False,True
39597726,15.69000000,6.81000000,106.84890000,1665795052704,False,True
39597727,15.69000000,34.41000000,539.89290000,1665795052706,False,True
39597728,15.69000000,42.78000000,671.21820000,1665795052707,False,True
39597729,15.70000000,7.76000000,121.83200000,1665795052948,False,True
39597730,15.70000000,8.00000000,125.60000000,1665795052950,False,True
39597731,15.70000000,101.15000000,1588.05500000,1665795052950,False,True
39597732,15.70000000,11.14000000,174.89800000,1665795052950,False,True
39597733,15.70000000,3.11000000,48.82700000,1665795052950,False,True
39597734,15.70000000,3.30000000,51.81000000,1665795052950,False,True
39597735,15.70000000,1.46000000,22.92200000,1665795052950,False,True
39597736,15.70000000,291.40000000,4574.98000000,1665795052950,False,True
39597737,15.70000000,26.00000000,408.20000000,1665795052950,False,True
39597738,15.70000000,107.68000000,1690.57600000,1665795052950,False,True
39597739,15.70000000,84.00000000,1318.80000000,1665795052950,False,True
39597740,15.70000000,89.01000000,1397.45700000,1665795052950,False,True
39597741,15.71000000,12.54000000,197.00340000,1665795053209,False,True
39597742,15.71000000,0.19000000,2.98490000,1665795053213,False,True
39597743,15.71000000,12.89000000,202.50190000,1665795053213,False,True
39597744,15.71000000,1.89000000,29.69190000,1665795053710,False,True
39597745,15.71000000,0.58000000,9.11180000,1665795053712,False,True
39597746,15.71000000,1.94000000,30.47740000,1665795053712,False,True
39597747,15.71000000,3.18000000,49.95780000,1665795054916,False,True
39597748,15.71000000,7.07000000,111.06970000,1665795054916,False,True
39597749,15.71000000,73.75000000,1158.61250000,1665795054916,False,True
39597750,15.71000000,15.09000000,237.06390000,1665795054918,False,True
39597751,15.71000000,1.11000000,17.43810000,1665795054918,False,True
39597752,15.71000000,6.20000000,97.40200000,1665795054922,False,True
39597753,15.71000000,16.20000000,254.50200000,1665795054970,False,True
39597754,15.71000000,1.09000000,17.12390000,1665795055010,True,True
39597755,15.71000000,1.09000000,17.12390000,1665795055010,True,True
39597756,15.70000000,1.47000000,23.07900000,1665795055037,True,True
39597757,15.71000000,3.75000000,58.91250000,1665795055817,True,True
39597758,15.72000000,3.18000000,49.98960000,1665795058033,False,True
39597759,15.71000000,1.27000000,19.95170000,1665795061015,True,True
39597760,15.71000000,12.70000000,199.51700000,1665795061154,True,True
39597761,15.72000000,0.01000000,0.15720000,1665795077577,False,True
39597762,15.72000000,1.28000000,20.12160000,1665795077577,False,True
39597763,15.72000000,13.71000000,215.52120000,1665795077577,False,True
39597764,15.72000000,3.30000000,51.87600000,1665795077577,False,True
39597765,15.72000000,1.46000000,22.95120000,1665795077577,False,True
39597766,15.72000000,13.45000000,211.43400000,1665795077577,False,True
39597767,15.72000000,22.38000000,351.81360000,1665795080656,False,True
39597768,15.72000000,11.55000000,181.56600000,1665795102581,True,True
39597769,15.72000000,7.65000000,120.25800000,1665795102835,True,True
39597770,15.72000000,8.91000000,140.06520000,1665795115396,True,True
39597771,15.72000000,101.15000000,1590.07800000,1665795115396,True,True
39597772,15.72000000,8.00000000,125.76000000,1665795115396,True,True
39597773,15.72000000,1.09000000,17.13480000,1665795115396,True,True
39597774,15.72000000,1.09000000,17.13480000,1665795115396,True,True
39597775,15.72000000,33.87000000,532.43640000,1665795115396,True,True
39597776,15.72000000,11.84000000,186.12480000,1665795115432,False,True
39597777,15.71000000,68.26000000,1072.36460000,1665795115445,True,True
39597778,15.71000000,19.46000000,305.71660000,1665795115494,True,True
39597779,15.71000000,14.95000000,234.86450000,1665795115506,True,True
39597780,15.71000000,25.15000000,395.10650000,1665795115603,True,True
39597781,15.71000000,11.14000000,175.00940000,1665795115603,True,True
39597782,15.71000000,9.91000000,155.68610000,1665795115772,False,True
39597783,15.70000000,23.53000000,369.42100000,1665795116181,True,True
39597784,15.70000000,59.61000000,935.87700000,1665795116181,True,True
39597785,15.70000000,127.23000000,1997.51100000,1665795116181,True,True
39597786,15.70000000,11.14000000,174.89800000,1665795116181,True,True
39597787,15.70000000,7.43000000,116.65100000,1665795116181,True,True
39597788,15.70000000,41.24000000,647.46800000,1665795116181,True,True
39597789,15.71000000,0.84000000,13.19640000,1665795133151,False,True
39597790,15.70000000,1.09000000,17.11300000,1665795137256,True,True
39597791,15.70000000,1.09000000,17.11300000,1665795137256,True,True
39597792,15.70000000,1.09000000,17.11300000,1665795146040,True,True
39597793,15.70000000,45.98000000,721.88600000,1665795146040,True,True
39597794,15.69000000,13.13000000,206.00970000,1665795146040,True,True
39597795,15.69000000,20.00000000,313.80000000,1665795146041,True,True
39597796,15.69000000,3.19000000,50.05110000,1665795211928,True,True
39597797,15.70000000,14.39000000,225.92300000,1665795290230,False,True
39597798,15.70000000,1.37000000,21.50900000,1665795311738,False,True
39597799,15.70000000,4.96000000,77.87200000,1665795311738,False,True
39597800,15.70000000,7.49000000,117.59300000,1665795358267,True,True
39597801,15.70000000,7.49000000,117.59300000,1665795358267,True,True
39597802,15.70000000,5.44000000,85.40800000,1665795358418,False,True
39597803,15.70000000,20.00000000,314.00000000,1665795360969,False,True
39597804,15.70000000,5.02000000,78.81400000,1665795400788,False,True
39597805,15.70000000,1.47000000,23.07900000,1665795438217,False,True
39597806,15.69000000,3.30000000,51.77700000,1665795506597,True,True
39597807,15.69000000,42.68000000,669.64920000,1665795506597,True,True
39597808,15.69000000,461.94000000,7247.83860000,1665795506599,True,True
39597809,15.69000000,47.71000000,748.56990000,1665795506599,True,True
39597810,15.69000000,84.38000000,1323.92220000,1665795506600,True,True
39597811,15.69000000,7.49000000,117.51810000,1665795506600,True,True
39597812,15.69000000,7.49000000,117.51810000,1665795506600,True,True
39597813,15.69000000,4.62000000,72.48780000,1665795506600,True,True
39597814,15.69000000,9.55000000,149.83950000,1665795506600,True,True
39597815,15.69000000,1.46000000,22.90740000,1665795506600,True,True
39597816,15.68000000,1.53000000,23.99040000,1665795506606,True,True
39597817,15.68000000,0.98000000,15.36640000,1665795506612,True,True
39597818,15.68000000,2.15000000,33.71200000,1665795506612,True,True
39597819,15.68000000,6.00000000,94.08000000,1665795506612,True,True
39597820,15.68000000,4.20000000,65.85600000,1665795506612,True,True
39597821,15.68000000,11.14000000,174.67520000,1665795506612,True,True
39597822,15.68000000,2.93000000,45.94240000,1665795506612,True,True
39597823,15.68000000,47.25000000,740.88000000,1665795506634,True,True
39597824,15.68000000,36.75000000,576.24000000,1665795506640,True,True
39597825,15.68000000,84.00000000,1317.12000000,1665795506654,True,True
39597826,15.67000000,0.65000000,10.18550000,1665795533086,True,True
39597827,15.66000000,0.93000000,14.56380000,1665795533086,True,True
39597828,15.66000000,22.62000000,354.22920000,1665795533086,True,True
39597829,15.66000000,65.07000000,1018.99620000,1665795546535,True,True
39597830,15.66000000,112.21000000,1757.20860000,1665795546580,True,True
39597831,15.66000000,32.56000000,509.88960000,1665795546580,True,True
39597832,15.66000000,64.20000000,1005.37200000,1665795546580,True,True
39597833,15.66000000,52.91000000,828.57060000,1665795546580,True,True
39597834,15.66000000,29.22000000,457.58520000,1665795546580,True,True
39597835,15.67000000,7.32000000,114.70440000,1665795568988,True,True
39597836,15.66000000,84.42000000,1322.01720000,1665795568988,True,True
39597837,15.66000000,27.01000000,422.97660000,1665795568988,True,True
39597838,15.66000000,2.00000000,31.32000000,1665795602687,True,True
39597839,15.67000000,32.56000000,510.21520000,1665795623409,False,True
39597840,15.68000000,32.42000000,508.34560000,1665795658797,False,True
39597841,15.68000000,26.01000000,407.83680000,1665795658797,False,True
39597842,15.68000000,15.17000000,237.86560000,1665795658797,False,True
39597843,15.68000000,57.91000000,908.02880000,1665795658797,False,True
39597844,15.68000000,3.30000000,51.74400000,1665795658797,False,True
39597845,15.68000000,44.40000000,696.19200000,1665795658797,False,True
39597846,15.68000000,19.69000000,308.73920000,1665795658797,False,True
39597847,15.68000000,19.91000000,312.18880000,1665795658797,False,True
39597848,15.68000000,84.00000000,1317.12000000,1665795658797,False,True
39597849,15.68000000,13.26000000,207.91680000,1665795658797,False,True
39597850,15.67000000,13.23000000,207.31410000,1665795699630,True,True
39597851,15.67000000,12.25000000,191.95750000,1665795699630,True,True
39597852,15.67000000,0.92000000,14.41640000,1665795699630,True,True
39597853,15.67000000,27.48000000,430.61160000,1665795751552,False,True
39597854,15.67000000,7.13000000,111.72710000,1665795751552,False,True
39597855,15.67000000,10.77000000,168.76590000,1665795875610,False,True
39597856,15.66000000,3.30000000,51.67800000,1665796052778,True,True
39597857,15.66000000,1.46000000,22.86360000,1665796052778,True,True
39597858,15.66000000,2.60000000,40.71600000,1665796052907,False,True
39597859,15.66000000,2.39000000,37.42740000,1665796059437,False,True
39597860,15.65000000,8.86000000,138.65900000,1665796091857,True,True
39597861,15.65000000,11.14000000,174.34100000,1665796091857,True,True
39597862,15.65000000,13.05000000,204.23250000,1665796091857,True,True
39597863,15.65000000,1.56000000,24.41400000,1665796091857,True,True
39597864,15.65000000,6.00000000,93.90000000,1665796161284,True,True
39597865,15.65000000,8.37000000,130.99050000,1665796161284,True,True
39597866,15.65000000,0.16000000,2.50400000,1665796161538,True,True
39597867,15.65000000,3.30000000,51.64500000,1665796161538,True,True
39597868,15.65000000,1.46000000,22.84900000,1665796161538,True,True
39597869,15.65000000,6.49000000,101.56850000,1665796161856,True,True
39597870,15.65000000,2.39000000,37.40350000,1665796161893,False,True
39597871,15.65000000,6.42000000,100.47300000,1665796161914,False,True
39597872,15.65000000,0.70000000,10.95500000,1665796180318,False,True
39597873,15.65000000,2.39000000,37.40350000,1665796271452,False,True
39597874,15.65000000,4.33000000,67.76450000,1665796289216,False,True
39597875,15.64000000,0.69000000,10.79160000,1665796301181,True,True
39597876,15.64000000,0.65000000,10.16600000,1665796301181,True,True
39597877,15.64000000,6.39000000,99.93960000,1665796301181,True,True
39597878,15.64000000,2.39000000,37.37960000,1665796312026,False,True
39597879,15.63000000,5.68000000,88.77840000,1665796442909,True,True
39597880,15.63000000,3.30000000,51.57900000,1665796442909,True,True
39597881,15.63000000,10.45000000,163.33350000,1665796442909,True,True
39597882,15.63000000,1.46000000,22.81980000,1665796442909,True,True
39597883,15.63000000,15.71000000,245.54730000,1665796442909,True,True
39597884,15.63000000,7.87000000,123.00810000,1665796444921,True,True
39597885,15.63000000,11.78000000,184.12140000,1665796444921,True,True
39597886,15.62000000,0.85000000,13.27700000,1665796444921,True,True
39597887,15.62000000,1.28000000,19.99360000,1665796444921,True,True
39597888,15.62000000,14.82000000,231.48840000,1665796444921,True,True
39597889,15.63000000,7.83000000,122.38290000,1665796445913,True,True
39597890,15.62000000,28.77000000,449.38740000,1665796445913,True,True
39597891,15.63000000,7.75000000,121.13250000,1665796472831,True,True
39597892,15.63000000,9.54000000,149.11020000,1665796472970,False,True
39597893,15.63000000,31.97000000,499.69110000,1665796473564,False,True
39597894,15.63000000,15.51000000,242.42130000,1665796473752,False,True
39597895,15.63000000,16.46000000,257.26980000,1665796473752,False,True
39597896,15.63000000,31.97000000,499.69110000,1665796473802,False,True
39597897,15.63000000,8.58000000,134.10540000,1665796473859,False,True
39597898,15.63000000,23.39000000,365.58570000,1665796473859,False,True
39597899,15.63000000,6.22000000,97.21860000,1665796473938,False,True
39597900,15.62000000,2.06000000,32.17720000,1665796504729,True,True
39597901,15.62000000,3.30000000,51.54600000,1665796504729,True,True
39597902,15.62000000,1.46000000,22.80520000,1665796504729,True,True
39597903,15.62000000,7.25000000,113.24500000,1665796504729,True,True
39597904,15.62000000,6.40000000,99.96800000,1665796504729,True,True
39597905,15.62000000,15.75000000,246.01500000,1665796504729,True,True
39597906,15.62000000,0.01000000,0.15620000,1665796504731,True,True
39597907,15.62000000,2.12000000,33.11440000,1665796504743,False,True
39597908,15.62000000,31.97000000,499.37140000,1665796504760,False,True
39597909,15.62000000,13.44000000,209.93280000,1665796504804,False,True
39597910,15.61000000,0.99000000,15.45390000,1665796504858,True,True
39597911,15.61000000,2.48000000,38.71280000,1665796504858,True,True
39597912,15.61000000,12.73000000,198.71530000,1665796504858,True,True
39597913,15.61000000,49.42000000,771.44620000,1665796504858,True,True
39597914,15.61000000,4.20000000,65.56200000,1665796504858,True,True
39597915,15.61000000,11.14000000,173.89540000,1665796504858,True,True
39597916,15.61000000,2.16000000,33.71760000,1665796504858,True,True
39597917,15.61000000,6.00000000,93.66000000,1665796504858,True,True
39597918,15.61000000,5.91000000,92.25510000,1665796504858,True,True
39597919,15.60000000,1.63000000,25.42800000,1665796504858,True,True
39597920,15.60000000,1.19000000,18.56400000,1665796504858,True,True
39597921,15.60000000,2.91000000,45.39600000,1665796504858,True,True
39597922,15.60000000,81.68000000,1274.20800000,1665796504858,True,True
39597923,15.60000000,40.29000000,628.52400000,1665796504858,True,True
39597924,15.60000000,3.12000000,48.67200000,1665796504858,True,True
39597925,15.60000000,12.00000000,187.20000000,1665796504858,True,True
39597926,15.60000000,17.50000000,273.00000000,1665796504858,True,True
39597927,15.60000000,4.11000000,64.11600000,1665796504858,True,True
39597928,15.60000000,11.14000000,173.78400000,1665796504858,True,True
39597929,15.60000000,9.39000000,146.48400000,1665796504858,True,True
39597930,15.61000000,1.67000000,26.06870000,1665796504911,False,True
39597931,15.61000000,13.35000000,208.39350000,1665796504939,False,True
39597932,15.61000000,1.67000000,26.06870000,1665796504977,False,True
39597933,15.61000000,15.76000000,246.01360000,1665796505052,False,True
39597934,15.61000000,12.25000000,191.22250000,1665796505052,False,True
39597935,15.61000000,11.78000000,183.88580000,1665796505052,False,True
39597936,15.61000000,15.71000000,245.23310000,1665796505052,False,True
39597937,15.61000000,12.18000000,190.12980000,1665796506033,False,True
39597938,15.61000000,12.23000000,190.91030000,1665796506033,False,True
39597939,15.61000000,35.19000000,549.31590000,1665796506034,False,True
39597940,15.61000000,11.18000000,174.51980000,1665796506036,False,True
39597941,15.61000000,22.56000000,352.16160000,1665796506036,False,True
39597942,15.61000000,26.30000000,410.54300000,1665796506036,False,True
39597943,15.60000000,1.28000000,19.96800000,1665796510959,True,True
39597944,15.61000000,26.51000000,413.82110000,1665796512057,False,True
39597945,15.61000000,1.10000000,17.17100000,1665796513763,False,True
39597946,15.61000000,20.00000000,312.20000000,1665796522537,False,True
39597947,15.61000000,20.00000000,312.20000000,1665796522539,False,True
39597948,15.61000000,40.00000000,624.40000000,1665796522539,False,True
39597949,15.61000000,20.00000000,312.20000000,1665796522541,False,True
39597950,15.61000000,0.34000000,5.30740000,1665796522556,False,True
39597951,15.61000000,19.66000000,306.89260000,1665796522556,False,True
39597952,15.61000000,66.28000000,1034.63080000,1665796522557,False,True
39597953,15.61000000,20.45000000,319.22450000,1665796522557,False,True
39597954,15.61000000,12.12000000,189.19320000,1665796522557,False,True
39597955,15.61000000,89.42000000,1395.84620000,1665796522557,False,True
39597956,15.61000000,3.20000000,49.95200000,1665796522557,False,True
39597957,15.61000000,2.16000000,33.71760000,1665796522557,False,True
39597958,15.61000000,1.46000000,22.79060000,1665796522557,False,True
39597959,15.61000000,3.30000000,51.51300000,1665796522557,False,True
39597960,15.61000000,77.21000000,1205.24810000,1665796522557,False,True
39597961,15.62000000,13.77000000,215.08740000,1665796522710,False,True
39597962,15.62000000,18.77000000,293.18740000,1665796522710,False,True
39597963,15.62000000,14.21000000,221.96020000,1665796523525,True,True
39597964,15.62000000,35.92000000,561.07040000,1665796532029,True,True
39597965,15.62000000,25.64000000,400.49680000,1665796532029,True,True
39597966,15.62000000,15.76000000,246.17120000,1665796532029,True,True
39597967,15.62000000,25.64000000,400.49680000,1665796532029,True,True
39597968,15.62000000,25.64000000,400.49680000,1665796532029,True,True
39597969,15.62000000,25.64000000,400.49680000,1665796532029,True,True
39597970,15.62000000,0.40000000,6.24800000,1665796532029,True,True
39597971,15.62000000,25.24000000,394.24880000,1665796532032,True,True
39597972,15.61000000,1.00000000,15.61000000,1665796532052,True,True
39597973,15.61000000,0.46000000,7.18060000,1665796532063,True,True
39597974,15.61000000,1.11000000,17.32710000,1665796532063,True,True
39597975,15.61000000,1.74000000,27.16140000,1665796532092,False,True
39597976,15.61000000,0.37000000,5.77570000,1665796532156,False,True
39597977,15.61000000,12.43000000,194.03230000,1665796532156,False,True
39597978,15.61000000,33.45000000,522.15450000,1665796532943,False,True
39597979,15.61000000,15.76000000,246.01360000,1665796541941,False,True
39597980,15.62000000,3.45000000,53.88900000,1665796624941,False,True
39597981,15.61000000,15.76000000,246.01360000,1665796643814,True,True
39597982,15.61000000,9.49000000,148.13890000,1665796691469,False,True
39597983,15.61000000,2.17000000,33.87370000,1665796691469,False,True
39597984,15.61000000,15.76000000,246.01360000,1665796691469,False,True
39597985,15.61000000,37.18000000,580.37980000,1665796695756,True,True
39597986,15.61000000,2.46000000,38.40060000,1665796735322,True,True
39597987,15.61000000,1.92000000,29.97120000,1665796735322,True,True
39597988,15.60000000,5.54000000,86.42400000,1665796735322,True,True
39597989,15.60000000,3.30000000,51.48000000,1665796735322,True,True
39597990,15.60000000,18.98000000,296.08800000,1665796735322,True,True
39597991,15.61000000,10.90000000,170.14900000,1665796742341,True,True
39597992,15.62000000,1.09000000,17.02580000,1665796955194,False,True
39597993,15.62000000,1.09000000,17.02580000,1665796955194,False,True
39597994,15.62000000,1.09000000,17.02580000,1665796955194,False,True
39597995,15.62000000,1.09000000,17.02580000,1665796955194,False,True
39597996,15.62000000,6.50000000,101.53000000,1665796955194,False,True
39597997,15.63000000,53.12000000,830.26560000,1665796955194,False,True
39597998,15.62000000,1.00000000,15.62000000,1665796955220,True,True
39597999,15.62000000,2.00000000,31.24000000,1665796957370,True,True
39598000,15.62000000,3.00000000,46.86000000,1665796958540,True,True
39598001,15.62000000,35.86000000,560.13320000,1665796958575,True,True
39598002,15.62000000,1.09000000,17.02580000,1665796980648,False,True
39598003,15.62000000,0.62000000,9.68440000,1665796980648,False,True
39598004,15.62000000,1.09000000,17.02580000,1665797021038,False,True
39598005,15.62000000,1.09000000,17.02580000,1665797021038,False,True
39598006,15.62000000,1.09000000,17.02580000,1665797021038,False,True
39598007,15.62000000,1.09000000,17.02580000,1665797021038,False,True
39598008,15.62000000,1.11000000,17.33820000,1665797021038,False,True
39598009,15.62000000,1.11000000,17.33820000,1665797021038,False,True
39598010,15.63000000,2.06000000,32.19780000,1665797075782,False,True
39598011,15.63000000,3.30000000,51.57900000,1665797075782,False,True
39598012,15.63000000,0.65000000,10.15950000,1665797075782,False,True
39598013,15.63000000,1.46000000,22.81980000,1665797075782,False,True
39598014,15.63000000,0.73000000,11.40990000,1665797075800,True,True
39598015,15.63000000,5.28000000,82.52640000,1665797075823,True,True
39598016,15.64000000,1.91000000,29.87240000,1665797086435,False,True
39598017,15.64000000,190.07000000,2972.69480000,1665797086435,False,True
39598018,15.64000000,3.19000000,49.89160000,1665797155973,False,True
39598019,15.64000000,1.09000000,17.04760000,1665797155973,False,True
39598020,15.64000000,1.09000000,17.04760000,1665797155973,False,True
39598021,15.64000000,1.09000000,17.04760000,1665797155973,False,True
39598022,15.64000000,1.09000000,17.04760000,1665797155973,False,True
39598023,15.64000000,3.30000000,51.61200000,1665797155973,False,True
39598024,15.64000000,11.27000000,176.26280000,1665797155973,False,True
39598025,15.64000000,1.11000000,17.36040000,1665797155973,False,True
39598026,15.64000000,1.11000000,17.36040000,1665797155973,False,True
39598027,15.64000000,1.46000000,22.83440000,1665797155973,False,True
39598028,15.64000000,3.09000000,48.32760000,1665797155984,True,True
39598029,15.64000000,5.44000000,85.08160000,1665797155984,True,True
39598030,15.64000000,1.00000000,15.64000000,1665797155996,True,True
39598031,15.64000000,2.39000000,37.37960000,1665797156041,True,True
39598032,15.64000000,2.39000000,37.37960000,1665797156050,True,True
39598033,15.64000000,2.39000000,37.37960000,1665797156109,True,True
39598034,15.64000000,2.39000000,37.37960000,1665797156304,True,True
39598035,15.64000000,1.00000000,15.64000000,1665797156319,True,True
39598036,15.64000000,2.39000000,37.37960000,1665797157635,True,True
39598037,15.64000000,2.00000000,31.28000000,1665797157651,True,True
39598038,15.64000000,2.00000000,31.28000000,1665797158204,True,True
39598039,15.64000000,4.00000000,62.56000000,1665797159077,True,True
39598040,15.64000000,6.00000000,93.84000000,1665797160167,True,True
39598041,15.64000000,11.00000000,172.04000000,1665797162204,True,True
39598042,15.64000000,7.00000000,109.48000000,1665797171490,True,True
39598043,15.64000000,16.00000000,250.24000000,1665797175483,True,True
39598044,15.65000000,0.64000000,10.01600000,1665797183758,False,True
39598045,15.65000000,1.91000000,29.89150000,1665797190795,False,True
39598046,15.64000000,15.14000000,236.78960000,1665797197163,True,True
39598047,15.64000000,1.00000000,15.64000000,1665797197188,True,True
39598048,15.64000000,6.42000000,100.40880000,1665797215035,True,True
39598049,15.64000000,1.00000000,15.64000000,1665797215055,True,True
39598050,15.64000000,6.42000000,100.40880000,1665797215120,True,True
39598051,15.64000000,1.00000000,15.64000000,1665797215136,True,True
39598052,15.64000000,8.23000000,128.71720000,1665797215176,True,True
39598053,15.63000000,8.63000000,134.88690000,1665797215176,True,True
39598054,15.63000000,1.08000000,16.88040000,1665797247082,True,True
39598055,15.64000000,7.65000000,119.64600000,1665797328541,True,True
39598056,15.65000000,11.14000000,174.34100000,1665797328868,False,True
39598057,15.65000000,12.73000000,199.22450000,1665797328868,False,True
39598058,15.65000000,26.00000000,406.90000000,1665797328868,False,True
39598059,15.65000000,0.65000000,10.17250000,1665797328868,False,True
39598060,15.65000000,3.30000000,51.64500000,1665797328868,False,True
39598061,15.65000000,1.46000000,22.84900000,1665797328868,False,True
39598062,15.65000000,1.09000000,17.05850000,1665797354684,True,True
39598063,15.66000000,1.10000000,17.22600000,1665797355569,False,True
39598064,15.66000000,2.51000000,39.30660000,1665797381013,False,True
39598065,15.66000000,1.92000000,30.06720000,1665797381013,False,True
39598066,15.66000000,17.68000000,276.86880000,1665797381013,False,True
39598067,15.66000000,2.00000000,31.32000000,1665797392673,False,True
39598068,15.66000000,112.80000000,1766.44800000,1665797508358,False,True
39598069,15.66000000,111.35000000,1743.74100000,1665797508483,False,True
39598070,15.66000000,140.00000000,2192.40000000,1665797508494,False,True
39598071,15.66000000,140.00000000,2192.40000000,1665797508500,False,True
39598072,15.66000000,40.00000000,626.40000000,1665797508504,False,True
39598073,15.66000000,29.34000000,459.46440000,1665797508526,False,True
39598074,15.66000000,43.54000000,681.83640000,1665797508533,False,True
39598075,15.66000000,3.19000000,49.95540000,1665797508533,False,True
39598076,15.66000000,3.30000000,51.67800000,1665797508533,False,True
39598077,15.66000000,1.46000000,22.86360000,1665797508533,False,True
39598078,15.67000000,2.93000000,45.91310000,1665797530767,False,True
39598079,15.67000000,1.09000000,17.08030000,1665797530767,False,True
39598080,15.67000000,1.09000000,17.08030000,1665797530767,False,True
39598081,15.67000000,1.09000000,17.08030000,1665797530767,False,True
39598082,15.67000000,1.09000000,17.08030000,1665797530767,False,True
39598083,15.67000000,3.30000000,51.71100000,1665797530767,False,True
39598084,15.67000000,1.46000000,22.87820000,1665797530767,False,True
39598085,15.68000000,0.70000000,10.97600000,1665797530767,False,True
39598086,15.68000000,9.43000000,147.86240000,1665797530767,False,True
39598087,15.67000000,2.39000000,37.45130000,1665797530883,True,True
39598088,15.67000000,2.96000000,46.38320000,1665797530894,True,True
39598089,15.68000000,3.19000000,50.01920000,1665797550247,False,True
39598090,15.68000000,1.46000000,22.89280000,1665797550247,False,True
39598091,15.68000000,1.47000000,23.04960000,1665797550328,True,True
39598092,15.68000000,3.64000000,57.07520000,1665797551623,True,True
39598093,15.69000000,0.69000000,10.82610000,1665797560515,False,True
39598094,15.69000000,0.99000000,15.53310000,1665797560515,False,True
39598095,15.69000000,0.23000000,3.60870000,1665797560515,False,True
39598096,15.69000000,0.70000000,10.98300000,1665797573463,False,True
39598097,15.69000000,0.98000000,15.37620000,1665797656556,False,True
39598098,15.69000000,3.30000000,51.77700000,1665797656556,False,True
39598099,15.69000000,1.11000000,17.41590000,1665797656556,False,True
39598100,15.69000000,1.46000000,22.90740000,1665797656556,False,True
39598101,15.69000000,33.68000000,528.43920000,1665797656556,False,True
39598102,15.68000000,28.65000000,449.23200000,1665797686928,True,True
39598103,15.68000000,22.53000000,353.27040000,1665797686939,True,True
39598104,15.68000000,16.59000000,260.13120000,1665797686939,True,True
39598105,15.68000000,90.14000000,1413.39520000,1665797686954,True,True
39598106,15.68000000,52.48000000,822.88640000,1665797686954,True,True
39598107,15.68000000,15.46000000,242.41280000,1665797686956,True,True
39598108,15.68000000,1.87000000,29.32160000,1665797693930,True,True
39598109,15.68000000,3.11000000,48.76480000,1665797693995,True,True
39598110,15.68000000,3.11000000,48.76480000,1665797693999,True,True
39598111,15.68000000,3.11000000,48.76480000,1665797694000,True,True
39598112,15.68000000,1.86000000,29.16480000,1665797694019,True,True
39598113,15.68000000,3.57000000,55.97760000,1665797694044,True,True
39598114,15.68000000,0.70000000,10.97600000,1665797694045,True,True
39598115,15.68000000,0.70000000,10.97600000,1665797694045,True,True
39598116,15.68000000,0.70000000,10.97600000,1665797694046,True,True
39598117,15.68000000,0.70000000,10.97600000,1665797694047,True,True
39598118,15.68000000,0.70000000,10.97600000,1665797694048,True,True
39598119,15.68000000,3.57000000,55.97760000,1665797694048,True,True
39598120,15.68000000,3.57000000,55.97760000,1665797694049,True,True
39598121,15.68000000,0.70000000,10.97600000,1665797694052,True,True
39598122,15.68000000,30.78000000,482.63040000,1665797694058,True,True
39598123,15.68000000,5.22000000,81.84960000,1665797694058,True,True
39598124,15.68000000,0.69000000,10.81920000,1665797694060,True,True
39598125,15.68000000,8.84000000,138.61120000,1665797694342,True,True
39598126,15.68000000,1.47000000,23.04960000,1665797695502,True,True
39598127,15.68000000,2.39000000,37.47520000,1665797696213,True,True
39598128,15.68000000,30.00000000,470.40000000,1665797708346,True,True
39598129,15.67000000,1.22000000,19.11740000,1665797759971,True,True
39598130,15.67000000,3.30000000,51.71100000,1665797787468,True,True
39598131,15.67000000,2.61000000,40.89870000,1665797787468,True,True
39598132,15.67000000,56.89000000,891.46630000,1665797802215,False,True
39598133,15.67000000,5.64000000,88.37880000,1665797802215,False,True
39598134,15.67000000,8.47000000,132.72490000,1665797802225,False,True
39598135,15.66000000,0.65000000,10.17900000,1665797839383,True,True
39598136,15.66000000,0.47000000,7.36020000,1665797839383,True,True
39598137,15.66000000,4.11000000,64.36260000,1665797931557,True,True
39598138,15.66000000,4.11000000,64.36260000,1665797932302,True,True
39598139,15.66000000,4.11000000,64.36260000,1665797932520,True,True
39598140,15.66000000,4.11000000,64.36260000,1665797932726,True,True
39598141,15.66000000,4.11000000,64.36260000,1665797932772,True,True
39598142,15.66000000,4.11000000,64.36260000,1665797932827,True,True
39598143,15.66000000,4.11000000,64.36260000,1665797932886,True,True
39598144,15.66000000,4.50000000,70.47000000,1665797932937,True,True
39598145,15.66000000,3.30000000,51.67800000,1665797932937,True,True
39598146,15.66000000,0.68000000,10.64880000,1665797932937,True,True
39598147,15.66000000,0.97000000,15.19020000,1665797989889,False,True
39598148,15.65000000,0.65000000,10.17250000,1665797997894,True,True
39598149,15.65000000,1.01000000,15.80650000,1665798009949,True,True
39598150,15.66000000,4.69000000,73.44540000,1665798027899,False,True
39598151,15.66000000,0.70000000,10.96200000,1665798075437,False,True
39598152,15.65000000,1.09000000,17.05850000,1665798119556,True,True
39598153,15.66000000,6.61000000,103.51260000,1665798136141,False,True
39598154,15.65000000,1.30000000,20.34500000,1665798136604,True,True
39598155,15.65000000,2.39000000,37.40350000,1665798154861,True,True
39598156,15.65000000,0.70000000,10.95500000,1665798166130,True,True
39598157,15.65000000,0.52000000,8.13800000,1665798177250,True,True
39598158,15.65000000,3.30000000,51.64500000,1665798177250,True,True
39598159,15.65000000,0.30000000,4.69500000,1665798177250,True,True
39598160,15.65000000,15.46000000,241.94900000,1665798269899,True,True
39598161,15.65000000,27.82000000,435.38300000,1665798269899,True,True
39598162,15.66000000,8.97000000,140.47020000,1665798281404,False,True
39598163,15.66000000,6.20000000,97.09200000,1665798281404,False,True
39598164,15.66000000,12.30000000,192.61800000,1665798281404,False,True
39598165,15.66000000,1.23000000,19.26180000,1665798281404,False,True
39598166,15.66000000,5.00000000,78.30000000,1665798288303,False,True
39598167,15.65000000,24.50000000,383.42500000,1665798379172,True,True
39598168,15.65000000,12.63000000,197.65950000,1665798384084,True,True
39598169,15.65000000,11.33000000,177.31450000,1665798384084,True,True
39598170,15.65000000,2.27000000,35.52550000,1665798396989,True,True
39598171,15.65000000,0.65000000,10.17250000,1665798449238,True,True
39598172,15.66000000,5.47000000,85.66020000,1665798483401,False,True
39598173,15.66000000,27.53000000,431.11980000,1665798483401,False,True
39598174,15.66000000,11.87000000,185.88420000,1665798483813,False,True
39598175,15.66000000,2.96000000,46.35360000,1665798483813,False,True
39598176,15.66000000,6.20000000,97.09200000,1665798483813,False,True
39598177,15.66000000,3.11000000,48.70260000,1665798484811,False,True
39598178,15.66000000,1.10000000,17.22600000,1665798484811,False,True
39598179,15.66000000,1.11000000,17.38260000,1665798516921,False,True
39598180,15.66000000,0.98000000,15.34680000,1665798516921,False,True
39598181,15.66000000,1.95000000,30.53700000,1665798518995,False,True
39598182,15.66000000,1.11000000,17.38260000,1665798518995,False,True
39598183,15.66000000,14.24000000,222.99840000,1665798518995,False,True
39598184,15.66000000,13.71000000,214.69860000,1665798518995,False,True
39598185,15.66000000,1.06000000,16.59960000,1665798519117,True,True
39598186,15.66000000,1.06000000,16.59960000,1665798519120,True,True
39598187,15.66000000,1.06000000,16.59960000,1665798519121,True,True
39598188,15.66000000,1.06000000,16.59960000,1665798519121,True,True
39598189,15.66000000,1.06000000,16.59960000,1665798519124,True,True
39598190,15.66000000,2.39000000,37.42740000,1665798519177,True,True
39598191,15.66000000,30.72000000,481.07520000,1665798519238,True,True
39598192,15.66000000,5.39000000,84.40740000,1665798519337,True,True
39598193,15.66000000,7.26000000,113.69160000,1665798519395,True,True
39598194,15.66000000,11.00000000,172.26000000,1665798519905,True,True
39598195,15.66000000,2.92000000,45.72720000,1665798526271,True,True
39598196,15.66000000,10.79000000,168.97140000,1665798526782,True,True
39598197,15.66000000,4.39000000,68.74740000,1665798526782,True,True
39598198,15.66000000,2.85000000,44.63100000,1665798527309,True,True
39598199,15.66000000,2.99000000,46.82340000,1665798527919,True,True
39598200,15.66000000,7.07000000,110.71620000,1665798529559,True,True
39598201,15.66000000,7.07000000,110.71620000,1665798529745,True,True
39598202,15.66000000,2.74000000,42.90840000,1665798529808,True,True
39598203,15.66000000,8.32000000,130.29120000,1665798529900,True,True
39598204,15.66000000,7.27000000,113.84820000,1665798539588,True,True
39598205,15.66000000,7.27000000,113.84820000,1665798539666,True,True
39598206,15.66000000,7.26000000,113.69160000,1665798540288,True,True
39598207,15.65000000,7.16000000,112.05400000,1665798599425,True,True
39598208,15.65000000,0.69000000,10.79850000,1665798637317,True,True
39598209,15.65000000,5.40000000,84.51000000,1665798641839,True,True
39598210,15.65000000,119.91000000,1876.59150000,1665798641839,True,True
39598211,15.65000000,33.00000000,516.45000000,1665798641896,True,True
39598212,15.66000000,31.76000000,497.36160000,1665798668468,False,True
39598213,15.66000000,15.76000000,246.80160000,1665798668468,False,True
39598214,15.66000000,25.88000000,405.28080000,1665798668468,False,True
39598215,15.66000000,7.17000000,112.28220000,1665798668468,False,True
39598216,15.66000000,22.11000000,346.24260000,1665798668468,False,True
39598217,15.66000000,48.34000000,757.00440000,1665798668468,False,True
39598218,15.66000000,6.09000000,95.36940000,1665798668468,False,True
39598219,15.66000000,20.18000000,316.01880000,1665798668468,False,True
39598220,15.66000000,1.11000000,17.38260000,1665798668468,False,True
39598221,15.66000000,84.00000000,1315.44000000,1665798668468,False,True
39598222,15.66000000,3.04000000,47.60640000,1665798668468,False,True
39598223,15.66000000,6.89000000,107.89740000,1665798668468,False,True
39598224,15.66000000,19.11000000,299.26260000,1665798668469,False,True
39598225,15.66000000,93.70000000,1467.34200000,1665798668469,False,True
39598226,15.66000000,32.41000000,507.54060000,1665798668475,False,True
39598227,15.66000000,5.13000000,80.33580000,1665798668478,False,True
39598228,15.66000000,33.61000000,526.33260000,1665798668478,False,True
39598229,15.66000000,12.40000000,194.18400000,1665798668478,False,True
39598230,15.66000000,6.20000000,97.09200000,1665798668478,False,True
39598231,15.66000000,12.30000000,192.61800000,1665798668478,False,True
39598232,15.66000000,67.98000000,1064.56680000,1665798668490,False,True
39598233,15.66000000,15.68000000,245.54880000,1665798668496,False,True
39598234,15.66000000,3.09000000,48.38940000,1665798668496,False,True
39598235,15.66000000,14.52000000,227.38320000,1665798668496,False,True
39598236,15.66000000,9.50000000,148.77000000,1665798711171,True,True
39598237,15.66000000,3.49000000,54.65340000,1665798711189,True,True
39598238,15.66000000,46.38000000,726.31080000,1665798711192,True,True
39598239,15.66000000,15.25000000,238.81500000,1665798711192,True,True
39598240,15.66000000,53.17000000,832.64220000,1665798711192,True,True
39598241,15.66000000,19.43000000,304.27380000,1665798711192,True,True
39598242,15.66000000,23.72000000,371.45520000,1665798711192,True,True
39598243,15.66000000,26.17000000,409.82220000,1665798711192,True,True
39598244,15.65000000,3.53000000,55.24450000,1665798742433,True,True
39598245,15.65000000,1.89000000,29.57850000,1665798846651,True,True
39598246,15.65000000,5.99000000,93.74350000,1665798925512,True,True
39598247,15.65000000,32.41000000,507.21650000,1665799034560,True,True
39598248,15.65000000,19.08000000,298.60200000,1665799034578,True,True
39598249,15.65000000,14.21000000,222.38650000,1665799034578,True,True
39598250,15.65000000,93.35000000,1460.92750000,1665799034622,True,True
39598251,15.65000000,26.65000000,417.07250000,1665799034622,True,True
39598252,15.64000000,1.10000000,17.20400000,1665799148103,True,True
39598253,15.64000000,3.57000000,55.83480000,1665799175823,True,True
39598254,15.64000000,1.16000000,18.14240000,1665799179239,True,True
39598255,15.64000000,1.16000000,18.14240000,1665799179241,True,True
39598256,15.64000000,1.16000000,18.14240000,1665799179242,True,True
39598257,15.64000000,1.59000000,24.86760000,1665799179244,True,True
39598258,15.64000000,1.59000000,24.86760000,1665799179244,True,True
39598259,15.64000000,1.59000000,24.86760000,1665799179247,True,True
39598260,15.64000000,1.59000000,24.86760000,1665799179248,True,True
39598261,15.64000000,1.16000000,18.14240000,1665799179249,True,True
39598262,15.64000000,0.69000000,10.79160000,1665799179515,True,True
39598263,15.64000000,1.91000000,29.87240000,1665799179515,True,True
39598264,15.64000000,3.30000000,51.61200000,1665799179515,True,True
39598265,15.64000000,1.46000000,22.83440000,1665799179515,True,True
39598266,15.63000000,34.23000000,535.01490000,1665799181652,True,True
39598267,15.63000000,24.83000000,388.09290000,1665799181878,True,True
39598268,15.63000000,7.36000000,115.03680000,1665799181961,True,True
39598269,15.63000000,5.66000000,88.46580000,1665799182020,True,True
39598270,15.64000000,0.63000000,9.85320000,1665799235907,False,True
39598271,15.64000000,1.85000000,28.93400000,1665799236657,False,True
39598272,15.63000000,5.73000000,89.55990000,1665799237343,True,True
39598273,15.63000000,2.39000000,37.35570000,1665799239804,True,True
39598274,15.63000000,3.22000000,50.32860000,1665799254670,True,True
39598275,15.63000000,3.22000000,50.32860000,1665799254671,True,True
39598276,15.63000000,3.22000000,50.32860000,1665799254672,True,True
39598277,15.63000000,2.00000000,31.26000000,1665799254763,True,True
39598278,15.63000000,25.40000000,397.00200000,1665799291436,True,True
39598279,15.63000000,18.45000000,288.37350000,1665799291544,True,True
39598280,15.63000000,1.17000000,18.28710000,1665799292645,True,True
39598281,15.63000000,1.22000000,19.06860000,1665799293708,True,True
39598282,15.63000000,9.18000000,143.48340000,1665799298483,True,True
39598283,15.63000000,3.10000000,48.45300000,1665799298535,True,True
39598284,15.63000000,3.06000000,47.82780000,1665799298593,True,True
39598285,15.63000000,3.01000000,47.04630000,1665799298650,True,True
39598286,15.63000000,2.96000000,46.26480000,1665799298711,True,True
39598287,15.63000000,2.86000000,44.70180000,1665799298900,True,True
39598288,15.63000000,2.86000000,44.70180000,1665799298965,True,True
39598289,15.63000000,2.81000000,43.92030000,1665799299148,True,True
39598290,15.63000000,2.72000000,42.51360000,1665799299265,True,True
39598291,15.63000000,2.72000000,42.51360000,1665799299485,True,True
39598292,15.63000000,2.67000000,41.73210000,1665799299539,True,True
39598293,15.63000000,5.35000000,83.62050000,1665799299604,True,True
39598294,15.63000000,2.58000000,40.32540000,1665799299670,True,True
39598295,15.63000000,2.58000000,40.32540000,1665799299863,True,True
39598296,15.63000000,3.78000000,59.08140000,1665799299933,True,True
39598297,15.63000000,4.11000000,64.23930000,1665799299990,True,True
39598298,15.63000000,2.46000000,38.44980000,1665799300051,True,True
39598299,15.63000000,2.42000000,37.82460000,1665799300147,True,True
39598300,15.63000000,3.21000000,50.17230000,1665799306083,True,True
39598301,15.63000000,20.76000000,324.47880000,1665799330891,True,True
39598302,15.63000000,1.30000000,20.31900000,1665799333384,True,True
39598303,15.63000000,1.31000000,20.47530000,1665799334087,True,True
39598304,15.63000000,1.30000000,20.31900000,1665799334409,True,True
39598305,15.63000000,1.34000000,20.94420000,1665799335002,True,True
39598306,15.63000000,78.42000000,1225.70460000,1665799335814,True,True
39598307,15.64000000,19.18000000,299.97520000,1665799336653,False,True
39598308,15.63000000,6.87000000,107.37810000,1665799336974,True,True
39598309,15.63000000,2.92000000,45.63960000,1665799337030,True,True
39598310,15.63000000,4.32000000,67.52160000,1665799337111,True,True
39598311,15.63000000,4.42000000,69.08460000,1665799338030,True,True
39598312,15.63000000,3.04000000,47.51520000,1665799338097,True,True
39598313,15.63000000,2.98000000,46.57740000,1665799338179,True,True
39598314,15.63000000,2.26000000,35.32380000,1665799338267,True,True
39598315,15.63000000,330.00000000,5157.90000000,1665799339140,True,True
39598316,15.63000000,4.76000000,74.39880000,1665799339154,True,True
39598317,15.63000000,2.51000000,39.23130000,1665799339447,True,True
39598318,15.63000000,2.33000000,36.41790000,1665799339452,True,True
39598319,15.63000000,6.00000000,93.78000000,1665799339452,True,True
39598320,15.63000000,0.65000000,10.15950000,1665799339452,True,True
39598321,15.63000000,3.30000000,51.57900000,1665799339452,True,True
39598322,15.63000000,1.46000000,22.81980000,1665799339452,True,True
39598323,15.63000000,6.16000000,96.28080000,1665799339462,False,True
39598324,15.62000000,2.52000000,39.36240000,1665799355613,True,True
39598325,15.62000000,9.49000000,148.23380000,1665799355613,True,True
39598326,15.62000000,2.40000000,37.48800000,1665799370433,True,True
39598327,15.63000000,31.98000000,499.84740000,1665799383776,False,True
39598328,15.62000000,12.07000000,188.53340000,1665799429405,True,True
39598329,15.62000000,1.17000000,18.27540000,1665799429405,True,True
39598330,15.62000000,0.94000000,14.68280000,1665799459674,True,True
39598331,15.63000000,12.33000000,192.71790000,1665799517280,False,True
39598332,15.63000000,1.74000000,27.19620000,1665799517280,False,True
39598333,15.61000000,1.92000000,29.97120000,1665799520379,True,True
39598334,15.61000000,0.12000000,1.87320000,1665799520379,True,True
39598335,15.62000000,5.48000000,85.59760000,1665799545592,True,True
39598336,15.62000000,5.49000000,85.75380000,1665799547506,True,True
39598337,15.62000000,2.89000000,45.14180000,1665799547668,True,True
39598338,15.62000000,2.64000000,41.23680000,1665799547723,True,True
39598339,15.62000000,2.40000000,37.48800000,1665799555850,True,True
39598340,15.62000000,2.18000000,34.05160000,1665799557365,True,True
39598341,15.62000000,12.80000000,199.93600000,1665799557433,True,True
39598342,15.62000000,1.98000000,30.92760000,1665799557809,True,True
39598343,15.62000000,12.80000000,199.93600000,1665799557865,True,True
39598344,15.62000000,1.80000000,28.11600000,1665799557938,True,True
39598345,15.62000000,1.64000000,25.61680000,1665799558039,True,True
39598346,15.62000000,6.78000000,105.90360000,1665799560969,True,True
39598347,15.62000000,3.51000000,54.82620000,1665799560969,True,True
39598348,15.62000000,6.69000000,104.49780000,1665799561165,True,True
39598349,15.62000000,4.35000000,67.94700000,1665799565102,True,True
39598350,15.62000000,1.47000000,22.96140000,1665799567634,True,True
39598351,15.62000000,1.87000000,29.20940000,1665799569753,True,True
39598352,15.62000000,1.44000000,22.49280000,1665799571587,True,True
39598353,15.62000000,1.87000000,29.20940000,1665799576184,True,True
39598354,15.62000000,42.44000000,662.91280000,1665799577327,True,True
39598355,15.62000000,1.89000000,29.52180000,1665799577327,True,True
39598356,15.62000000,2.28000000,35.61360000,1665799577366,True,True
39598357,15.62000000,2.58000000,40.29960000,1665799577462,True,True
39598358,15.62000000,1.64000000,25.61680000,1665799577523,True,True
39598359,15.62000000,5.90000000,92.15800000,1665799577580,True,True
39598360,15.62000000,6.99000000,109.18380000,1665799577635,True,True
39598361,15.61000000,0.87000000,13.58070000,1665799577815,True,True
39598362,15.61000000,1.10000000,17.17100000,1665799577815,True,True
39598363,15.61000000,0.42000000,6.55620000,1665799577815,True,True
39598364,15.62000000,4.34000000,67.79080000,1665799602197,True,True
39598365,15.62000000,2.55000000,39.83100000,1665799609430,True,True
39598366,15.62000000,2.40000000,37.48800000,1665799609430,True,True
39598367,15.62000000,2.39000000,37.33180000,1665799609656,True,True
39598368,15.62000000,12.84000000,200.56080000,1665799609738,True,True
39598369,15.62000000,6.58000000,102.77960000,1665799611263,True,True
39598370,15.62000000,21.57000000,336.92340000,1665799628834,True,True
39598371,15.62000000,7.68000000,119.96160000,1665799667969,False,True
39598372,15.61000000,3.30000000,51.51300000,1665799673359,True,True
39598373,15.61000000,1.46000000,22.79060000,1665799673359,True,True
39598374,15.60000000,42.00000000,655.20000000,1665799673359,True,True
39598375,15.60000000,10.00000000,156.00000000,1665799673359,True,True
39598376,15.60000000,6.00000000,93.60000000,1665799673359,True,True
39598377,15.60000000,2.16000000,33.69600000,1665799673359,True,True
39598378,15.60000000,10.00000000,156.00000000,1665799673359,True,True
39598379,15.60000000,73.54000000,1147.22400000,1665799673359,True,True
39598380,15.60000000,37.79000000,589.52400000,1665799673359,True,True
39598381,15.61000000,10.00000000,156.10000000,1665799720251,True,True
39598382,15.61000000,38.50000000,600.98500000,1665799747499,True,True
39598383,15.61000000,0.88000000,13.73680000,1665799761392,True,True
39598384,15.61000000,12.81000000,199.96410000,1665799798668,False,True
39598385,15.61000000,2.39000000,37.30790000,1665799801171,False,True
39598386,15.61000000,11.35000000,177.17350000,1665799801946,False,True
39598387,15.61000000,21.79000000,340.14190000,1665799801946,False,True
39598388,15.61000000,5.72000000,89.28920000,1665799801946,False,True
39598389,15.61000000,39.52000000,616.90720000,1665799801946,False,True
39598390,15.61000000,89.57000000,1398.18770000,1665799801946,False,True
39598391,15.62000000,3.15000000,49.20300000,1665799819081,False,True
39598392,15.61000000,3.00000000,46.83000000,1665799873715,True,True
39598393,15.62000000,12.62000000,197.12440000,1665799901383,False,True
39598394,15.62000000,13.55000000,211.65100000,1665799901383,False,True
39598395,15.61000000,5.00000000,78.05000000,1665799921809,True,True
39598396,15.62000000,14.69000000,229.45780000,1665799940679,False,True
39598397,15.62000000,1.46000000,22.80520000,1665799940679,False,True
39598398,15.63000000,3.30000000,51.57900000,1665799954506,False,True
39598399,15.63000000,3.10000000,48.45300000,1665799954506,False,True
39598400,15.63000000,5.82000000,90.96660000,1665800047347,False,True
39598401,15.64000000,4.00000000,62.56000000,1665800149760,False,True
39598402,15.63000000,11.70000000,182.87100000,1665800207617,True,True
39598403,15.63000000,12.30000000,192.24900000,1665800207617,True,True
39598404,15.63000000,14.07000000,219.91410000,1665800207617,True,True
39598405,15.63000000,1.22000000,19.06860000,1665800207617,True,True
39598406,15.63000000,4.98000000,77.83740000,1665800207618,True,True
39598407,15.63000000,1.09000000,17.03670000,1665800207618,True,True
39598408,15.63000000,1.09000000,17.03670000,1665800207618,True,True
39598409,15.63000000,1.80000000,28.13400000,1665800207618,True,True
39598410,15.63000000,0.81000000,12.66030000,1665800207618,True,True
39598411,15.62000000,13.09000000,204.46580000,1665800329443,True,True
39598412,15.62000000,13.08000000,204.30960000,1665800331437,True,True
39598413,15.62000000,13.08000000,204.30960000,1665800332437,True,True
39598414,15.62000000,1.60000000,24.99200000,1665800544244,True,True
39598415,15.63000000,9.92000000,155.04960000,1665800552904,False,True
39598416,15.64000000,2.52000000,39.41280000,1665800629334,False,True
39598417,15.64000000,3.19000000,49.89160000,1665800629334,False,True
39598418,15.64000000,3.30000000,51.61200000,1665800629334,False,True
39598419,15.64000000,4.02000000,62.87280000,1665800629334,False,True
39598420,15.64000000,1.46000000,22.83440000,1665800629334,False,True
39598421,15.64000000,2.72000000,42.54080000,1665800636137,True,True
39598422,15.64000000,2.99000000,46.76360000,1665800644852,True,True
39598423,15.65000000,21.14000000,330.84100000,1665800662027,False,True
39598424,15.65000000,52.25000000,817.71250000,1665800662039,False,True
39598425,15.65000000,60.00000000,939.00000000,1665800662042,False,True
39598426,15.65000000,120.00000000,1878.00000000,1665800662042,False,True
39598427,15.65000000,2.26000000,35.36900000,1665800662044,False,True
39598428,15.65000000,162.42000000,2541.87300000,1665800662044,False,True
39598429,15.65000000,140.00000000,2191.00000000,1665800662045,False,True
39598430,15.65000000,80.90000000,1266.08500000,1665800662045,False,True
39598431,15.65000000,919.10000000,14383.91500000,1665800662045,False,True
39598432,15.65000000,60.00000000,939.00000000,1665800662046,False,True
39598433,15.65000000,19.35000000,302.82750000,1665800662046,False,True
39598434,15.65000000,3.30000000,51.64500000,1665800662046,False,True
39598435,15.65000000,1.46000000,22.84900000,1665800662046,False,True
39598436,15.66000000,1.92000000,30.06720000,1665800663665,False,True
39598437,15.66000000,0.65000000,10.17900000,1665800663665,False,True
39598438,15.66000000,8.32000000,130.29120000,1665800663665,False,True
39598439,15.66000000,2.87000000,44.94420000,1665800663665,False,True
39598440,15.66000000,45.81000000,717.38460000,1665800663665,False,True
39598441,15.66000000,1.87000000,29.28420000,1665800671874,False,True
39598442,15.66000000,63.52000000,994.72320000,1665800680740,False,True
39598443,15.66000000,0.26000000,4.07160000,1665800680740,False,True
39598444,15.66000000,2.39000000,37.42740000,1665800699031,False,True
39598445,15.66000000,5.67000000,88.79220000,1665800704237,False,True
39598446,15.66000000,1.35000000,21.14100000,1665800704237,False,True
39598447,15.66000000,1.61000000,25.21260000,1665800704242,False,True
39598448,15.66000000,3.30000000,51.67800000,1665800704242,False,True
39598449,15.66000000,1.46000000,22.86360000,1665800704242,False,True
39598450,15.66000000,0.65000000,10.17900000,1665800704242,False,True
39598451,15.66000000,5.11000000,80.02260000,1665800704242,False,True
39598452,15.66000000,3.21000000,50.26860000,1665800704255,False,True
39598453,15.66000000,8.32000000,130.29120000,1665800704255,False,True
39598454,15.66000000,2.51000000,39.30660000,1665800704255,False,True
39598455,15.66000000,5.81000000,90.98460000,1665800704257,False,True
39598456,15.66000000,3.07000000,48.07620000,1665800704257,False,True
39598457,15.66000000,8.32000000,130.29120000,1665800704257,False,True
39598458,15.66000000,8.32000000,130.29120000,1665800704257,False,True
39598459,15.66000000,2.55000000,39.93300000,1665800704257,False,True
39598460,15.66000000,3.21000000,50.26860000,1665800704259,False,True
39598461,15.66000000,1.30000000,20.35800000,1665800704261,False,True
39598462,15.66000000,1.26000000,19.73160000,1665800704272,False,True
39598463,15.66000000,1.30000000,20.35800000,1665800704272,False,True
39598464,15.66000000,3.21000000,50.26860000,1665800704296,False,True
39598465,15.66000000,3.81000000,59.66460000,1665800704303,False,True
39598466,15.66000000,3.21000000,50.26860000,1665800704303,False,True
39598467,15.66000000,5.09000000,79.70940000,1665800704332,False,True
39598468,15.66000000,3.26000000,51.05160000,1665800722102,True,True
39598469,15.66000000,9.04000000,141.56640000,1665800769842,True,True
39598470,15.66000000,6.20000000,97.09200000,1665800769842,True,True
39598471,15.66000000,1.09000000,17.06940000,1665800769842,True,True
39598472,15.66000000,12.35000000,193.40100000,1665800769842,True,True
39598473,15.67000000,3.13000000,49.04710000,1665800826123,False,True
39598474,15.67000000,3.19000000,49.98730000,1665800826123,False,True
39598475,15.67000000,0.68000000,10.65560000,1665800826123,False,True
39598476,15.66000000,2.27000000,35.54820000,1665800828837,True,True
39598477,15.66000000,3.42000000,53.55720000,1665800828837,True,True
39598478,15.66000000,40.29000000,630.94140000,1665800828837,True,True
39598479,15.66000000,18.17000000,284.54220000,1665800828846,True,True
39598480,15.66000000,9.90000000,155.03400000,1665800828846,True,True
39598481,15.66000000,35.91000000,562.35060000,1665800828848,True,True
39598482,15.66000000,8.92000000,139.68720000,1665800828915,False,True
39598483,15.65000000,3.68000000,57.59200000,1665800873129,True,True
39598484,15.67000000,0.64000000,10.02880000,1665800938634,False,True
39598485,15.66000000,7.90000000,123.71400000,1665800976256,True,True
39598486,15.67000000,0.68000000,10.65560000,1665800985548,False,True
39598487,15.67000000,2.62000000,41.05540000,1665800985608,False,True
39598488,15.67000000,1.46000000,22.87820000,1665800985608,False,True
39598489,15.67000000,3.60000000,56.41200000,1665800985630,True,True
39598490,15.68000000,0.80000000,12.54400000,1665800989095,False,True
39598491,15.68000000,40.00000000,627.20000000,1665800989253,False,True
39598492,15.68000000,1.76000000,27.59680000,1665800989599,False,True
39598493,15.68000000,8.29000000,129.98720000,1665800989827,False,True
39598494,15.68000000,3.30000000,51.74400000,1665800989827,False,True
39598495,15.68000000,1.46000000,22.89280000,1665800989827,False,True
39598496,15.68000000,8.29000000,129.98720000,1665800989831,False,True
39598497,15.68000000,4.76000000,74.63680000,1665800989831,False,True
39598498,15.68000000,3.53000000,55.35040000,1665800989841,False,True
39598499,15.68000000,8.29000000,129.98720000,1665800989841,False,True
39598500,15.68000000,1.23000000,19.28640000,1665800989841,False,True
39598501,15.68000000,7.06000000,110.70080000,1665800989857,False,True
39598502,15.68000000,1.18000000,18.50240000,1665800990062,False,True
39598503,15.68000000,7.11000000,111.48480000,1665800990069,False,True
39598504,15.68000000,1.18000000,18.50240000,1665800990069,False,True
39598505,15.68000000,7.11000000,111.48480000,1665800990084,False,True
39598506,15.68000000,2.57000000,40.29760000,1665800990100,False,True
39598507,15.68000000,5.72000000,89.68960000,1665800990110,False,True
39598508,15.68000000,8.29000000,129.98720000,1665800994046,False,True
39598509,15.68000000,1.13000000,17.71840000,1665800994592,False,True
39598510,15.68000000,4.22000000,66.16960000,1665800995197,False,True
39598511,15.68000000,2.89000000,45.31520000,1665800995261,False,True
39598512,15.68000000,1.34000000,21.01120000,1665801009723,True,True
39598513,15.68000000,1.34000000,21.01120000,1665801011315,True,True
39598514,15.68000000,1.34000000,21.01120000,1665801011417,True,True
39598515,15.68000000,1.34000000,21.01120000,1665801011836,True,True
39598516,15.68000000,1.34000000,21.01120000,1665801013092,True,True
39598517,15.68000000,1.34000000,21.01120000,1665801013101,True,True
39598518,15.68000000,1.34000000,21.01120000,1665801013655,True,True
39598519,15.68000000,1.34000000,21.01120000,1665801014450,True,True
39598520,15.68000000,1.34000000,21.01120000,1665801014933,True,True
39598521,15.68000000,1.34000000,21.01120000,1665801015312,True,True
39598522,15.68000000,1.34000000,21.01120000,1665801016946,True,True
39598523,15.68000000,1.34000000,21.01120000,1665801017081,True,True
39598524,15.68000000,1.34000000,21.01120000,1665801017476,True,True
39598525,15.68000000,1.34000000,21.01120000,1665801018547,True,True
39598526,15.68000000,1.34000000,21.01120000,1665801021718,True,True
39598527,15.68000000,1.34000000,21.01120000,1665801021828,True,True
39598528,15.68000000,1.34000000,21.01120000,1665801025337,True,True
39598529,15.68000000,1.34000000,21.01120000,1665801025773,True,True
39598530,15.68000000,1.34000000,21.01120000,1665801026616,True,True
39598531,15.68000000,1.34000000,21.01120000,1665801026980,True,True
39598532,15.68000000,0.71000000,11.13280000,1665801028843,True,True
39598533,15.68000000,0.63000000,9.87840000,1665801028843,True,True
39598534,15.68000000,1.34000000,21.01120000,1665801029283,True,True
39598535,15.68000000,1.34000000,21.01120000,1665801029697,True,True
