39267392,17.19000000,1.76000000,30.25440000,1664582414836,True,True
39267393,17.18000000,11.55000000,198.42900000,1664582416364,True,True
39267394,17.18000000,4.20000000,72.15600000,1664582429675,True,True
39267395,17.18000000,5.40000000,92.77200000,1664582429675,True,True
39267396,17.18000000,10.00000000,171.80000000,1664582429675,True,True
39267397,17.18000000,1.08000000,18.55440000,1664582429675,True,True
39267398,17.18000000,1.76000000,30.23680000,1664582429675,True,True
39267399,17.18000000,11.64000000,199.97520000,1664582429675,True,True
39267400,17.18000000,85.37000000,1466.65660000,1664582429675,True,True
39267401,17.17000000,15.22000000,261.32740000,1664582451985,True,True
39267402,17.17000000,10.78000000,185.09260000,1664582454543,True,True
39267403,17.17000000,19.38000000,332.75460000,1664582460581,True,True
39267404,17.17000000,16.91000000,290.34470000,1664582460581,True,True
39267405,17.17000000,33.09000000,568.15530000,1664582467282,True,True
39267406,17.17000000,1.29000000,22.14930000,1664582467282,True,True
39267407,17.17000000,1.28000000,21.97760000,1664582467282,True,True
39267408,17.17000000,19.69000000,338.07730000,1664582467282,True,True
39267409,17.17000000,9.54000000,163.80180000,1664582485867,True,True
39267410,17.17000000,3.57000000,61.29690000,1664582485897,True,True
39267411,17.17000000,25.44000000,436.80480000,1664582491358,True,True
39267412,17.17000000,13.05000000,224.06850000,1664582491358,True,True
39267413,17.17000000,20.85000000,357.99450000,1664582491358,True,True
39267414,17.17000000,8.48000000,145.60160000,1664582491360,True,True
39267415,17.17000000,11.65000000,200.03050000,1664582491362,True,True
39267416,17.17000000,11.64000000,199.85880000,1664582491362,True,True
39267417,17.17000000,11.65000000,200.03050000,1664582491362,True,True
39267418,17.17000000,11.65000000,200.03050000,1664582491362,True,True
39267419,17.17000000,11.64000000,199.85880000,1664582491362,True,True
39267420,17.17000000,11.65000000,200.03050000,1664582491362,True,True
39267421,17.17000000,11.38000000,195.39460000,1664582491362,True,True
39267422,17.17000000,0.26000000,4.46420000,1664582491363,True,True
39267423,17.17000000,11.65000000,200.03050000,1664582491363,True,True
39267424,17.17000000,11.64000000,199.85880000,1664582491363,True,True
39267425,17.17000000,11.65000000,200.03050000,1664582491363,True,True
39267426,17.17000000,41.00000000,703.97000000,1664582491363,True,True
39267427,17.16000000,2.38000000,40.84080000,1664582500548,True,True
39267428,17.16000000,96.24000000,1651.47840000,1664582504269,True,True
39267429,17.16000000,76.05000000,1305.01800000,1664582504269,True,True
39267430,17.17000000,4.15000000,71.25550000,1664582531928,False,True
39267431,17.16000000,107.98000000,1852.93680000,1664582567339,True,True
39267432,17.16000000,50.00000000,858.00000000,1664582567339,True,True
39267433,17.16000000,1.29000000,22.13640000,1664582567339,True,True
39267434,17.16000000,0.69000000,11.84040000,1664582567339,True,True
39267435,17.16000000,36.33000000,623.42280000,1664582567339,True,True
39267436,17.16000000,88.00000000,1510.08000000,1664582567339,True,True
39267437,17.16000000,50.00000000,858.00000000,1664582567339,True,True
39267438,17.16000000,1.09000000,18.70440000,1664582567339,True,True
39267439,17.16000000,1.09000000,18.70440000,1664582567339,True,True
39267440,17.16000000,1.09000000,18.70440000,1664582567339,True,True
39267441,17.16000000,1.09000000,18.70440000,1664582567339,True,True
39267442,17.16000000,30.55000000,524.23800000,1664582567339,True,True
39267443,17.16000000,93.07000000,1597.08120000,1664582567339,True,True
39267444,17.16000000,24.72000000,424.19520000,1664582567339,True,True
39267445,17.16000000,74.38000000,1276.36080000,1664582567339,True,True
39267446,17.16000000,1.00000000,17.16000000,1664582578884,True,True
39267447,17.17000000,13.31000000,228.53270000,1664582603076,False,True
39267448,17.18000000,13.31000000,228.66580000,1664582603082,False,True
39267449,17.18000000,6.69000000,114.93420000,1664582603444,False,True
39267450,17.17000000,50.00000000,858.50000000,1664582613648,True,True
39267451,17.17000000,8.15000000,139.93550000,1664582613648,True,True
39267452,17.17000000,3.12000000,53.57040000,1664582624276,True,True
39267453,17.17000000,12.92000000,221.83640000,1664582624395,True,True
39267454,17.15000000,0.62000000,10.63300000,1664582640547,True,True
39267455,17.15000000,1.29000000,22.12350000,1664582658680,True,True
39267456,17.15000000,1.28000000,21.95200000,1664582658680,True,True
39267457,17.15000000,0.77000000,13.20550000,1664582658680,True,True
39267458,17.15000000,41.76000000,716.18400000,1664582659064,True,True
39267459,17.15000000,43.86000000,752.19900000,1664582659065,True,True
39267460,17.15000000,174.55000000,2993.53250000,1664582660363,True,True
39267461,17.16000000,0.64000000,10.98240000,1664582669653,False,True
39267462,17.15000000,5.83000000,99.98450000,1664582681558,True,True
39267463,17.16000000,56.69000000,972.80040000,1664582690622,False,True
39267464,17.16000000,7.00000000,120.12000000,1664582690622,False,True
39267465,17.16000000,56.10000000,962.67600000,1664582690622,False,True
39267466,17.16000000,40.94000000,702.53040000,1664582690627,False,True
39267467,17.16000000,29.13000000,499.87080000,1664582749888,False,True
39267468,17.16000000,35.02000000,600.94320000,1664582750908,False,True
39267469,17.17000000,16.20000000,278.15400000,1664582752192,False,True
39267470,17.17000000,10.48000000,179.94160000,1664582752200,False,True
39267471,17.17000000,3.22000000,55.28740000,1664582752696,False,True
39267472,17.17000000,3.01000000,51.68170000,1664582752701,False,True
39267473,17.17000000,18.65000000,320.22050000,1664582754297,False,True
39267474,17.17000000,15.53000000,266.65010000,1664582754297,False,True
39267475,17.17000000,11.62000000,199.51540000,1664582754314,False,True
39267476,17.17000000,11.98000000,205.69660000,1664582754317,False,True
39267477,17.17000000,1.14000000,19.57380000,1664582755633,True,True
39267478,17.17000000,2.21000000,37.94570000,1664582755900,True,True
39267479,17.17000000,84.24000000,1446.40080000,1664582763921,True,True
39267480,17.17000000,13.81000000,237.11770000,1664582782896,False,True
39267481,17.17000000,13.63000000,234.02710000,1664582782897,False,True
39267482,17.17000000,35.77000000,614.17090000,1664582782901,False,True
39267483,17.17000000,11.45000000,196.59650000,1664582782903,False,True
39267484,17.17000000,12.92000000,221.83640000,1664582782904,False,True
39267485,17.17000000,21.91000000,376.19470000,1664582782904,False,True
39267486,17.17000000,18.96000000,325.54320000,1664582782905,False,True
39267487,17.17000000,9.13000000,156.76210000,1664582782910,False,True
39267488,17.18000000,7.25000000,124.55500000,1664582782911,False,True
39267489,17.18000000,1.76000000,30.23680000,1664582783944,False,True
39267490,17.19000000,1.29000000,22.17510000,1664582790876,False,True
39267491,17.19000000,1.76000000,30.25440000,1664582790876,False,True
39267492,17.20000000,0.62000000,10.66400000,1664582791345,False,True
39267493,17.19000000,27.23000000,468.08370000,1664582801081,True,True
39267494,17.18000000,33.98000000,583.77640000,1664582829019,True,True
39267495,17.18000000,1.09000000,18.72620000,1664582829019,True,True
39267496,17.18000000,1.09000000,18.72620000,1664582829019,True,True
39267497,17.18000000,2.42000000,41.57560000,1664582829019,True,True
39267498,17.18000000,14.94000000,256.66920000,1664582829019,True,True
39267499,17.18000000,60.35000000,1036.81300000,1664582829019,True,True
39267500,17.18000000,7.25000000,124.55500000,1664582829019,True,True
39267501,17.18000000,50.00000000,859.00000000,1664582829019,True,True
39267502,17.17000000,228.88000000,3929.86960000,1664582829019,True,True
39267503,17.19000000,2.21000000,37.98990000,1664582835775,False,True
39267504,17.19000000,2.21000000,37.98990000,1664582840872,False,True
39267505,17.19000000,22.82000000,392.27580000,1664582865733,False,True
39267506,17.19000000,60.34000000,1037.24460000,1664582865733,False,True
39267507,17.19000000,7.25000000,124.62750000,1664582865733,False,True
39267508,17.19000000,7.69000000,132.19110000,1664582865733,False,True
39267509,17.19000000,50.00000000,859.50000000,1664582865733,False,True
39267510,17.19000000,1.76000000,30.25440000,1664582865733,False,True
39267511,17.19000000,25.91000000,445.39290000,1664582865733,False,True
39267512,17.19000000,83.98000000,1443.61620000,1664582865733,False,True
39267513,17.19000000,59.30000000,1019.36700000,1664582865733,False,True
39267514,17.19000000,50.00000000,859.50000000,1664582865733,False,True
39267515,17.19000000,25.84000000,444.18960000,1664582871182,True,True
39267516,17.19000000,4.52000000,77.69880000,1664582882545,True,True
39267517,17.19000000,40.87000000,702.55530000,1664582882601,True,True
39267518,17.19000000,29.00000000,498.51000000,1664582882665,True,True
39267519,17.19000000,34.83000000,598.72770000,1664582883418,True,True
39267520,17.19000000,99.81000000,1715.73390000,1664582883418,True,True
39267521,17.19000000,80.62000000,1385.85780000,1664582883420,True,True
39267522,17.19000000,47.22000000,811.71180000,1664582883420,True,True
39267523,17.19000000,120.00000000,2062.80000000,1664582883427,True,True
39267524,17.19000000,271.35000000,4664.50650000,1664582883432,True,True
39267525,17.19000000,11.31000000,194.41890000,1664582883465,True,True
39267526,17.19000000,20.00000000,343.80000000,1664582883481,True,True
39267527,17.19000000,4.53000000,77.87070000,1664582883533,True,True
39267528,17.19000000,4.27000000,73.40130000,1664582883584,True,True
39267529,17.19000000,3.91000000,67.21290000,1664582883585,True,True
39267530,17.19000000,3.91000000,67.21290000,1664582883589,True,True
39267531,17.19000000,4.27000000,73.40130000,1664582883589,True,True
39267532,17.19000000,3.91000000,67.21290000,1664582883590,True,True
39267533,17.19000000,4.27000000,73.40130000,1664582883591,True,True
39267534,17.19000000,4.27000000,73.40130000,1664582883591,True,True
39267535,17.19000000,3.91000000,67.21290000,1664582883591,True,True
39267536,17.19000000,67.00000000,1151.73000000,1664582883596,True,True
39267537,17.19000000,4.52000000,77.69880000,1664582883682,True,True
39267538,17.19000000,60.00000000,1031.40000000,1664582883851,True,True
39267539,17.19000000,20.00000000,343.80000000,1664582883861,True,True
39267540,17.19000000,4.53000000,77.87070000,1664582883909,True,True
39267541,17.19000000,1.57000000,26.98830000,1664582884081,True,True
39267542,17.19000000,4.52000000,77.69880000,1664582891549,True,True
39267543,17.19000000,40.27000000,692.24130000,1664582893576,True,True
39267544,17.19000000,45.05000000,774.40950000,1664582896322,True,True
39267545,17.18000000,6.15000000,105.65700000,1664582958817,True,True
39267546,17.18000000,8.99000000,154.44820000,1664582964729,True,True
39267547,17.18000000,6.78000000,116.48040000,1664582964817,True,True
39267548,17.18000000,6.78000000,116.48040000,1664582964873,True,True
39267549,17.18000000,0.60000000,10.30800000,1664583037679,False,True
39267550,17.18000000,2.21000000,37.96780000,1664583058218,False,True
39267551,17.17000000,1.03000000,17.68510000,1664583070497,True,True
39267552,17.18000000,25.90000000,444.96200000,1664583126521,False,True
39267553,17.18000000,14.80000000,254.26400000,1664583126521,False,True
39267554,17.18000000,6.70000000,115.10600000,1664583126530,False,True
39267555,17.19000000,2.21000000,37.98990000,1664583169352,False,True
39267556,17.18000000,23.19000000,398.40420000,1664583234531,False,True
39267557,17.18000000,3.35000000,57.55300000,1664583240872,True,True
39267558,17.18000000,15.00000000,257.70000000,1664583254714,True,True
39267559,17.18000000,1.97000000,33.84460000,1664583311815,True,True
39267560,17.18000000,18.35000000,315.25300000,1664583374389,False,True
39267561,17.18000000,10.75000000,184.68500000,1664583374389,False,True
39267562,17.18000000,46.33000000,795.94940000,1664583449445,False,True
39267563,17.18000000,2.79000000,47.93220000,1664583453244,False,True
39267564,17.18000000,38.00000000,652.84000000,1664583458792,False,True
39267565,17.18000000,69.38000000,1191.94840000,1664583458792,False,True
39267566,17.19000000,87.59000000,1505.67210000,1664583485623,True,True
39267567,17.19000000,50.00000000,859.50000000,1664583485623,True,True
39267568,17.19000000,50.00000000,859.50000000,1664583485623,True,True
39267569,17.19000000,40.91000000,703.24290000,1664583485623,True,True
39267570,17.18000000,23.71000000,407.33780000,1664583485623,True,True
39267571,17.19000000,5.35000000,91.96650000,1664583491365,True,True
39267572,17.19000000,18.34000000,315.26460000,1664583501692,False,True
39267573,17.19000000,18.33000000,315.09270000,1664583503694,False,True
39267574,17.19000000,18.33000000,315.09270000,1664583504696,False,True
39267575,17.19000000,32.58000000,560.05020000,1664583514332,False,True
39267576,17.19000000,21.86000000,375.77340000,1664583550620,True,True
39267577,17.20000000,1.29000000,22.18800000,1664583603201,False,True
39267578,17.20000000,1.28000000,22.01600000,1664583603201,False,True
39267579,17.20000000,10.00000000,172.00000000,1664583603201,False,True
39267580,17.20000000,2.90000000,49.88000000,1664583603201,False,True
39267581,17.20000000,20.03000000,344.51600000,1664583603201,False,True
39267582,17.20000000,0.67000000,11.52400000,1664583603201,False,True
39267583,17.20000000,14.75000000,253.70000000,1664583603350,False,True
39267584,17.20000000,7.53000000,129.51600000,1664583603393,False,True
39267585,17.20000000,16.72000000,287.58400000,1664583603397,False,True
39267586,17.21000000,15.11000000,260.04310000,1664583603493,False,True
39267587,17.20000000,2.21000000,38.01200000,1664583607894,True,True
39267588,17.20000000,1.88000000,32.33600000,1664583630063,True,True
39267589,17.21000000,1.29000000,22.20090000,1664583649316,False,True
39267590,17.21000000,21.19000000,364.67990000,1664583649316,False,True
39267591,17.21000000,0.75000000,12.90750000,1664583691229,False,True
39267592,17.21000000,35.03000000,602.86630000,1664583693811,False,True
39267593,17.20000000,6.70000000,115.24000000,1664583708525,True,True
39267594,17.21000000,0.63000000,10.84230000,1664583708724,False,True
39267595,17.20000000,11.03000000,189.71600000,1664583745219,True,True
39267596,17.21000000,58.71000000,1010.39910000,1664583809932,False,True
39267597,17.21000000,60.29000000,1037.59090000,1664583809932,False,True
39267598,17.21000000,6.98000000,120.12580000,1664583809944,False,True
39267599,17.21000000,11.72000000,201.70120000,1664583809944,False,True
39267600,17.21000000,24.73000000,425.60330000,1664583809944,False,True
39267601,17.21000000,31.44000000,541.08240000,1664583809944,False,True
39267602,17.22000000,14.52000000,250.03440000,1664583809977,False,True
39267603,17.21000000,2.21000000,38.03410000,1664583810056,True,True
39267604,17.21000000,2.27000000,39.06670000,1664583810271,True,True
39267605,17.21000000,1.25000000,21.51250000,1664583814932,True,True
39267606,17.21000000,3.03000000,52.14630000,1664583815069,True,True
39267607,17.21000000,4.10000000,70.56100000,1664583825566,True,True
39267608,17.21000000,40.70000000,700.44700000,1664583848308,True,True
39267609,17.21000000,11.98000000,206.17580000,1664583848312,True,True
39267610,17.21000000,1.80000000,30.97800000,1664583874748,False,True
39267611,17.20000000,32.47000000,558.48400000,1664583914389,True,True
39267612,17.19000000,3.73000000,64.11870000,1664583948954,True,True
39267613,17.19000000,50.00000000,859.50000000,1664583948954,True,True
39267614,17.19000000,4.72000000,81.13680000,1664583948954,True,True
39267615,17.19000000,1.76000000,30.25440000,1664583949053,True,True
39267616,17.18000000,2.21000000,37.96780000,1664583950448,True,True
39267617,17.19000000,32.48000000,558.33120000,1664583964209,False,True
39267618,17.20000000,32.48000000,558.65600000,1664583984031,False,True
39267619,17.20000000,3.94000000,67.76800000,1664583984031,False,True
39267620,17.20000000,20.40000000,350.88000000,1664583984039,False,True
39267621,17.20000000,1.76000000,30.27200000,1664583984039,False,True
39267622,17.20000000,2.61000000,44.89200000,1664583992677,True,True
39267623,17.21000000,10.00000000,172.10000000,1664584023640,False,True
39267624,17.21000000,2.90000000,49.90900000,1664584023640,False,True
39267625,17.21000000,1.76000000,30.28960000,1664584023640,False,True
39267626,17.22000000,5.10000000,87.82200000,1664584028785,False,True
39267627,17.22000000,3.05000000,52.52100000,1664584055057,False,True
39267628,17.21000000,14.64000000,251.95440000,1664584071040,True,True
39267629,17.21000000,2.26000000,38.89460000,1664584071043,True,True
39267630,17.21000000,1.76000000,30.28960000,1664584071043,True,True
39267631,17.21000000,1.99000000,34.24790000,1664584073157,False,True
39267632,17.20000000,10.53000000,181.11600000,1664584075024,True,True
39267633,17.20000000,5.98000000,102.85600000,1664584075026,True,True
39267634,17.20000000,5.98000000,102.85600000,1664584075026,True,True
39267635,17.20000000,10.53000000,181.11600000,1664584075027,True,True
39267636,17.20000000,5.40000000,92.88000000,1664584075074,True,True
39267637,17.20000000,1.00000000,17.20000000,1664584075074,True,True
39267638,17.20000000,10.00000000,172.00000000,1664584075074,True,True
39267639,17.20000000,1.76000000,30.27200000,1664584075074,True,True
39267640,17.19000000,1.08000000,18.56520000,1664584077744,True,True
39267641,17.19000000,6.18000000,106.23420000,1664584213630,True,True
39267642,17.18000000,2.88000000,49.47840000,1664584220125,True,True
39267643,17.18000000,30.62000000,526.05160000,1664584220125,True,True
39267644,17.17000000,8.83000000,151.61110000,1664584228204,True,True
39267645,17.17000000,50.00000000,858.50000000,1664584228204,True,True
39267646,17.17000000,1.29000000,22.14930000,1664584228204,True,True
39267647,17.17000000,10.00000000,171.70000000,1664584228204,True,True
39267648,17.17000000,1.76000000,30.21920000,1664584228204,True,True
39267649,17.17000000,44.35000000,761.48950000,1664584228204,True,True
39267650,17.18000000,20.40000000,350.47200000,1664584234852,False,True
39267651,17.18000000,17.53000000,301.16540000,1664584234852,False,True
39267652,17.18000000,40.74000000,699.91320000,1664584234860,False,True
39267653,17.18000000,103.25000000,1773.83500000,1664584235832,True,True
39267654,17.17000000,2.64000000,45.32880000,1664584294623,True,True
39267655,17.17000000,2.36000000,40.52120000,1664584294623,True,True
39267656,17.18000000,0.59000000,10.13620000,1664584302603,False,True
39267657,17.18000000,1.34000000,23.02120000,1664584307213,False,True
39267658,17.17000000,8.73000000,149.89410000,1664584313458,True,True
39267659,17.17000000,2.04000000,35.02680000,1664584313540,True,True
39267660,17.17000000,32.68000000,561.11560000,1664584322108,True,True
39267661,17.17000000,5.27000000,90.48590000,1664584322108,True,True
39267662,17.16000000,1.29000000,22.13640000,1664584323877,True,True
39267663,17.16000000,1.76000000,30.20160000,1664584323877,True,True
39267664,17.16000000,12.43000000,213.29880000,1664584323877,True,True
39267665,17.16000000,12.78000000,219.30480000,1664584323877,True,True
39267666,17.16000000,7.48000000,128.35680000,1664584323877,True,True
39267667,17.16000000,1.09000000,18.70440000,1664584323877,True,True
39267668,17.16000000,1.09000000,18.70440000,1664584323877,True,True
39267669,17.16000000,12.43000000,213.29880000,1664584323983,True,True
39267670,17.16000000,19.30000000,331.18800000,1664584324084,True,True
39267671,17.16000000,30.70000000,526.81200000,1664584324085,True,True
39267672,17.15000000,32.48000000,557.03200000,1664584324285,True,True
39267673,17.15000000,8.50000000,145.77500000,1664584324301,True,True
39267674,17.15000000,0.62000000,10.63300000,1664584324487,True,True
39267675,17.15000000,71.49000000,1226.05350000,1664584325448,True,True
39267676,17.15000000,20.00000000,343.00000000,1664584325485,True,True
39267677,17.15000000,22.54000000,386.56100000,1664584325489,True,True
39267678,17.15000000,40.00000000,686.00000000,1664584325499,True,True
39267679,17.15000000,40.00000000,686.00000000,1664584325502,True,True
39267680,17.15000000,20.00000000,343.00000000,1664584325513,True,True
39267681,17.15000000,56.72000000,972.74800000,1664584325523,True,True
39267682,17.15000000,3.38000000,57.96700000,1664584325721,True,True
39267683,17.15000000,1.21000000,20.75150000,1664584325721,True,True
39267684,17.15000000,0.64000000,10.97600000,1664584325721,True,True
39267685,17.15000000,10.22000000,175.27300000,1664584325721,True,True
39267686,17.15000000,11.64000000,199.62600000,1664584325721,True,True
39267687,17.15000000,1.29000000,22.12350000,1664584325721,True,True
39267688,17.15000000,1.28000000,21.95200000,1664584325721,True,True
39267689,17.15000000,10.00000000,171.50000000,1664584325721,True,True
39267690,17.14000000,0.69000000,11.82660000,1664584327055,True,True
39267691,17.14000000,3.17000000,54.33380000,1664584327055,True,True
39267692,17.14000000,0.64000000,10.96960000,1664584327055,True,True
39267693,17.14000000,4.20000000,71.98800000,1664584327055,True,True
39267694,17.14000000,5.40000000,92.55600000,1664584327055,True,True
39267695,17.14000000,10.17000000,174.31380000,1664584327055,True,True
39267696,17.13000000,31.79000000,544.56270000,1664584327055,True,True
39267697,17.13000000,1.29000000,22.09770000,1664584327339,True,True
39267698,17.13000000,0.64000000,10.96320000,1664584327339,True,True
39267699,17.13000000,0.90000000,15.41700000,1664584327339,True,True
39267700,17.13000000,50.00000000,856.50000000,1664584327339,True,True
39267701,17.13000000,67.00000000,1147.71000000,1664584328228,False,True
39267702,17.13000000,9.03000000,154.68390000,1664584328435,False,True
39267703,17.13000000,14.93000000,255.75090000,1664584328435,False,True
39267704,17.13000000,4.96000000,84.96480000,1664584328435,False,True
39267705,17.13000000,4.58000000,78.45540000,1664584328435,False,True
39267706,17.13000000,2.21000000,37.85730000,1664584330120,False,True
39267707,17.13000000,1.76000000,30.14880000,1664584349789,False,True
39267708,17.13000000,5.62000000,96.27060000,1664584349789,False,True
39267709,17.13000000,31.02000000,531.37260000,1664584349789,False,True
39267710,17.14000000,13.32000000,228.30480000,1664584359808,False,True
39267711,17.14000000,6.57000000,112.60980000,1664584359809,False,True
39267712,17.14000000,37.23000000,638.12220000,1664584359815,False,True
39267713,17.14000000,1.13000000,19.36820000,1664584359819,False,True
39267714,17.14000000,7.14000000,122.37960000,1664584359819,False,True
39267715,17.14000000,5.81000000,99.58340000,1664584359821,False,True
39267716,17.14000000,16.84000000,288.63760000,1664584359822,False,True
39267717,17.14000000,2.55000000,43.70700000,1664584359822,False,True
39267718,17.14000000,1.76000000,30.16640000,1664584359822,False,True
39267719,17.15000000,12.15000000,208.37250000,1664584388972,False,True
39267720,17.15000000,8.48000000,145.43200000,1664584388972,False,True
39267721,17.15000000,408.38000000,7003.71700000,1664584389214,False,True
39267722,17.15000000,153.49000000,2632.35350000,1664584389217,False,True
39267723,17.15000000,2.91000000,49.90650000,1664584389217,False,True
39267724,17.15000000,3.60000000,61.74000000,1664584389217,False,True
39267725,17.15000000,6.40000000,109.76000000,1664584389221,False,True
39267726,17.15000000,2.91000000,49.90650000,1664584389221,False,True
39267727,17.15000000,1.08000000,18.52200000,1664584389221,False,True
39267728,17.15000000,1.76000000,30.18400000,1664584389221,False,True
39267729,17.16000000,0.62000000,10.63920000,1664584399487,False,True
39267730,17.16000000,2.21000000,37.92360000,1664584399673,True,True
39267731,17.17000000,1.29000000,22.14930000,1664584404253,False,True
39267732,17.17000000,0.03000000,0.51510000,1664584404253,False,True
39267733,17.17000000,1.44000000,24.72480000,1664584404319,True,True
39267734,17.17000000,1.22000000,20.94740000,1664584404434,True,True
39267735,17.17000000,2.21000000,37.94570000,1664584404562,True,True
39267736,17.17000000,32.44000000,556.99480000,1664584404810,True,True
39267737,17.17000000,42.41000000,728.17970000,1664584405269,False,True
39267738,17.17000000,2.21000000,37.94570000,1664584405504,True,True
39267739,17.17000000,21.15000000,363.14550000,1664584407946,True,True
39267740,17.17000000,30.97000000,531.75490000,1664584407946,True,True
39267741,17.17000000,10.62000000,182.34540000,1664584408227,True,True
39267742,17.17000000,12.74000000,218.74580000,1664584408302,True,True
39267743,17.17000000,12.74000000,218.74580000,1664584408311,True,True
39267744,17.17000000,10.62000000,182.34540000,1664584408347,True,True
39267745,17.17000000,4.33000000,74.34610000,1664584408347,True,True
39267746,17.16000000,7.85000000,134.70600000,1664584408407,True,True
39267747,17.16000000,77.52000000,1330.24320000,1664584413357,True,True
39267748,17.16000000,3.79000000,65.03640000,1664584413357,True,True
39267749,17.15000000,27.15000000,465.62250000,1664584432319,True,True
39267750,17.15000000,0.66000000,11.31900000,1664584482752,False,True
39267751,17.14000000,0.81000000,13.88340000,1664584510333,True,True
39267752,17.16000000,23.00000000,394.68000000,1664584514836,False,True
39267753,17.16000000,15.15000000,259.97400000,1664584514859,False,True
39267754,17.16000000,17.44000000,299.27040000,1664584515006,False,True
39267755,17.16000000,31.99000000,548.94840000,1664584516025,False,True
39267756,17.16000000,27.63000000,474.13080000,1664584516025,False,True
39267757,17.16000000,10.10000000,173.31600000,1664584517613,False,True
39267758,17.16000000,8.80000000,151.00800000,1664584517623,False,True
39267759,17.16000000,1.27000000,21.79320000,1664584517624,False,True
39267760,17.16000000,6.62000000,113.59920000,1664584517635,False,True
39267761,17.16000000,22.70000000,389.53200000,1664584517661,False,True
39267762,17.17000000,15.14000000,259.95380000,1664584517762,False,True
39267763,17.17000000,5.82000000,99.92940000,1664584532730,False,True
39267764,17.17000000,29.04000000,498.61680000,1664584537936,False,True
39267765,17.17000000,0.08000000,1.37360000,1664584537936,False,True
39267766,17.16000000,22.70000000,389.53200000,1664584573833,True,True
39267767,17.16000000,8.41000000,144.31560000,1664584573848,True,True
39267768,17.16000000,1.89000000,32.43240000,1664584573852,True,True
39267769,17.16000000,1.89000000,32.43240000,1664584573853,True,True
39267770,17.16000000,0.80000000,13.72800000,1664584573854,True,True
39267771,17.16000000,0.80000000,13.72800000,1664584573854,True,True
39267772,17.16000000,1.89000000,32.43240000,1664584573855,True,True
39267773,17.16000000,1.07000000,18.36120000,1664584573855,True,True
39267774,17.16000000,0.82000000,14.07120000,1664584573855,True,True
39267775,17.16000000,1.89000000,32.43240000,1664584573855,True,True
39267776,17.16000000,0.80000000,13.72800000,1664584573857,True,True
39267777,17.16000000,0.80000000,13.72800000,1664584573857,True,True
39267778,17.16000000,0.80000000,13.72800000,1664584573860,True,True
39267779,17.16000000,0.80000000,13.72800000,1664584573861,True,True
39267780,17.15000000,1.80000000,30.87000000,1664584573909,True,True
39267781,17.16000000,9.91000000,170.05560000,1664584590842,False,True
39267782,17.14000000,1.76000000,30.16640000,1664584603637,True,True
39267783,17.14000000,1.11000000,19.02540000,1664584603637,True,True
39267784,17.13000000,12.39000000,212.24070000,1664584603738,True,True
39267785,17.13000000,3.11000000,53.27430000,1664584603738,True,True
39267786,17.14000000,2.41000000,41.30740000,1664584628975,False,True
39267787,17.14000000,1.09000000,18.68260000,1664584641748,True,True
39267788,17.14000000,24.84000000,425.75760000,1664584641748,True,True
39267789,17.14000000,4.52000000,77.47280000,1664584641938,True,True
39267790,17.14000000,4.22000000,72.33080000,1664584643073,True,True
39267791,17.15000000,4.19000000,71.85850000,1664584655400,False,True
39267792,17.15000000,2.74000000,46.99100000,1664584655400,False,True
39267793,17.15000000,5.42000000,92.95300000,1664584655400,False,True
39267794,17.15000000,15.50000000,265.82500000,1664584655499,True,True
39267795,17.15000000,22.34000000,383.13100000,1664584680611,True,True
39267796,17.15000000,50.00000000,857.50000000,1664584680611,True,True
39267797,17.15000000,20.66000000,354.31900000,1664584680611,True,True
39267798,17.15000000,4.19000000,71.85850000,1664584682668,True,True
39267799,17.15000000,10.43000000,178.87450000,1664584682668,True,True
39267800,17.14000000,2.77000000,47.47780000,1664584685983,True,True
39267801,17.15000000,44.13000000,756.82950000,1664584759379,True,True
39267802,17.15000000,5.87000000,100.67050000,1664584759385,True,True
39267803,17.15000000,16.26000000,278.85900000,1664584759385,True,True
39267804,17.15000000,6.42000000,110.10300000,1664584819732,True,True
39267805,17.15000000,6.42000000,110.10300000,1664584819732,True,True
39267806,17.16000000,18.33000000,314.54280000,1664584825087,False,True
39267807,17.16000000,1.76000000,30.20160000,1664584825087,False,True
39267808,17.16000000,62.75000000,1076.79000000,1664584855869,True,True
39267809,17.16000000,24.22000000,415.61520000,1664584855977,True,True
39267810,17.16000000,54.96000000,943.11360000,1664584855977,True,True
39267811,17.16000000,13.26000000,227.54160000,1664584863392,False,True
39267812,17.16000000,50.00000000,858.00000000,1664584863392,False,True
39267813,17.16000000,20.06000000,344.22960000,1664584863392,False,True
39267814,17.16000000,9.18000000,157.52880000,1664584882464,False,True
39267815,17.16000000,1.93000000,33.11880000,1664584882464,False,True
39267816,17.16000000,40.02000000,686.74320000,1664584882467,False,True
39267817,17.16000000,25.54000000,438.26640000,1664584882481,False,True
39267818,17.16000000,6.05000000,103.81800000,1664584882482,False,True
39267819,17.16000000,12.77000000,219.13320000,1664584882482,False,True
39267820,17.16000000,22.32000000,383.01120000,1664584882482,False,True
39267821,17.16000000,11.96000000,205.23360000,1664584882487,False,True
39267822,17.16000000,20.67000000,354.69720000,1664584882489,False,True
39267823,17.16000000,1.09000000,18.70440000,1664584883647,True,True
39267824,17.16000000,1.09000000,18.70440000,1664584883647,True,True
39267825,17.16000000,66.96000000,1149.03360000,1664584883647,True,True
39267826,17.16000000,14.43000000,247.61880000,1664584883651,True,True
39267827,17.16000000,19.82000000,340.11120000,1664584893088,False,True
39267828,17.15000000,10.00000000,171.50000000,1664584912801,True,True
39267829,17.14000000,2.95000000,50.56300000,1664584964729,True,True
39267830,17.14000000,10.84000000,185.79760000,1664584964729,True,True
39267831,17.14000000,5.42000000,92.89880000,1664584964729,True,True
39267832,17.14000000,8.37000000,143.46180000,1664584964729,True,True
39267833,17.14000000,6.21000000,106.43940000,1664584964732,True,True
39267834,17.14000000,3.99000000,68.38860000,1664584964732,True,True
39267835,17.14000000,1.08000000,18.51120000,1664584964732,True,True
39267836,17.14000000,2.69000000,46.10660000,1664584964732,True,True
39267837,17.14000000,0.31000000,5.31340000,1664584964734,True,True
39267838,17.14000000,1.76000000,30.16640000,1664584964734,True,True
39267839,17.14000000,2.21000000,37.87940000,1664584968684,False,True
39267840,17.13000000,5.40000000,92.50200000,1664584991956,True,True
39267841,17.13000000,10.00000000,171.30000000,1664584991956,True,True
39267842,17.13000000,1.29000000,22.09770000,1664584991956,True,True
39267843,17.13000000,3.58000000,61.32540000,1664584991956,True,True
39267844,17.13000000,7.50000000,128.47500000,1664584992006,True,True
39267845,17.13000000,1.76000000,30.14880000,1664584992006,True,True
39267846,17.13000000,0.52000000,8.90760000,1664584992006,True,True
39267847,17.12000000,0.98000000,16.77760000,1664584995687,True,True
39267848,17.12000000,1.28000000,21.91360000,1664584995687,True,True
39267849,17.12000000,1.21000000,20.71520000,1664584995687,True,True
39267850,17.12000000,1.29000000,22.08480000,1664584995687,True,True
39267851,17.12000000,0.64000000,10.95680000,1664584995687,True,True
39267852,17.12000000,1.17000000,20.03040000,1664584995687,True,True
39267853,17.12000000,8.65000000,148.08800000,1664584995687,True,True
39267854,17.12000000,37.69000000,645.25280000,1664584996137,True,True
39267855,17.12000000,35.09000000,600.74080000,1664584996148,True,True
39267856,17.12000000,5.48000000,93.81760000,1664584996617,True,True
39267857,17.12000000,5.48000000,93.81760000,1664584996618,True,True
39267858,17.12000000,5.48000000,93.81760000,1664584996619,True,True
39267859,17.12000000,57.46000000,983.71520000,1664584999266,True,True
39267860,17.12000000,120.61000000,2064.84320000,1664584999273,True,True
39267861,17.12000000,1.31000000,22.42720000,1664585014682,True,True
39267862,17.12000000,306.27000000,5243.34240000,1664585034429,True,True
39267863,17.12000000,1.00000000,17.12000000,1664585034429,True,True
39267864,17.12000000,34.90000000,597.48800000,1664585034429,True,True
39267865,17.12000000,1.09000000,18.66080000,1664585034429,True,True
39267866,17.12000000,88.00000000,1506.56000000,1664585034429,True,True
39267867,17.12000000,5.50000000,94.16000000,1664585034429,True,True
39267868,17.12000000,50.00000000,856.00000000,1664585050838,False,True
39267869,17.12000000,10.18000000,174.28160000,1664585050838,False,True
39267870,17.13000000,32.86000000,562.89180000,1664585056200,False,True
39267871,17.12000000,87.58000000,1499.36960000,1664585075382,True,True
39267872,17.12000000,35.26000000,603.65120000,1664585082240,False,True
39267873,17.12000000,37.07000000,634.63840000,1664585082247,False,True
39267874,17.12000000,11.50000000,196.88000000,1664585082248,False,True
39267875,17.12000000,3.75000000,64.20000000,1664585082253,False,True
39267876,17.13000000,14.24000000,243.93120000,1664585112404,False,True
39267877,17.14000000,11.09000000,190.08260000,1664585161009,False,True
39267878,17.13000000,14.59000000,249.92670000,1664585184456,True,True
39267879,17.13000000,54.60000000,935.29800000,1664585294073,True,True
39267880,17.13000000,12.53000000,214.63890000,1664585294073,True,True
39267881,17.13000000,50.00000000,856.50000000,1664585301951,False,True
39267882,17.13000000,36.46000000,624.55980000,1664585360956,True,True
39267883,17.13000000,50.00000000,856.50000000,1664585360956,True,True
39267884,17.13000000,15.80000000,270.65400000,1664585360956,True,True
39267885,17.13000000,21.10000000,361.44300000,1664585409134,True,True
39267886,17.13000000,3.00000000,51.39000000,1664585409134,True,True
39267887,17.13000000,4.26000000,72.97380000,1664585409134,True,True
39267888,17.13000000,5.13000000,87.87690000,1664585409151,True,True
39267889,17.14000000,2.00000000,34.28000000,1664585522160,False,True
39267890,17.14000000,1.76000000,30.16640000,1664585523345,False,True
39267891,17.14000000,5.46000000,93.58440000,1664585524718,True,True
39267892,17.14000000,13.45000000,230.53300000,1664585547994,True,True
39267893,17.14000000,39.80000000,682.17200000,1664585547994,True,True
39267894,17.14000000,47.78000000,818.94920000,1664585547994,True,True
39267895,17.14000000,16.90000000,289.66600000,1664585547994,True,True
39267896,17.14000000,8.93000000,153.06020000,1664585547994,True,True
39267897,17.14000000,35.45000000,607.61300000,1664585548007,True,True
39267898,17.14000000,46.00000000,788.44000000,1664585548013,True,True
39267899,17.14000000,454.00000000,7781.56000000,1664585548013,True,True
39267900,17.14000000,37.07000000,635.37980000,1664585548014,True,True
39267901,17.14000000,140.00000000,2399.60000000,1664585548017,True,True
39267902,17.14000000,360.00000000,6170.40000000,1664585548020,True,True
39267903,17.14000000,100.00000000,1714.00000000,1664585548021,True,True
39267904,17.14000000,38.78000000,664.68920000,1664585548021,True,True
39267905,17.14000000,71.68000000,1228.59520000,1664585548025,True,True
39267906,17.14000000,15.54000000,266.35560000,1664585548032,True,True
39267907,17.14000000,27.44000000,470.32160000,1664585548049,True,True
39267908,17.15000000,2.91000000,49.90650000,1664585581777,False,True
39267909,17.15000000,32.62000000,559.43300000,1664585581777,False,True
39267910,17.15000000,35.53000000,609.33950000,1664585581783,False,True
39267911,17.15000000,84.20000000,1444.03000000,1664585581800,False,True
39267912,17.15000000,34.81000000,596.99150000,1664585581809,False,True
39267913,17.15000000,100.93000000,1730.94950000,1664585581823,False,True
39267914,17.15000000,115.93000000,1988.19950000,1664585581825,False,True
39267915,17.15000000,21.71000000,372.32650000,1664585581830,False,True
39267916,17.15000000,56.52000000,969.31800000,1664585581836,False,True
39267917,17.15000000,6.77000000,116.10550000,1664585581836,False,True
39267918,17.15000000,44.20000000,758.03000000,1664585581840,False,True
39267919,17.15000000,49.87000000,855.27050000,1664585581842,False,True
39267920,17.15000000,1.76000000,30.18400000,1664585581842,False,True
39267921,17.16000000,16.32000000,280.05120000,1664585581886,False,True
39267922,17.16000000,2.17000000,37.23720000,1664585607189,False,True
39267923,17.15000000,35.53000000,609.33950000,1664585611146,True,True
39267924,17.15000000,14.47000000,248.16050000,1664585611148,True,True
39267925,17.15000000,2.21000000,37.90150000,1664585626302,False,True
39267926,17.15000000,2.58000000,44.24700000,1664585633520,False,True
39267927,17.15000000,4.52000000,77.51800000,1664585639526,False,True
39267928,17.14000000,12.13000000,207.90820000,1664585659166,True,True
39267929,17.14000000,12.87000000,220.59180000,1664585659166,True,True
39267930,17.14000000,12.38000000,212.19320000,1664585701592,True,True
39267931,17.14000000,0.60000000,10.28400000,1664585701592,True,True
39267932,17.15000000,50.00000000,857.50000000,1664585747843,False,True
39267933,17.15000000,37.46000000,642.43900000,1664585747843,False,True
39267934,17.15000000,2.21000000,37.90150000,1664585821469,False,True
39267935,17.14000000,34.81000000,596.64340000,1664585859944,True,True
39267936,17.14000000,12.81000000,219.56340000,1664585867312,False,True
39267937,17.14000000,29.80000000,510.77200000,1664585880321,False,True
39267938,17.14000000,26.47000000,453.69580000,1664585880321,False,True
39267939,17.14000000,12.95000000,221.96300000,1664585880321,False,True
39267940,17.15000000,24.46000000,419.48900000,1664585881085,False,True
39267941,17.15000000,33.07000000,567.15050000,1664585881085,False,True
39267942,17.14000000,6.00000000,102.84000000,1664585902567,True,True
39267943,17.14000000,11.17000000,191.45380000,1664585951781,False,True
39267944,17.14000000,3.05000000,52.27700000,1664585951783,False,True
39267945,17.14000000,4.12000000,70.61680000,1664585951783,False,True
39267946,17.14000000,7.26000000,124.43640000,1664585951783,False,True
39267947,17.14000000,10.17000000,174.31380000,1664585951786,False,True
39267948,17.14000000,23.24000000,398.33360000,1664585951789,False,True
39267949,17.14000000,1.91000000,32.73740000,1664585989377,True,True
39267950,17.14000000,50.00000000,857.00000000,1664585992546,True,True
39267951,17.14000000,5.37000000,92.04180000,1664585992546,True,True
39267952,17.14000000,27.71000000,474.94940000,1664585992546,True,True
39267953,17.14000000,37.75000000,647.03500000,1664585992546,True,True
39267954,17.14000000,16.79000000,287.78060000,1664585992546,True,True
39267955,17.14000000,16.90000000,289.66600000,1664585992546,True,True
39267956,17.14000000,3.23000000,55.36220000,1664585992565,False,True
39267957,17.14000000,13.65000000,233.96100000,1664585992579,False,True
39267958,17.13000000,1.76000000,30.14880000,1664586004065,True,True
39267959,17.13000000,46.67000000,799.45710000,1664586005398,False,True
39267960,17.13000000,2.91000000,49.84830000,1664586147442,False,True
39267961,17.12000000,7.21000000,123.43520000,1664586154699,True,True
39267962,17.13000000,39.07000000,669.26910000,1664586172801,False,True
39267963,17.13000000,25.88000000,443.32440000,1664586172802,False,True
39267964,17.13000000,385.05000000,6595.90650000,1664586172820,False,True
39267965,17.13000000,50.00000000,856.50000000,1664586172820,False,True
39267966,17.14000000,0.58000000,9.94120000,1664586203840,False,True
39267967,17.14000000,2.98000000,51.07720000,1664586219050,False,True
39267968,17.13000000,11.21000000,192.02730000,1664586268702,True,True
39267969,17.13000000,16.90000000,289.49700000,1664586268702,True,True
39267970,17.13000000,12.31000000,210.87030000,1664586268781,False,True
39267971,17.13000000,10.84000000,185.68920000,1664586268825,False,True
39267972,17.13000000,16.68000000,285.72840000,1664586268868,False,True
39267973,17.14000000,12.51000000,214.42140000,1664586291453,True,True
39267974,17.14000000,2.00000000,34.28000000,1664586291453,True,True
39267975,17.14000000,12.87000000,220.59180000,1664586308254,True,True
39267976,17.14000000,26.20000000,449.06800000,1664586308254,True,True
39267977,17.14000000,23.80000000,407.93200000,1664586308271,True,True
39267978,17.14000000,13.02000000,223.16280000,1664586308271,True,True
39267979,17.14000000,7.71000000,132.14940000,1664586320668,False,True
39267980,17.13000000,29.17000000,499.68210000,1664586335405,False,True
39267981,17.13000000,1.61000000,27.57930000,1664586345579,False,True
39267982,17.13000000,8.01000000,137.21130000,1664586366893,False,True
39267983,17.13000000,27.84000000,476.89920000,1664586366893,False,True
39267984,17.13000000,28.42000000,486.83460000,1664586366906,False,True
39267985,17.13000000,6.48000000,111.00240000,1664586366906,False,True
39267986,17.13000000,12.16000000,208.30080000,1664586366926,False,True
39267987,17.13000000,27.00000000,462.51000000,1664586366930,False,True
39267988,17.13000000,17.30000000,296.34900000,1664586366930,False,True
39267989,17.13000000,6.18000000,105.86340000,1664586366936,False,True
39267990,17.13000000,15.56000000,266.54280000,1664586366938,False,True
39267991,17.13000000,16.86000000,288.81180000,1664586366938,False,True
39267992,17.13000000,26.94000000,461.48220000,1664586366938,False,True
39267993,17.13000000,38.31000000,656.25030000,1664586366938,False,True
39267994,17.14000000,11.34000000,194.36760000,1664586377507,False,True
39267995,17.14000000,5.35000000,91.69900000,1664586377509,False,True
39267996,17.14000000,60.00000000,1028.40000000,1664586377522,False,True
39267997,17.14000000,50.79000000,870.54060000,1664586377524,False,True
39267998,17.14000000,187.34000000,3211.00760000,1664586377525,False,True
39267999,17.14000000,120.00000000,2056.80000000,1664586377532,False,True
39268000,17.14000000,65.18000000,1117.18520000,1664586377534,False,True
39268001,17.14000000,87.58000000,1501.12120000,1664586395107,True,True
39268002,17.14000000,42.18000000,722.96520000,1664586395107,True,True
39268003,17.14000000,10.09000000,172.94260000,1664586395107,True,True
39268004,17.13000000,26.80000000,459.08400000,1664586404754,True,True
39268005,17.15000000,3.32000000,56.93800000,1664586437938,False,True
39268006,17.15000000,1.20000000,20.58000000,1664586504361,False,True
39268007,17.14000000,2.80000000,47.99200000,1664586570907,True,True
39268008,17.14000000,14.94000000,256.07160000,1664586620281,True,True
39268009,17.14000000,16.90000000,289.66600000,1664586620281,True,True
39268010,17.14000000,2.00000000,34.28000000,1664586620281,True,True
39268011,17.14000000,29.17000000,499.97380000,1664586620281,True,True
39268012,17.13000000,2.25000000,38.54250000,1664586681901,True,True
39268013,17.13000000,8.95000000,153.31350000,1664586717892,True,True
39268014,17.13000000,5.25000000,89.93250000,1664586717892,True,True
39268015,17.13000000,1.76000000,30.14880000,1664586717892,True,True
39268016,17.13000000,0.96000000,16.44480000,1664586719977,False,True
39268017,17.13000000,25.38000000,434.75940000,1664586722865,False,True
39268018,17.13000000,12.53000000,214.63890000,1664586722870,False,True
39268019,17.13000000,6.99000000,119.73870000,1664586722875,False,True
39268020,17.13000000,10.37000000,177.63810000,1664586722876,False,True
39268021,17.13000000,0.02000000,0.34260000,1664586722876,False,True
39268022,17.13000000,5.50000000,94.21500000,1664586722884,False,True
39268023,17.14000000,18.70000000,320.51800000,1664586737223,False,True
39268024,17.15000000,15.53000000,266.33950000,1664586737289,False,True
39268025,17.14000000,11.21000000,192.13940000,1664586743270,True,True
39268026,17.14000000,26.64000000,456.60960000,1664586743281,True,True
39268027,17.15000000,2.30000000,39.44500000,1664586786589,False,True
39268028,17.15000000,1.76000000,30.18400000,1664586786589,False,True
39268029,17.15000000,0.60000000,10.29000000,1664586787151,True,True
39268030,17.15000000,20.40000000,349.86000000,1664586802198,False,True
39268031,17.15000000,28.63000000,491.00450000,1664586836154,False,True
39268032,17.15000000,12.19000000,209.05850000,1664586836166,False,True
39268033,17.15000000,36.64000000,628.37600000,1664586836170,False,True
39268034,17.16000000,31.51000000,540.71160000,1664586852913,False,True
39268035,17.16000000,1.29000000,22.13640000,1664586852913,False,True
39268036,17.16000000,12.95000000,222.22200000,1664586852913,False,True
39268037,17.16000000,17.25000000,296.01000000,1664586852913,False,True
39268038,17.16000000,5.75000000,98.67000000,1664586903041,False,True
39268039,17.16000000,11.28000000,193.56480000,1664586903043,False,True
39268040,17.16000000,2.66000000,45.64560000,1664586903043,False,True
39268041,17.16000000,4.84000000,83.05440000,1664586903046,False,True
39268042,17.16000000,9.09000000,155.98440000,1664586903048,False,True
39268043,17.16000000,8.65000000,148.43400000,1664586903057,False,True
39268044,17.16000000,7.07000000,121.32120000,1664586903061,False,True
39268045,17.16000000,12.55000000,215.35800000,1664586903062,False,True
39268046,17.16000000,3.97000000,68.12520000,1664586903072,False,True
39268047,17.16000000,9.47000000,162.50520000,1664586903072,False,True
39268048,17.16000000,1.76000000,30.20160000,1664586903072,False,True
39268049,17.16000000,28.27000000,485.11320000,1664586903072,False,True
39268050,17.16000000,3.22000000,55.25520000,1664586903078,False,True
39268051,17.17000000,13.98000000,240.03660000,1664586903212,False,True
39268052,17.17000000,10.17000000,174.61890000,1664586904456,False,True
39268053,17.17000000,1.29000000,22.14930000,1664586904456,False,True
39268054,17.17000000,1.28000000,21.97760000,1664586904456,False,True
39268055,17.17000000,1.21000000,20.77570000,1664586904456,False,True
39268056,17.17000000,1.29000000,22.14930000,1664586904456,False,True
39268057,17.17000000,1.62000000,27.81540000,1664586904465,False,True
39268058,17.17000000,1.32000000,22.66440000,1664586904465,False,True
39268059,17.17000000,3.05000000,52.36850000,1664586904956,False,True
39268060,17.17000000,2.85000000,48.93450000,1664586904966,False,True
39268061,17.17000000,4.78000000,82.07260000,1664586905138,False,True
39268062,17.17000000,10.00000000,171.70000000,1664586905138,False,True
39268063,17.17000000,2.91000000,49.96470000,1664586905138,False,True
39268064,17.17000000,1.08000000,18.54360000,1664586905138,False,True
39268065,17.18000000,0.62000000,10.65160000,1664586905464,False,True
39268066,17.18000000,4.16000000,71.46880000,1664586905978,False,True
39268067,17.18000000,4.14000000,71.12520000,1664586906000,False,True
39268068,17.18000000,0.98000000,16.83640000,1664586907044,False,True
39268069,17.18000000,3.70000000,63.56600000,1664586907044,False,True
39268070,17.18000000,2.11000000,36.24980000,1664586907047,False,True
39268071,17.18000000,2.21000000,37.96780000,1664586907255,True,True
39268072,17.18000000,2.21000000,37.96780000,1664586910013,True,True
39268073,17.18000000,32.44000000,557.31920000,1664586911388,True,True
39268074,17.18000000,40.57000000,696.99260000,1664586911388,True,True
39268075,17.18000000,22.85000000,392.56300000,1664586911388,True,True
39268076,17.18000000,35.98000000,618.13640000,1664586911388,True,True
39268077,17.18000000,48.06000000,825.67080000,1664586911388,True,True
39268078,17.18000000,62.24000000,1069.28320000,1664586911405,True,True
39268079,17.18000000,11.65000000,200.14700000,1664586911421,True,True
39268080,17.17000000,0.58000000,9.95860000,1664586913780,True,True
39268081,17.18000000,0.87000000,14.94660000,1664586919024,False,True
39268082,17.18000000,23.34000000,400.98120000,1664586959795,False,True
39268083,17.18000000,15.71000000,269.89780000,1664586959825,False,True
39268084,17.18000000,7.63000000,131.08340000,1664586960662,False,True
39268085,17.18000000,23.34000000,400.98120000,1664586960662,False,True
39268086,17.18000000,23.34000000,400.98120000,1664586960662,False,True
39268087,17.18000000,0.51000000,8.76180000,1664586960662,False,True
39268088,17.18000000,7.63000000,131.08340000,1664586960673,False,True
39268089,17.18000000,6.20000000,106.51600000,1664586964489,False,True
39268090,17.18000000,9.00000000,154.62000000,1664586965167,False,True
39268091,17.18000000,7.46000000,128.16280000,1664586979242,True,True
39268092,17.18000000,2.21000000,37.96780000,1664586988668,True,True
39268093,17.19000000,2.77000000,47.61630000,1664587017812,False,True
39268094,17.19000000,0.60000000,10.31400000,1664587058512,False,True
39268095,17.18000000,27.01000000,464.03180000,1664587090267,True,True
39268096,17.18000000,54.22000000,931.49960000,1664587090267,True,True
39268097,17.18000000,4.63000000,79.54340000,1664587090860,True,True
39268098,17.18000000,4.37000000,75.07660000,1664587090860,True,True
39268099,17.18000000,10.73000000,184.34140000,1664587090865,True,True
39268100,17.18000000,60.60000000,1041.10800000,1664587138962,False,True
39268101,17.18000000,2.21000000,37.96780000,1664587156119,True,True
39268102,17.18000000,2.74000000,47.07320000,1664587158147,True,True
39268103,17.18000000,87.58000000,1504.62440000,1664587158692,True,True
39268104,17.18000000,10.03000000,172.31540000,1664587179150,False,True
39268105,17.18000000,9.79000000,168.19220000,1664587179159,False,True
39268106,17.18000000,29.10000000,499.93800000,1664587188774,False,True
39268107,17.18000000,1.74000000,29.89320000,1664587201373,False,True
39268108,17.19000000,1.39000000,23.89410000,1664587259890,False,True
39268109,17.19000000,1.47000000,25.26930000,1664587259964,False,True
39268110,17.18000000,0.62000000,10.65160000,1664587268380,True,True
39268111,17.19000000,0.69000000,11.86110000,1664587283498,False,True
39268112,17.19000000,1.29000000,22.17510000,1664587283498,False,True
39268113,17.19000000,3.84000000,66.00960000,1664587283498,False,True
39268114,17.19000000,2.77000000,47.61630000,1664587289629,False,True
39268115,17.18000000,58.79000000,1010.01220000,1664587292314,True,True
39268116,17.18000000,111.79000000,1920.55220000,1664587292314,True,True
39268117,17.18000000,2.17000000,37.28060000,1664587292411,True,True
39268118,17.18000000,2.17000000,37.28060000,1664587292411,True,True
39268119,17.18000000,2.17000000,37.28060000,1664587292411,True,True
39268120,17.18000000,2.17000000,37.28060000,1664587292413,True,True
39268121,17.18000000,2.12000000,36.42160000,1664587292420,True,True
39268122,17.18000000,2.12000000,36.42160000,1664587292422,True,True
39268123,17.18000000,2.12000000,36.42160000,1664587292422,True,True
39268124,17.18000000,2.12000000,36.42160000,1664587292424,True,True
39268125,17.18000000,7.04000000,120.94720000,1664587303338,True,True
39268126,17.18000000,6.42000000,110.29560000,1664587303443,True,True
39268127,17.18000000,6.37000000,109.43660000,1664587303664,True,True
39268128,17.18000000,5.80000000,99.64400000,1664587303761,True,True
39268129,17.18000000,4.95000000,85.04100000,1664587303809,True,True
39268130,17.19000000,0.86000000,14.78340000,1664587310915,False,True
39268131,17.19000000,40.80000000,701.35200000,1664587310915,False,True
39268132,17.19000000,16.41000000,282.08790000,1664587310938,False,True
39268133,17.19000000,3.39000000,58.27410000,1664587310946,False,True
39268134,17.19000000,1.76000000,30.25440000,1664587310946,False,True
39268135,17.19000000,0.91000000,15.64290000,1664587310946,False,True
39268136,17.19000000,7.27000000,124.97130000,1664587310969,False,True
39268137,17.19000000,2.59000000,44.52210000,1664587319413,True,True
39268138,17.19000000,0.60000000,10.31400000,1664587330214,True,True
39268139,17.19000000,43.68000000,750.85920000,1664587333551,True,True
39268140,17.19000000,13.73000000,236.01870000,1664587352799,True,True
39268141,17.19000000,44.34000000,762.20460000,1664587352799,True,True
39268142,17.19000000,3.40000000,58.44600000,1664587352819,True,True
39268143,17.18000000,11.65000000,200.14700000,1664587373432,True,True
39268144,17.18000000,2.87000000,49.30660000,1664587401454,True,True
39268145,17.19000000,53.37000000,917.43030000,1664587416813,False,True
39268146,17.19000000,5.97000000,102.62430000,1664587416815,False,True
39268147,17.19000000,5.81000000,99.87390000,1664587416817,False,True
39268148,17.19000000,11.65000000,200.26350000,1664587416818,False,True
39268149,17.19000000,5.73000000,98.49870000,1664587416819,False,True
39268150,17.19000000,5.05000000,86.80950000,1664587416827,False,True
39268151,17.20000000,0.62000000,10.66400000,1664587417435,False,True
39268152,17.20000000,0.66000000,11.35200000,1664587429186,False,True
39268153,17.20000000,1.29000000,22.18800000,1664587429186,False,True
39268154,17.20000000,0.91000000,15.65200000,1664587429186,False,True
39268155,17.20000000,1.88000000,32.33600000,1664587433486,False,True
39268156,17.19000000,2.86000000,49.16340000,1664587434280,True,True
39268157,17.20000000,7.31000000,125.73200000,1664587460764,False,True
39268158,17.20000000,2.85000000,49.02000000,1664587477120,False,True
39268159,17.19000000,2.85000000,48.99150000,1664587486209,True,True
39268160,17.20000000,2.85000000,49.02000000,1664587492604,False,True
39268161,17.20000000,2.21000000,38.01200000,1664587495685,False,True
39268162,17.20000000,32.47000000,558.48400000,1664587530198,False,True
39268163,17.20000000,50.51000000,868.77200000,1664587530218,False,True
39268164,17.20000000,99.92000000,1718.62400000,1664587530229,False,True
39268165,17.20000000,11.08000000,190.57600000,1664587530229,False,True
39268166,17.20000000,38.15000000,656.18000000,1664587530229,False,True
39268167,17.20000000,7.26000000,124.87200000,1664587534522,False,True
39268168,17.20000000,32.37000000,556.76400000,1664587534541,False,True
39268169,17.20000000,43.89000000,754.90800000,1664587534542,False,True
39268170,17.20000000,40.36000000,694.19200000,1664587534546,False,True
39268171,17.20000000,32.16000000,553.15200000,1664587534546,False,True
39268172,17.21000000,0.65000000,11.18650000,1664587535269,False,True
39268173,17.20000000,11.62000000,199.86400000,1664587567720,True,True
39268174,17.20000000,4.05000000,69.66000000,1664587567720,True,True
39268175,17.20000000,57.85000000,995.02000000,1664587576605,True,True
39268176,17.20000000,0.43000000,7.39600000,1664587576605,True,True
39268177,17.20000000,9.13000000,157.03600000,1664587651759,True,True
39268178,17.20000000,117.49000000,2020.82800000,1664587666887,True,True
39268179,17.20000000,95.27000000,1638.64400000,1664587666893,True,True
39268180,17.20000000,40.14000000,690.40800000,1664587666893,True,True
39268181,17.20000000,1.38000000,23.73600000,1664587676552,False,True
39268182,17.21000000,0.64000000,11.01440000,1664587676573,False,True
39268183,17.21000000,1.21000000,20.82410000,1664587676573,False,True
39268184,17.21000000,2.95000000,50.76950000,1664587676573,False,True
39268185,17.21000000,29.91000000,514.75110000,1664587676573,False,True
39268186,17.21000000,94.62000000,1628.41020000,1664587676573,False,True
39268187,17.21000000,79.43000000,1366.99030000,1664587676581,False,True
39268188,17.21000000,50.00000000,860.50000000,1664587676581,False,True
39268189,17.21000000,1.76000000,30.28960000,1664587676581,False,True
39268190,17.21000000,50.00000000,860.50000000,1664587676581,False,True
39268191,17.21000000,88.00000000,1514.48000000,1664587676581,False,True
39268192,17.21000000,16.72000000,287.75120000,1664587676581,False,True
39268193,17.21000000,80.82000000,1390.91220000,1664587676581,False,True
39268194,17.21000000,2.16000000,37.17360000,1664587676735,True,True
39268195,17.21000000,2.83000000,48.70430000,1664587703836,True,True
39268196,17.21000000,28.05000000,482.74050000,1664587715147,True,True
39268197,17.21000000,16.96000000,291.88160000,1664587715149,True,True
39268198,17.21000000,6.60000000,113.58600000,1664587715149,True,True
39268199,17.21000000,22.43000000,386.02030000,1664587715149,True,True
39268200,17.21000000,50.00000000,860.50000000,1664587715149,True,True
39268201,17.21000000,17.71000000,304.78910000,1664587715149,True,True
39268202,17.20000000,5.32000000,91.50400000,1664587804771,False,True
39268203,17.20000000,34.41000000,591.85200000,1664587805176,True,True
39268204,17.20000000,12.26000000,210.87200000,1664587805176,True,True
39268205,17.21000000,1.71000000,29.42910000,1664587806276,True,True
39268206,17.21000000,26.50000000,456.06500000,1664587812116,True,True
39268207,17.21000000,10.82000000,186.21220000,1664587812116,True,True
39268208,17.21000000,40.28000000,693.21880000,1664587812116,True,True
39268209,17.21000000,9.72000000,167.28120000,1664587812122,True,True
39268210,17.21000000,81.21000000,1397.62410000,1664587812122,True,True
39268211,17.21000000,109.95000000,1892.23950000,1664587812122,True,True
39268212,17.21000000,16.90000000,290.84900000,1664587812122,True,True
39268213,17.21000000,0.63000000,10.84230000,1664587812122,True,True
39268214,17.21000000,14.94000000,257.11740000,1664587831144,False,True
39268215,17.20000000,2.21000000,38.01200000,1664587893076,False,True
39268216,17.19000000,12.96000000,222.78240000,1664587902408,True,True
39268217,17.19000000,37.04000000,636.71760000,1664587934921,True,True
39268218,17.19000000,28.79000000,494.90010000,1664587934921,True,True
39268219,17.19000000,22.43000000,385.57170000,1664587934921,True,True
39268220,17.19000000,33.15000000,569.84850000,1664587934921,True,True
39268221,17.19000000,42.68000000,733.66920000,1664587934921,True,True
39268222,17.19000000,81.16000000,1395.14040000,1664587940111,True,True
39268223,17.19000000,1.76000000,30.25440000,1664587940111,True,True
39268224,17.19000000,75.32000000,1294.75080000,1664587940111,True,True
39268225,17.19000000,1.45000000,24.92550000,1664587940619,False,True
39268226,17.19000000,35.51000000,610.41690000,1664587945846,False,True
39268227,17.19000000,13.04000000,224.15760000,1664587945849,False,True
39268228,17.19000000,15.93000000,273.83670000,1664587945849,False,True
39268229,17.19000000,16.45000000,282.77550000,1664587945849,False,True
39268230,17.19000000,9.14000000,157.11660000,1664587945850,False,True
39268231,17.19000000,8.24000000,141.64560000,1664587945850,False,True
39268232,17.19000000,0.24000000,4.12560000,1664587945852,False,True
39268233,17.20000000,9.16000000,157.55200000,1664587945852,False,True
39268234,17.20000000,6.80000000,116.96000000,1664587945857,False,True
39268235,17.20000000,2.76000000,47.47200000,1664587959052,False,True
39268236,17.19000000,50.00000000,859.50000000,1664587981046,True,True
39268237,17.19000000,44.05000000,757.21950000,1664587981046,True,True
39268238,17.19000000,5.95000000,102.28050000,1664587981048,True,True
39268239,17.19000000,10.92000000,187.71480000,1664588013278,False,True
39268240,17.18000000,0.63000000,10.82340000,1664588055634,True,True
39268241,17.18000000,0.63000000,10.82340000,1664588055634,True,True
39268242,17.18000000,4.51000000,77.48180000,1664588059369,True,True
39268243,17.18000000,50.41000000,866.04380000,1664588059432,True,True
39268244,17.19000000,1.11000000,19.08090000,1664588064626,False,True
39268245,17.18000000,67.59000000,1161.19620000,1664588066969,True,True
39268246,17.18000000,33.77000000,580.16860000,1664588072686,True,True
39268247,17.18000000,4.51000000,77.48180000,1664588082860,True,True
39268248,17.18000000,4.51000000,77.48180000,1664588082921,True,True
39268249,17.18000000,36.31000000,623.80580000,1664588084168,True,True
39268250,17.18000000,4.51000000,77.48180000,1664588086762,True,True
39268251,17.19000000,7.47000000,128.40930000,1664588088912,False,True
39268252,17.19000000,29.53000000,507.62070000,1664588088912,False,True
39268253,17.19000000,7.92000000,136.14480000,1664588089378,False,True
39268254,17.19000000,13.06000000,224.50140000,1664588089416,False,True
39268255,17.20000000,1.94000000,33.36800000,1664588138267,False,True
39268256,17.20000000,0.17000000,2.92400000,1664588138351,False,True
39268257,17.21000000,15.69000000,270.02490000,1664588138514,False,True
39268258,17.20000000,50.00000000,860.00000000,1664588143545,True,True
39268259,17.20000000,50.00000000,860.00000000,1664588143545,True,True
39268260,17.20000000,7.11000000,122.29200000,1664588143545,True,True
39268261,17.20000000,71.73000000,1233.75600000,1664588143553,True,True
39268262,17.20000000,9.16000000,157.55200000,1664588143555,True,True
39268263,17.20000000,50.00000000,860.00000000,1664588143561,True,True
39268264,17.20000000,26.80000000,460.96000000,1664588161812,False,True
39268265,17.20000000,58.05000000,998.46000000,1664588161812,False,True
39268266,17.20000000,9.49000000,163.22800000,1664588161812,False,True
39268267,17.20000000,0.63000000,10.83600000,1664588226839,False,True
39268268,17.19000000,29.54000000,507.79260000,1664588232781,True,True
39268269,17.19000000,9.47000000,162.78930000,1664588232781,True,True
39268270,17.19000000,13.10000000,225.18900000,1664588232781,True,True
39268271,17.19000000,19.06000000,327.64140000,1664588232781,True,True
39268272,17.19000000,29.55000000,507.96450000,1664588276872,False,True
39268273,17.19000000,9.73000000,167.25870000,1664588276872,False,True
39268274,17.19000000,10.00000000,171.90000000,1664588335702,False,True
39268275,17.18000000,37.00000000,635.66000000,1664588341532,True,True
39268276,17.18000000,20.68000000,355.28240000,1664588341618,True,True
39268277,17.18000000,61.70000000,1060.00600000,1664588341622,True,True
39268278,17.18000000,49.02000000,842.16360000,1664588341622,True,True
39268279,17.18000000,1.94000000,33.32920000,1664588341624,True,True
39268280,17.18000000,16.14000000,277.28520000,1664588341666,True,True
39268281,17.18000000,84.00000000,1443.12000000,1664588341668,True,True
39268282,17.18000000,5.98000000,102.73640000,1664588341714,True,True
39268283,17.18000000,17.28000000,296.87040000,1664588341723,True,True
39268284,17.18000000,244.48000000,4200.16640000,1664588341723,True,True
39268285,17.18000000,2.91000000,49.99380000,1664588341825,True,True
39268286,17.18000000,1.11000000,19.06980000,1664588341829,True,True
39268287,17.18000000,0.62000000,10.65160000,1664588341830,True,True
39268288,17.18000000,4.09000000,70.26620000,1664588341848,True,True
39268289,17.18000000,1.63000000,28.00340000,1664588341872,True,True
39268290,17.18000000,4.57000000,78.51260000,1664588341882,True,True
39268291,17.18000000,14.94000000,256.66920000,1664588341883,True,True
39268292,17.18000000,2.68000000,46.04240000,1664588341894,True,True
39268293,17.18000000,174.26000000,2993.78680000,1664588341899,True,True
39268294,17.18000000,15.72000000,270.06960000,1664588341899,True,True
39268295,17.18000000,1.76000000,30.23680000,1664588341899,True,True
39268296,17.17000000,21.64000000,371.55880000,1664588349506,True,True
39268297,17.17000000,1.29000000,22.14930000,1664588349506,True,True
39268298,17.17000000,4.20000000,72.11400000,1664588349506,True,True
39268299,17.17000000,2.71000000,46.53070000,1664588349506,True,True
39268300,17.17000000,1.00000000,17.17000000,1664588436395,True,True
39268301,17.17000000,87.59000000,1503.92030000,1664588436395,True,True
39268302,17.17000000,29.10000000,499.64700000,1664588436395,True,True
39268303,17.17000000,5.38000000,92.37460000,1664588436395,True,True
39268304,17.17000000,36.54000000,627.39180000,1664588530232,False,True
39268305,17.17000000,13.39000000,229.90630000,1664588530237,False,True
39268306,17.17000000,16.93000000,290.68810000,1664588530254,False,True
39268307,17.17000000,29.00000000,497.93000000,1664588570279,True,True
39268308,17.18000000,1.73000000,29.72140000,1664588607104,False,True
39268309,17.18000000,2.21000000,37.96780000,1664588642134,False,True
39268310,17.18000000,2.21000000,37.96780000,1664588655763,False,True
39268311,17.18000000,5.97000000,102.56460000,1664588677139,False,True
39268312,17.18000000,1.00000000,17.18000000,1664588679072,False,True
39268313,17.18000000,6.56000000,112.70080000,1664588696287,False,True
39268314,17.18000000,11.28000000,193.79040000,1664588720939,False,True
39268315,17.18000000,1.73000000,29.72140000,1664588721470,False,True
39268316,17.18000000,0.88000000,15.11840000,1664588724139,False,True
39268317,17.18000000,1.33000000,22.84940000,1664588726439,False,True
39268318,17.18000000,1.36000000,23.36480000,1664588726539,False,True
39268319,17.18000000,12.88000000,221.27840000,1664588730368,False,True
39268320,17.18000000,0.58000000,9.96440000,1664588730547,False,True
39268321,17.18000000,0.30000000,5.15400000,1664588730547,False,True
39268322,17.18000000,49.70000000,853.84600000,1664588730891,False,True
39268323,17.19000000,1.80000000,30.94200000,1664588735403,False,True
39268324,17.18000000,2.84000000,48.79120000,1664588737730,True,True
39268325,17.19000000,11.81000000,203.01390000,1664588760908,False,True
39268326,17.19000000,5.11000000,87.84090000,1664588760922,False,True
39268327,17.19000000,2.21000000,37.98990000,1664588853650,False,True
39268328,17.19000000,5.27000000,90.59130000,1664588881641,False,True
39268329,17.19000000,32.61000000,560.56590000,1664588881641,False,True
39268330,17.19000000,1.76000000,30.25440000,1664588881738,False,True
39268331,17.19000000,3.32000000,57.07080000,1664588883271,True,True
39268332,17.19000000,17.02000000,292.57380000,1664588888492,True,True
39268333,17.19000000,33.50000000,575.86500000,1664588888584,False,True
39268334,17.18000000,30.34000000,521.24120000,1664588959852,True,True
39268335,17.18000000,5.88000000,101.01840000,1664588959852,True,True
39268336,17.19000000,11.63000000,199.91970000,1664589000268,False,True
39268337,17.19000000,10.93000000,187.88670000,1664589042902,False,True
39268338,17.19000000,4.16000000,71.51040000,1664589042905,False,True
39268339,17.19000000,31.39000000,539.59410000,1664589042905,False,True
39268340,17.19000000,7.76000000,133.39440000,1664589042906,False,True
39268341,17.20000000,4.84000000,83.24800000,1664589043019,False,True
39268342,17.20000000,9.11000000,156.69200000,1664589043019,False,True
39268343,17.19000000,66.33000000,1140.21270000,1664589048658,True,True
39268344,17.19000000,8.86000000,152.30340000,1664589048672,True,True
39268345,17.19000000,1.11000000,19.08090000,1664589048672,True,True
39268346,17.19000000,6.79000000,116.72010000,1664589081702,False,True
39268347,17.19000000,4.51000000,77.52690000,1664589105558,False,True
39268348,17.19000000,8.59000000,147.66210000,1664589105593,False,True
39268349,17.19000000,1.73000000,29.73870000,1664589106142,False,True
39268350,17.19000000,1.33000000,22.86270000,1664589108731,False,True
39268351,17.19000000,2.21000000,37.98990000,1664589112655,False,True
39268352,17.19000000,12.43000000,213.67170000,1664589115968,False,True
39268353,17.19000000,1.28000000,22.00320000,1664589115968,False,True
39268354,17.19000000,23.87000000,410.32530000,1664589126791,False,True
39268355,17.19000000,7.34000000,126.17460000,1664589126791,False,True
39268356,17.19000000,23.96000000,411.87240000,1664589127098,False,True
39268357,17.20000000,0.82000000,14.10400000,1664589127098,False,True
39268358,17.20000000,40.07000000,689.20400000,1664589127637,False,True
39268359,17.20000000,10.00000000,172.00000000,1664589127637,False,True
39268360,17.20000000,2.90000000,49.88000000,1664589127637,False,True
39268361,17.20000000,5.03000000,86.51600000,1664589127637,False,True
39268362,17.19000000,1.93000000,33.17670000,1664589144223,True,True
39268363,17.20000000,103.32000000,1777.10400000,1664589181831,False,True
39268364,17.20000000,1.76000000,30.27200000,1664589194925,True,True
39268365,17.19000000,31.22000000,536.67180000,1664589194925,True,True
39268366,17.19000000,16.62000000,285.69780000,1664589194925,True,True
39268367,17.20000000,2.21000000,38.01200000,1664589220299,False,True
39268368,17.20000000,33.13000000,569.83600000,1664589223177,False,True
39268369,17.20000000,12.40000000,213.28000000,1664589224765,False,True
39268370,17.20000000,2.26000000,38.87200000,1664589225134,False,True
39268371,17.21000000,50.00000000,860.50000000,1664589225213,False,True
39268372,17.21000000,1.29000000,22.20090000,1664589225213,False,True
39268373,17.21000000,50.00000000,860.50000000,1664589225213,False,True
39268374,17.21000000,60.21000000,1036.21410000,1664589225213,False,True
39268375,17.21000000,5.69000000,97.92490000,1664589225213,False,True
39268376,17.21000000,64.11000000,1103.33310000,1664589225213,False,True
39268377,17.21000000,17.78000000,305.99380000,1664589226262,False,True
39268378,17.21000000,9.48000000,163.15080000,1664589226262,False,True
39268379,17.21000000,1.97000000,33.90370000,1664589226262,False,True
39268380,17.21000000,4.51000000,77.61710000,1664589227001,False,True
39268381,17.21000000,43.52000000,748.97920000,1664589241795,False,True
39268382,17.21000000,8.01000000,137.85210000,1664589241795,False,True
39268383,17.21000000,14.50000000,249.54500000,1664589241861,False,True
39268384,17.21000000,17.37000000,298.93770000,1664589241861,False,True
39268385,17.21000000,17.10000000,294.29100000,1664589241861,False,True
39268386,17.21000000,2.21000000,38.03410000,1664589260011,False,True
39268387,17.21000000,11.89000000,204.62690000,1664589261154,False,True
39268388,17.21000000,3.47000000,59.71870000,1664589261160,False,True
39268389,17.22000000,1.29000000,22.21380000,1664589261215,False,True
39268390,17.22000000,1.28000000,22.04160000,1664589261215,False,True
39268391,17.22000000,0.69000000,11.88180000,1664589261215,False,True
39268392,17.22000000,10.68000000,183.90960000,1664589261215,False,True
39268393,17.21000000,29.23000000,503.04830000,1664589289430,True,True
39268394,17.21000000,4.51000000,77.61710000,1664589293898,True,True
39268395,17.21000000,12.65000000,217.70650000,1664589296462,True,True
39268396,17.21000000,11.47000000,197.39870000,1664589296691,True,True
39268397,17.21000000,6.42000000,110.48820000,1664589296765,True,True
39268398,17.21000000,2.21000000,38.03410000,1664589304676,True,True
39268399,17.21000000,2.53000000,43.54130000,1664589304948,True,True
39268400,17.21000000,7.88000000,135.61480000,1664589304948,True,True
39268401,17.21000000,4.51000000,77.61710000,1664589305629,True,True
39268402,17.21000000,58.22000000,1001.96620000,1664589305694,True,True
39268403,17.20000000,4.51000000,77.57200000,1664589305736,True,True
39268404,17.21000000,16.39000000,282.07190000,1664589338512,False,True
39268405,17.21000000,48.40000000,832.96400000,1664589338512,False,True
39268406,17.21000000,22.20000000,382.06200000,1664589338756,False,True
39268407,17.21000000,44.80000000,771.00800000,1664589338756,False,True
39268408,17.21000000,67.00000000,1153.07000000,1664589338867,False,True
39268409,17.21000000,33.50000000,576.53500000,1664589338934,False,True
39268410,17.21000000,33.50000000,576.53500000,1664589338992,False,True
39268411,17.21000000,67.00000000,1153.07000000,1664589339347,False,True
39268412,17.21000000,33.50000000,576.53500000,1664589339610,False,True
39268413,17.21000000,33.50000000,576.53500000,1664589339670,False,True
39268414,17.21000000,15.41000000,265.20610000,1664589340546,False,True
39268415,17.21000000,1.79000000,30.80590000,1664589340581,False,True
39268416,17.21000000,13.87000000,238.70270000,1664589340651,False,True
39268417,17.21000000,8.20000000,141.12200000,1664589365825,False,True
39268418,17.21000000,4.51000000,77.61710000,1664589365894,False,True
39268419,17.21000000,31.21000000,537.12410000,1664589371147,False,True
39268420,17.21000000,16.64000000,286.37440000,1664589371155,False,True
39268421,17.21000000,8.56000000,147.31760000,1664589371194,False,True
39268422,17.21000000,11.77000000,202.56170000,1664589371195,False,True
39268423,17.21000000,67.00000000,1153.07000000,1664589371372,False,True
39268424,17.21000000,25.90000000,445.73900000,1664589371593,False,True
39268425,17.21000000,3.10000000,53.35100000,1664589371682,False,True
39268426,17.21000000,38.63000000,664.82230000,1664589371795,False,True
39268427,17.21000000,45.12000000,776.51520000,1664589371960,False,True
39268428,17.21000000,29.00000000,499.09000000,1664589371997,False,True
39268429,17.21000000,2.16000000,37.17360000,1664589372084,False,True
39268430,17.21000000,45.12000000,776.51520000,1664589372125,False,True
39268431,17.21000000,1.79000000,30.80590000,1664589372199,False,True
39268432,17.21000000,1.80000000,30.97800000,1664589372753,False,True
39268433,17.21000000,23.25000000,400.13250000,1664589372815,False,True
39268434,17.21000000,5.70000000,98.09700000,1664589372829,False,True
39268435,17.21000000,4.51000000,77.61710000,1664589372876,False,True
39268436,17.21000000,45.12000000,776.51520000,1664589372904,False,True
39268437,17.21000000,24.49000000,421.47290000,1664589372937,False,True
39268438,17.21000000,10.45000000,179.84450000,1664589372949,False,True
39268439,17.21000000,6.23000000,107.21830000,1664589372951,False,True
39268440,17.21000000,9.34000000,160.74140000,1664589373032,False,True
39268441,17.21000000,10.47000000,180.18870000,1664589373032,False,True
39268442,17.21000000,225.66000000,3883.60860000,1664589373150,False,True
39268443,17.21000000,184.15000000,3169.22150000,1664589373163,False,True
39268444,17.21000000,10.25000000,176.40250000,1664589373166,False,True
39268445,17.21000000,6.86000000,118.06060000,1664589376512,True,True
39268446,17.21000000,26.04000000,448.14840000,1664589376512,True,True
39268447,17.22000000,39.32000000,677.09040000,1664589395813,False,True
39268448,17.22000000,3.17000000,54.58740000,1664589395813,False,True
39268449,17.22000000,3.96000000,68.19120000,1664589395813,False,True
39268450,17.22000000,1.57000000,27.03540000,1664589496913,False,True
39268451,17.22000000,5.52000000,95.05440000,1664589541893,False,True
39268452,17.22000000,85.68000000,1475.40960000,1664589550494,False,True
39268453,17.22000000,342.39000000,5895.95580000,1664589550496,False,True
39268454,17.22000000,7.64000000,131.56080000,1664589550496,False,True
39268455,17.23000000,0.98000000,16.88540000,1664589550518,False,True
39268456,17.23000000,1.21000000,20.84830000,1664589550518,False,True
39268457,17.23000000,0.61000000,10.51030000,1664589550518,False,True
39268458,17.23000000,3.25000000,55.99750000,1664589550518,False,True
39268459,17.23000000,8.46000000,145.76580000,1664589550518,False,True
39268460,17.23000000,26.22000000,451.77060000,1664589553042,False,True
39268461,17.23000000,15.32000000,263.96360000,1664589553051,False,True
39268462,17.23000000,68.40000000,1178.53200000,1664589553051,False,True
39268463,17.23000000,10.00000000,172.30000000,1664589553051,False,True
39268464,17.23000000,1.76000000,30.32480000,1664589553051,False,True
39268465,17.23000000,6.23000000,107.34290000,1664589553062,True,True
39268466,17.23000000,4.82000000,83.04860000,1664589568911,True,True
39268467,17.23000000,6.80000000,117.16400000,1664589568911,True,True
39268468,17.23000000,2.21000000,38.07830000,1664589580932,True,True
39268469,17.24000000,1.28000000,22.06720000,1664589601517,False,True
39268470,17.24000000,1.04000000,17.92960000,1664589601517,False,True
39268471,17.24000000,0.72000000,12.41280000,1664589601517,False,True
39268472,17.24000000,1.11000000,19.13640000,1664589601517,False,True
39268473,17.24000000,6.57000000,113.26680000,1664589601517,False,True
39268474,17.24000000,7.26000000,125.16240000,1664589601517,False,True
39268475,17.24000000,0.69000000,11.89560000,1664589601517,False,True
39268476,17.24000000,0.40000000,6.89600000,1664589601517,False,True
39268477,17.24000000,0.89000000,15.34360000,1664589601521,False,True
39268478,17.24000000,1.25000000,21.55000000,1664589601521,False,True
39268479,17.24000000,0.60000000,10.34400000,1664589601521,False,True
39268480,17.24000000,15.88000000,273.77120000,1664589601521,False,True
39268481,17.24000000,27.29000000,470.47960000,1664589601523,False,True
39268482,17.24000000,6.83000000,117.74920000,1664589601524,False,True
39268483,17.24000000,1.76000000,30.34240000,1664589601524,False,True
39268484,17.24000000,0.20000000,3.44800000,1664589601524,False,True
39268485,17.24000000,0.91000000,15.68840000,1664589601524,False,True
39268486,17.24000000,12.34000000,212.74160000,1664589601524,False,True
39268487,17.24000000,12.22000000,210.67280000,1664589601524,False,True
39268488,17.24000000,10.68000000,184.12320000,1664589601528,False,True
39268489,17.24000000,39.32000000,677.87680000,1664589601528,False,True
39268490,17.24000000,44.68000000,770.28320000,1664589601528,False,True
39268491,17.24000000,5.11000000,88.09640000,1664589601533,False,True
39268492,17.24000000,3.78000000,65.16720000,1664589601533,False,True
39268493,17.24000000,34.43000000,593.57320000,1664589601535,False,True
39268494,17.24000000,16.90000000,291.35600000,1664589601535,False,True
39268495,17.24000000,23.25000000,400.83000000,1664589601535,False,True
39268496,17.24000000,23.25000000,400.83000000,1664589601535,False,True
39268497,17.24000000,23.25000000,400.83000000,1664589601535,False,True
39268498,17.24000000,23.25000000,400.83000000,1664589601535,False,True
39268499,17.24000000,23.22000000,400.31280000,1664589601535,False,True
39268500,17.25000000,0.61000000,10.52250000,1664589601543,False,True
39268501,17.25000000,0.66000000,11.38500000,1664589604217,False,True
39268502,17.25000000,1.28000000,22.08000000,1664589604217,False,True
39268503,17.25000000,0.69000000,11.90250000,1664589604217,False,True
39268504,17.25000000,0.64000000,11.04000000,1664589604217,False,True
39268505,17.25000000,1.85000000,31.91250000,1664589604217,False,True
39268506,17.25000000,0.64000000,11.04000000,1664589604217,False,True
39268507,17.25000000,1.23000000,21.21750000,1664589604217,False,True
39268508,17.25000000,8.65000000,149.21250000,1664589604217,False,True
39268509,17.25000000,0.63000000,10.86750000,1664589610248,False,True
39268510,17.24000000,50.00000000,862.00000000,1664589614352,True,True
39268511,17.24000000,41.04000000,707.52960000,1664589614352,True,True
39268512,17.24000000,8.96000000,154.47040000,1664589614361,True,True
39268513,17.24000000,33.40000000,575.81600000,1664589614361,True,True
39268514,17.24000000,57.90000000,998.19600000,1664589628808,False,True
39268515,17.24000000,4.19000000,72.23560000,1664589676167,False,True
39268516,17.24000000,45.81000000,789.76440000,1664589676167,False,True
39268517,17.24000000,1.48000000,25.51520000,1664589676489,False,True
39268518,17.24000000,7.47000000,128.78280000,1664589676565,False,True
39268519,17.24000000,4.80000000,82.75200000,1664589676637,False,True
39268520,17.24000000,1.00000000,17.24000000,1664589752562,False,True
39268521,17.24000000,18.61000000,320.83640000,1664589763439,False,True
39268522,17.24000000,39.08000000,673.73920000,1664589763439,False,True
39268523,17.24000000,32.44000000,559.26560000,1664589763439,False,True
39268524,17.24000000,9.87000000,170.15880000,1664589763439,False,True
39268525,17.24000000,6.23000000,107.40520000,1664589764700,False,True
39268526,17.23000000,50.00000000,861.50000000,1664589787140,True,True
39268527,17.23000000,0.86000000,14.81780000,1664589876495,True,True
39268528,17.23000000,8.95000000,154.20850000,1664589909246,True,True
39268529,17.23000000,9.82000000,169.19860000,1664589912087,True,True
39268530,17.23000000,50.00000000,861.50000000,1664589912087,True,True
39268531,17.23000000,3.12000000,53.75760000,1664589912087,True,True
39268532,17.23000000,46.88000000,807.74240000,1664589912087,True,True
39268533,17.23000000,2.21000000,38.07830000,1664589937505,False,True
39268534,17.23000000,29.01000000,499.84230000,1664589937749,False,True
39268535,17.23000000,9.92000000,170.92160000,1664589937749,False,True
39268536,17.23000000,12.33000000,212.44590000,1664589937750,False,True
39268537,17.23000000,6.65000000,114.57950000,1664589937761,False,True
39268538,17.23000000,21.10000000,363.55300000,1664589937765,False,True
39268539,17.23000000,14.91000000,256.89930000,1664589937765,False,True
39268540,17.23000000,35.09000000,604.60070000,1664589937807,False,True
39268541,17.23000000,81.16000000,1398.38680000,1664589940903,True,True
39268542,17.23000000,34.89000000,601.15470000,1664589940906,True,True
39268543,17.23000000,23.02000000,396.63460000,1664589940906,True,True
39268544,17.23000000,49.44000000,851.85120000,1664589940907,True,True
39268545,17.23000000,15.12000000,260.51760000,1664589940909,True,True
39268546,17.23000000,20.89000000,359.93470000,1664589940909,True,True
39268547,17.23000000,50.00000000,861.50000000,1664589940919,True,True
39268548,17.23000000,50.00000000,861.50000000,1664589940919,True,True
39268549,17.23000000,45.46000000,783.27580000,1664589940919,True,True
39268550,17.23000000,29.00000000,499.67000000,1664589940984,False,True
39268551,17.23000000,3.60000000,62.02800000,1664589975516,False,True
39268552,17.22000000,12.80000000,220.41600000,1664589981844,True,True
39268553,17.22000000,10.00000000,172.20000000,1664590074792,True,True
39268554,17.22000000,1.00000000,17.22000000,1664590074792,True,True
39268555,17.22000000,9.00000000,154.98000000,1664590074792,True,True
39268556,17.22000000,33.63000000,579.10860000,1664590074830,True,True
39268557,17.22000000,1.11000000,19.11420000,1664590074892,True,True
39268558,17.22000000,5.40000000,92.98800000,1664590074892,True,True
39268559,17.22000000,1.75000000,30.13500000,1664590074892,True,True
39268560,17.22000000,0.01000000,0.17220000,1664590074904,True,True
39268561,17.22000000,10.54000000,181.49880000,1664590086336,False,True
39268562,17.22000000,50.00000000,861.00000000,1664590133157,True,True
39268563,17.22000000,37.50000000,645.75000000,1664590133157,True,True
39268564,17.22000000,12.50000000,215.25000000,1664590133158,True,True
39268565,17.22000000,35.69000000,614.58180000,1664590141171,False,True
39268566,17.22000000,23.94000000,412.24680000,1664590141180,False,True
39268567,17.22000000,11.17000000,192.34740000,1664590141180,False,True
39268568,17.22000000,34.08000000,586.85760000,1664590141181,False,True
39268569,17.22000000,4.75000000,81.79500000,1664590141194,False,True
39268570,17.22000000,43.99000000,757.50780000,1664590141194,False,True
39268571,17.22000000,50.00000000,861.00000000,1664590141194,False,True
39268572,17.22000000,25.43000000,437.90460000,1664590210635,True,True
39268573,17.22000000,32.61000000,561.54420000,1664590223511,True,True
39268574,17.22000000,2.50000000,43.05000000,1664590223511,True,True
39268575,17.22000000,15.44000000,265.87680000,1664590223530,True,True
39268576,17.22000000,12.83000000,220.93260000,1664590223531,True,True
39268577,17.22000000,19.23000000,331.14060000,1664590223543,True,True
39268578,17.22000000,11.27000000,194.06940000,1664590225141,False,True
39268579,17.22000000,15.78000000,271.73160000,1664590226055,False,True
39268580,17.22000000,0.88000000,15.15360000,1664590227971,False,True
39268581,17.22000000,4.68000000,80.58960000,1664590229149,False,True
39268582,17.22000000,0.29000000,4.99380000,1664590229149,False,True
39268583,17.22000000,1.36000000,23.41920000,1664590230314,False,True
39268584,17.22000000,1.33000000,22.90260000,1664590232044,False,True
39268585,17.22000000,0.88000000,15.15360000,1664590232213,False,True
39268586,17.22000000,18.64000000,320.98080000,1664590232317,False,True
39268587,17.22000000,1.73000000,29.79060000,1664590234142,False,True
39268588,17.22000000,13.60000000,234.19200000,1664590234562,False,True
39268589,17.22000000,4.50000000,77.49000000,1664590234813,False,True
39268590,17.22000000,4.50000000,77.49000000,1664590234868,False,True
39268591,17.22000000,1.04000000,17.90880000,1664590235468,False,True
39268592,17.22000000,11.78000000,202.85160000,1664590236537,False,True
39268593,17.22000000,5.38000000,92.64360000,1664590236537,False,True
39268594,17.22000000,12.82000000,220.76040000,1664590237571,False,True
39268595,17.22000000,13.36000000,230.05920000,1664590238670,False,True
39268596,17.21000000,2.95000000,50.76950000,1664590239677,True,True
39268597,17.22000000,13.34000000,229.71480000,1664590242812,False,True
39268598,17.22000000,1.36000000,23.41920000,1664590244912,False,True
39268599,17.22000000,0.27000000,4.64940000,1664590246073,False,True
39268600,17.22000000,19.55000000,336.65100000,1664590246073,False,True
39268601,17.22000000,11.75000000,202.33500000,1664590247205,False,True
39268602,17.22000000,12.20000000,210.08400000,1664590247262,False,True
39268603,17.22000000,0.88000000,15.15360000,1664590247954,False,True
39268604,17.22000000,1.33000000,22.90260000,1664590249076,False,True
39268605,17.22000000,30.92000000,532.44240000,1664590250046,False,True
39268606,17.22000000,1.73000000,29.79060000,1664590251934,False,True
39268607,17.22000000,2.21000000,38.05620000,1664590256659,False,True
39268608,17.22000000,1.73000000,29.79060000,1664590257141,False,True
39268609,17.22000000,11.20000000,192.86400000,1664590258497,False,True
39268610,17.22000000,5.98000000,102.97560000,1664590258497,False,True
39268611,17.22000000,14.28000000,245.90160000,1664590258509,False,True
39268612,17.23000000,51.59000000,888.89570000,1664590267987,False,True
39268613,17.23000000,3.39000000,58.40970000,1664590309784,False,True
39268614,17.23000000,73.52000000,1266.74960000,1664590309784,False,True
39268615,17.22000000,2.16000000,37.19520000,1664590318076,True,True
39268616,17.23000000,10.83000000,186.60090000,1664590329555,False,True
39268617,17.23000000,41.40000000,713.32200000,1664590329557,False,True
39268618,17.23000000,34.98000000,602.70540000,1664590329557,False,True
39268619,17.23000000,10.57000000,182.12110000,1664590329559,False,True
39268620,17.23000000,7.36000000,126.81280000,1664590329639,False,True
39268621,17.23000000,3.16000000,54.44680000,1664590329723,False,True
39268622,17.23000000,3.60000000,62.02800000,1664590329800,False,True
39268623,17.23000000,6.10000000,105.10300000,1664590330108,False,True
39268624,17.23000000,4.26000000,73.39980000,1664590330224,False,True
39268625,17.23000000,4.10000000,70.64300000,1664590330297,False,True
39268626,17.23000000,21.15000000,364.41450000,1664590330345,False,True
39268627,17.23000000,7.75000000,133.53250000,1664590330428,False,True
39268628,17.23000000,33.50000000,577.20500000,1664590330513,False,True
39268629,17.23000000,33.50000000,577.20500000,1664590330586,False,True
39268630,17.23000000,6.20000000,106.82600000,1664590330627,False,True
39268631,17.23000000,67.00000000,1154.41000000,1664590330673,False,True
39268632,17.23000000,6.10000000,105.10300000,1664590330718,False,True
39268633,17.23000000,1.86000000,32.04780000,1664590330724,False,True
39268634,17.23000000,65.06000000,1120.98380000,1664590330776,False,True
39268635,17.23000000,1.76000000,30.32480000,1664590330776,False,True
39268636,17.23000000,273.18000000,4706.89140000,1664590330776,False,True
39268637,17.23000000,29.00000000,499.67000000,1664590330783,False,True
39268638,17.23000000,60.00000000,1033.80000000,1664590330786,False,True
39268639,17.23000000,1.99000000,34.28770000,1664590330797,False,True
39268640,17.23000000,78.61000000,1354.45030000,1664590330934,False,True
39268641,17.23000000,3.87000000,66.68010000,1664590330967,False,True
39268642,17.23000000,20.76000000,357.69480000,1664590331016,False,True
39268643,17.23000000,32.45000000,559.11350000,1664590331018,False,True
39268644,17.23000000,8.14000000,140.25220000,1664590331249,False,True
39268645,17.23000000,3.86000000,66.50780000,1664590331324,True,True
39268646,17.24000000,6.86000000,118.26640000,1664590331367,False,True
39268647,17.24000000,4.94000000,85.16560000,1664590331367,False,True
39268648,17.23000000,27.36000000,471.41280000,1664590343974,True,True
39268649,17.23000000,16.23000000,279.64290000,1664590343974,True,True
39268650,17.23000000,14.33000000,246.90590000,1664590343981,True,True
39268651,17.23000000,6.63000000,114.23490000,1664590344042,True,True
39268652,17.23000000,43.37000000,747.26510000,1664590344061,True,True
39268653,17.23000000,8.03000000,138.35690000,1664590350219,False,True
39268654,17.23000000,6.92000000,119.23160000,1664590350231,False,True
39268655,17.23000000,6.12000000,105.44760000,1664590350238,False,True
39268656,17.23000000,8.14000000,140.25220000,1664590350244,False,True
39268657,17.23000000,6.07000000,104.58610000,1664590350262,False,True
39268658,17.24000000,21.25000000,366.35000000,1664590392029,False,True
39268659,17.24000000,2.90000000,49.99600000,1664590611467,False,True
39268660,17.24000000,9.84000000,169.64160000,1664590611467,False,True
39268661,17.24000000,0.61000000,10.51640000,1664590639678,False,True
39268662,17.24000000,16.90000000,291.35600000,1664590639678,False,True
39268663,17.24000000,25.86000000,445.82640000,1664590639678,False,True
39268664,17.24000000,4.20000000,72.40800000,1664590639845,False,True
39268665,17.24000000,0.94000000,16.20560000,1664590639851,False,True
39268666,17.24000000,1.76000000,30.34240000,1664590639851,False,True
39268667,17.25000000,7.43000000,128.16750000,1664590641468,False,True
39268668,17.25000000,10.94000000,188.71500000,1664590656467,False,True
39268669,17.25000000,1.74000000,30.01500000,1664590656467,False,True
39268670,17.25000000,3.45000000,59.51250000,1664590656467,False,True
39268671,17.25000000,26.43000000,455.91750000,1664590658158,False,True
39268672,17.25000000,14.41000000,248.57250000,1664590666185,False,True
39268673,17.25000000,5.71000000,98.49750000,1664590671469,False,True
39268674,17.25000000,6.02000000,103.84500000,1664590671469,False,True
39268675,17.25000000,4.17000000,71.93250000,1664590698448,False,True
39268676,17.25000000,8.52000000,146.97000000,1664590706478,False,True
39268677,17.25000000,2.64000000,45.54000000,1664590706478,False,True
39268678,17.25000000,7.10000000,122.47500000,1664590708795,False,True
39268679,17.25000000,4.45000000,76.76250000,1664590708797,False,True
39268680,17.25000000,8.47000000,146.10750000,1664590708797,False,True
39268681,17.25000000,21.57000000,372.08250000,1664590708797,False,True
39268682,17.25000000,5.77000000,99.53250000,1664590708798,False,True
39268683,17.25000000,11.85000000,204.41250000,1664590708798,False,True
39268684,17.25000000,0.61000000,10.52250000,1664590708817,False,True
39268685,17.25000000,4.44000000,76.59000000,1664590708829,False,True
39268686,17.25000000,29.04000000,500.94000000,1664590708829,False,True
39268687,17.25000000,0.61000000,10.52250000,1664590708840,False,True
39268688,17.26000000,1.28000000,22.09280000,1664590731467,False,True
39268689,17.26000000,1.21000000,20.88460000,1664590731467,False,True
39268690,17.26000000,0.75000000,12.94500000,1664590731467,False,True
39268691,17.26000000,2.91000000,50.22660000,1664590731467,False,True
39268692,17.26000000,0.63000000,10.87380000,1664590731467,False,True
39268693,17.26000000,0.76000000,13.11760000,1664590731467,False,True
39268694,17.26000000,9.22000000,159.13720000,1664590731467,False,True
39268695,17.25000000,89.17000000,1538.18250000,1664590734111,True,True
39268696,17.25000000,0.49000000,8.45250000,1664590734111,True,True
39268697,17.25000000,58.49000000,1008.95250000,1664590734135,True,True
39268698,17.25000000,37.24000000,642.39000000,1664590740200,False,True
39268699,17.26000000,16.71000000,288.41460000,1664590771468,False,True
39268700,17.26000000,6.03000000,104.07780000,1664590791468,False,True
39268701,17.26000000,7.48000000,129.10480000,1664590806471,False,True
39268702,17.25000000,64.93000000,1120.04250000,1664590830652,True,True
39268703,17.25000000,3.80000000,65.55000000,1664590830655,True,True
39268704,17.25000000,8.99000000,155.07750000,1664590831468,False,True
39268705,17.25000000,31.95000000,551.13750000,1664590834907,False,True
39268706,17.25000000,9.06000000,156.28500000,1664590851469,False,True
39268707,17.25000000,3.65000000,62.96250000,1664590851469,False,True
39268708,17.25000000,26.19000000,451.77750000,1664590881034,False,True
39268709,17.26000000,10.56000000,182.26560000,1664590886484,False,True
39268710,17.26000000,0.64000000,11.04640000,1664590886484,False,True
39268711,17.26000000,6.55000000,113.05300000,1664590886484,False,True
39268712,17.26000000,2.00000000,34.52000000,1664590887610,False,True
39268713,17.27000000,0.61000000,10.53470000,1664590892084,False,True
39268714,17.27000000,0.66000000,11.39820000,1664590911467,False,True
39268715,17.27000000,1.12000000,19.34240000,1664590911467,False,True
39268716,17.27000000,3.17000000,54.74590000,1664590911467,False,True
39268717,17.27000000,5.60000000,96.71200000,1664590911467,False,True
39268718,17.27000000,1.16000000,20.03320000,1664590911467,False,True
39268719,17.27000000,0.64000000,11.05280000,1664590911467,False,True
39268720,17.27000000,0.59000000,10.18930000,1664590911467,False,True
39268721,17.27000000,1.18000000,20.37860000,1664590911467,False,True
39268722,17.27000000,0.78000000,13.47060000,1664590911467,False,True
39268723,17.27000000,1.17000000,20.20590000,1664590911467,False,True
39268724,17.27000000,0.01000000,0.17270000,1664590915090,False,True
39268725,17.27000000,6.40000000,110.52800000,1664590915090,False,True
39268726,17.27000000,2.89000000,49.91030000,1664590938117,False,True
39268727,17.27000000,2.15000000,37.13050000,1664590938117,False,True
39268728,17.27000000,5.08000000,87.73160000,1664590938123,False,True
39268729,17.27000000,9.15000000,158.02050000,1664590938151,False,True
39268730,17.27000000,4.59000000,79.26930000,1664590938152,False,True
39268731,17.27000000,0.61000000,10.53470000,1664590938152,False,True
39268732,17.27000000,1.76000000,30.39520000,1664590938152,False,True
39268733,17.27000000,4.17000000,72.01590000,1664590938152,False,True
39268734,17.27000000,8.76000000,151.28520000,1664590938155,False,True
39268735,17.27000000,3.79000000,65.45330000,1664590939273,False,True
39268736,17.27000000,0.18000000,3.10860000,1664590939278,False,True
39268737,17.28000000,1.28000000,22.11840000,1664590956467,False,True
39268738,17.28000000,0.69000000,11.92320000,1664590956467,False,True
39268739,17.28000000,1.21000000,20.90880000,1664590956467,False,True
39268740,17.28000000,7.09000000,122.51520000,1664590956467,False,True
39268741,17.28000000,8.35000000,144.28800000,1664590971467,False,True
39268742,17.28000000,12.50000000,216.00000000,1664590996467,False,True
39268743,17.28000000,1.15000000,19.87200000,1664590997992,False,True
39268744,17.27000000,58.98000000,1018.58460000,1664590999623,True,True
39268745,17.27000000,1.46000000,25.21420000,1664590999623,True,True
39268746,17.27000000,52.19000000,901.32130000,1664590999627,True,True
39268747,17.27000000,12.02000000,207.58540000,1664590999627,True,True
39268748,17.27000000,11.95000000,206.37650000,1664590999627,True,True
39268749,17.27000000,14.06000000,242.81620000,1664590999627,True,True
39268750,17.27000000,8.37000000,144.54990000,1664590999648,True,True
39268751,17.27000000,25.85000000,446.42950000,1664590999648,True,True
39268752,17.27000000,7.00000000,120.89000000,1664590999986,True,True
39268753,17.27000000,3.01000000,51.98270000,1664591015247,True,True
39268754,17.28000000,12.15000000,209.95200000,1664591031468,False,True
39268755,17.27000000,0.99000000,17.09730000,1664591031948,True,True
39268756,17.28000000,0.85000000,14.68800000,1664591066481,False,True
39268757,17.28000000,0.78000000,13.47840000,1664591066481,False,True
39268758,17.28000000,1.00000000,17.28000000,1664591066481,False,True
39268759,17.28000000,4.64000000,80.17920000,1664591066481,False,True
39268760,17.28000000,13.29000000,229.65120000,1664591081467,False,True
39268761,17.28000000,2.73000000,47.17440000,1664591091468,False,True
39268762,17.28000000,1.76000000,30.41280000,1664591091468,False,True
39268763,17.28000000,11.20000000,193.53600000,1664591091468,False,True
39268764,17.28000000,5.35000000,92.44800000,1664591091546,True,True
39268765,17.28000000,62.11000000,1073.26080000,1664591091546,True,True
39268766,17.28000000,0.07000000,1.20960000,1664591091620,True,True
39268767,17.28000000,6.42000000,110.93760000,1664591091620,True,True
39268768,17.28000000,1.09000000,18.83520000,1664591091620,True,True
39268769,17.28000000,1.09000000,18.83520000,1664591091620,True,True
39268770,17.27000000,8.67000000,149.73090000,1664591091622,True,True
39268771,17.27000000,6.12000000,105.69240000,1664591091713,True,True
39268772,17.28000000,50.00000000,864.00000000,1664591115172,False,True
39268773,17.28000000,7.87000000,135.99360000,1664591115172,False,True
39268774,17.28000000,5.92000000,102.29760000,1664591141467,False,True
39268775,17.28000000,1.15000000,19.87200000,1664591151467,False,True
39268776,17.28000000,14.01000000,242.09280000,1664591151467,False,True
39268777,17.28000000,1.09000000,18.83520000,1664591165899,True,True
39268778,17.28000000,1.09000000,18.83520000,1664591165899,True,True
39268779,17.28000000,31.32000000,541.20960000,1664591165899,True,True
39268780,17.29000000,1.28000000,22.13120000,1664591191467,False,True
39268781,17.29000000,0.98000000,16.94420000,1664591191467,False,True
39268782,17.29000000,1.18000000,20.40220000,1664591191467,False,True
39268783,17.29000000,0.70000000,12.10300000,1664591191467,False,True
39268784,17.29000000,0.71000000,12.27590000,1664591191467,False,True
39268785,17.29000000,0.96000000,16.59840000,1664591191467,False,True
39268786,17.29000000,1.03000000,17.80870000,1664591191467,False,True
39268787,17.29000000,2.47000000,42.70630000,1664591191467,False,True
39268788,17.29000000,1.04000000,17.98160000,1664591191467,False,True
39268789,17.29000000,14.46000000,250.01340000,1664591211467,False,True
39268790,17.29000000,5.71000000,98.72590000,1664591251467,False,True
39268791,17.28000000,5.38000000,92.96640000,1664591254685,True,True
39268792,17.29000000,5.40000000,93.36600000,1664591260764,False,True
39268793,17.29000000,5.40000000,93.36600000,1664591260764,False,True
39268794,17.29000000,20.56000000,355.48240000,1664591260764,False,True
39268795,17.29000000,1.76000000,30.43040000,1664591260764,False,True
39268796,17.29000000,14.57000000,251.91530000,1664591271467,False,True
39268797,17.29000000,1.76000000,30.43040000,1664591293473,False,True
39268798,17.30000000,1.28000000,22.14400000,1664591321467,False,True
39268799,17.30000000,8.29000000,143.41700000,1664591321467,False,True
39268800,17.29000000,6.52000000,112.73080000,1664591327465,False,True
39268801,17.29000000,5.24000000,90.59960000,1664591331467,False,True
39268802,17.29000000,8.08000000,139.70320000,1664591331467,False,True
39268803,17.29000000,11.82000000,204.36780000,1664591340464,False,True
39268804,17.29000000,11.32000000,195.72280000,1664591371468,False,True
39268805,17.29000000,2.42000000,41.84180000,1664591371468,False,True
39268806,17.29000000,13.51000000,233.58790000,1664591391467,False,True
39268807,17.28000000,50.00000000,864.00000000,1664591427058,True,True
39268808,17.28000000,14.94000000,258.16320000,1664591427058,True,True
39268809,17.28000000,17.73000000,306.37440000,1664591427058,True,True
39268810,17.28000000,49.08000000,848.10240000,1664591427058,True,True
39268811,17.28000000,0.92000000,15.89760000,1664591427059,True,True
39268812,17.27000000,0.61000000,10.53470000,1664591427091,True,True
39268813,17.28000000,2.32000000,40.08960000,1664591433853,False,True
39268814,17.28000000,9.76000000,168.65280000,1664591436466,False,True
39268815,17.27000000,31.92000000,551.25840000,1664591443779,True,True
39268816,17.28000000,6.37000000,110.07360000,1664591451467,False,True
39268817,17.27000000,6.53000000,112.77310000,1664591460243,True,True
39268818,17.28000000,13.30000000,229.82400000,1664591471467,False,True
39268819,17.27000000,10.94000000,188.93380000,1664591484246,True,True
39268820,17.27000000,21.26000000,367.16020000,1664591484246,True,True
39268821,17.27000000,12.51000000,216.04770000,1664591484261,True,True
39268822,17.27000000,14.45000000,249.55150000,1664591511467,False,True
39268823,17.26000000,10.00000000,172.60000000,1664591526361,True,True
39268824,17.26000000,1.28000000,22.09280000,1664591526361,True,True
39268825,17.26000000,1.76000000,30.37760000,1664591526361,True,True
