40034041,18.34000000,54.29000000,995.67860000,1667001613078,False,True
40034042,18.34000000,3.30000000,60.52200000,1667001613445,False,True
40034043,18.34000000,5.46000000,100.13640000,1667001614823,False,True
40034044,18.34000000,4.96000000,90.96640000,1667001615144,False,True
40034045,18.34000000,1.46000000,26.77640000,1667001615144,False,True
40034046,18.34000000,0.84000000,15.40560000,1667001615206,False,True
40034047,18.33000000,12.03000000,220.50990000,1667001615269,True,True
40034048,18.34000000,2.98000000,54.65320000,1667001616685,False,True
40034049,18.34000000,2.62000000,48.05080000,1667001616685,False,True
40034050,18.34000000,10.89000000,199.72260000,1667001617289,False,True
40034051,18.34000000,9.46000000,173.49640000,1667001617311,False,True
40034052,18.34000000,9.53000000,174.78020000,1667001617316,False,True
40034053,18.34000000,8.33000000,152.77220000,1667001617321,False,True
40034054,18.34000000,8.48000000,155.52320000,1667001617321,False,True
40034055,18.34000000,0.84000000,15.40560000,1667001617353,False,True
40034056,18.34000000,30.47000000,558.81980000,1667001617673,False,True
40034057,18.34000000,11.08000000,203.20720000,1667001618154,False,True
40034058,18.35000000,22.17000000,406.81950000,1667001622533,False,True
40034059,18.35000000,0.87000000,15.96450000,1667001622533,False,True
40034060,18.35000000,14.83000000,272.13050000,1667001622533,False,True
40034061,18.35000000,8.78000000,161.11300000,1667001622730,False,True
40034062,18.35000000,7.13000000,130.83550000,1667001622732,False,True
40034063,18.35000000,8.03000000,147.35050000,1667001622733,False,True
40034064,18.35000000,240.00000000,4404.00000000,1667001622747,False,True
40034065,18.35000000,60.00000000,1101.00000000,1667001622754,False,True
40034066,18.35000000,5.54000000,101.65900000,1667001622774,False,True
40034067,18.35000000,22.58000000,414.34300000,1667001622776,False,True
40034068,18.35000000,6.82000000,125.14700000,1667001622777,False,True
40034069,18.35000000,11.62000000,213.22700000,1667001622780,False,True
40034070,18.35000000,5.72000000,104.96200000,1667001622783,False,True
40034071,18.35000000,11.57000000,212.30950000,1667001622785,False,True
40034072,18.35000000,39.54000000,725.55900000,1667001622786,False,True
40034073,18.35000000,7.68000000,140.92800000,1667001622787,False,True
40034074,18.35000000,0.16000000,2.93600000,1667001622808,False,True
40034075,18.36000000,3.30000000,60.58800000,1667001625797,False,True
40034076,18.36000000,3.25000000,59.67000000,1667001625797,False,True
40034077,18.36000000,3.47000000,63.70920000,1667001626003,True,True
40034078,18.37000000,0.87000000,15.98190000,1667001638655,False,True
40034079,18.37000000,5.86000000,107.64820000,1667001638655,False,True
40034080,18.37000000,1.31000000,24.06470000,1667001639130,False,True
40034081,18.37000000,0.55000000,10.10350000,1667001639130,False,True
40034082,18.37000000,1.52000000,27.92240000,1667001639130,False,True
40034083,18.37000000,2.72000000,49.96640000,1667001639130,False,True
40034084,18.37000000,3.30000000,60.62100000,1667001639130,False,True
40034085,18.37000000,1.09000000,20.02330000,1667001641757,True,True
40034086,18.37000000,18.91000000,347.37670000,1667001641757,True,True
40034087,18.37000000,17.77000000,326.43490000,1667001641774,True,True
40034088,18.37000000,13.19000000,242.30030000,1667001641774,True,True
40034089,18.37000000,1.09000000,20.02330000,1667001641774,True,True
40034090,18.37000000,47.95000000,880.84150000,1667001644525,False,True
40034091,18.37000000,8.52000000,156.51240000,1667001644525,False,True
40034092,18.37000000,18.40000000,338.00800000,1667001645141,False,True
40034093,18.37000000,38.36000000,704.67320000,1667001660722,True,True
40034094,18.38000000,1.51000000,27.75380000,1667001672101,False,True
40034095,18.38000000,10.56000000,194.09280000,1667001672101,False,True
40034096,18.36000000,9.45000000,173.50200000,1667001675983,False,True
40034097,18.36000000,13.84000000,254.10240000,1667001677793,False,True
40034098,18.36000000,9.23000000,169.46280000,1667001677793,False,True
40034099,18.36000000,2.72000000,49.93920000,1667001679412,False,True
40034100,18.36000000,21.27000000,390.51720000,1667001680166,False,True
40034101,18.36000000,10.77000000,197.73720000,1667001680166,False,True
40034102,18.36000000,15.50000000,284.58000000,1667001680166,False,True
40034103,18.36000000,31.05000000,570.07800000,1667001680166,False,True
40034104,18.36000000,18.15000000,333.23400000,1667001680166,False,True
40034105,18.36000000,30.46000000,559.24560000,1667001680186,False,True
40034106,18.36000000,10.04000000,184.33440000,1667001680200,False,True
40034107,18.36000000,1.88000000,34.51680000,1667001689292,True,True
40034108,18.36000000,1.88000000,34.51680000,1667001691638,False,True
40034109,18.36000000,4.37000000,80.23320000,1667001692882,True,True
40034110,18.36000000,9.44000000,173.31840000,1667001703762,True,True
40034111,18.37000000,6.94000000,127.48780000,1667001705606,False,True
40034112,18.37000000,63.76000000,1171.27120000,1667001707621,False,True
40034113,18.37000000,15.50000000,284.73500000,1667001707621,False,True
40034114,18.37000000,35.92000000,659.85040000,1667001707621,False,True
40034115,18.37000000,2.02000000,37.10740000,1667001708493,False,True
40034116,18.38000000,3.25000000,59.73500000,1667001714415,False,True
40034117,18.38000000,3.30000000,60.65400000,1667001714415,False,True
40034118,18.38000000,1.63000000,29.95940000,1667001720925,True,True
40034119,18.39000000,0.87000000,15.99930000,1667001742291,False,True
40034120,18.39000000,35.91000000,660.38490000,1667001742291,False,True
40034121,18.39000000,2.24000000,41.19360000,1667001743172,False,True
40034122,18.39000000,0.55000000,10.11450000,1667001743172,False,True
40034123,18.39000000,2.97000000,54.61830000,1667001743172,False,True
40034124,18.39000000,27.38000000,503.51820000,1667001743172,False,True
40034125,18.39000000,3.25000000,59.76750000,1667001743172,False,True
40034126,18.39000000,3.30000000,60.68700000,1667001743172,False,True
40034127,18.40000000,1.51000000,27.78400000,1667001745106,False,True
40034128,18.40000000,0.74000000,13.61600000,1667001745106,False,True
40034129,18.40000000,1.63000000,29.99200000,1667001745106,False,True
40034130,18.40000000,0.67000000,12.32800000,1667001745106,False,True
40034131,18.40000000,37.50000000,690.00000000,1667001745106,False,True
40034132,18.40000000,2.72000000,50.04800000,1667001745106,False,True
40034133,18.40000000,1.27000000,23.36800000,1667001745106,False,True
40034134,18.41000000,3.89000000,71.61490000,1667001745106,False,True
40034135,18.41000000,1.51000000,27.79910000,1667001745106,False,True
40034136,18.41000000,1.00000000,18.41000000,1667001745106,False,True
40034137,18.41000000,51.28000000,944.06480000,1667001745106,False,True
40034138,18.41000000,0.87000000,16.01670000,1667001745106,False,True
40034139,18.41000000,7.17000000,131.99970000,1667001745106,False,True
40034140,18.41000000,0.66000000,12.15060000,1667001745106,False,True
40034141,18.41000000,2.77000000,50.99570000,1667001745106,False,True
40034142,18.41000000,3.29000000,60.56890000,1667001745106,False,True
40034143,18.41000000,24.77000000,456.01570000,1667001745106,False,True
40034144,18.41000000,9.53000000,175.44730000,1667001745200,False,True
40034145,18.41000000,4.66000000,85.79060000,1667001745200,False,True
40034146,18.41000000,1.57000000,28.90370000,1667001745262,True,True
40034147,18.41000000,1.24000000,22.82840000,1667001745431,True,True
40034148,18.41000000,44.00000000,810.04000000,1667001745761,True,True
40034149,18.41000000,32.57000000,599.61370000,1667001745802,True,True
40034150,18.41000000,15.91000000,292.90310000,1667001745816,True,True
40034151,18.41000000,34.72000000,639.19520000,1667001745816,True,True
40034152,18.41000000,10.14000000,186.67740000,1667001745827,True,True
40034153,18.41000000,4.05000000,74.56050000,1667001745827,True,True
40034154,18.41000000,13.29000000,244.66890000,1667001745844,True,True
40034155,18.41000000,24.77000000,456.01570000,1667001745844,True,True
40034156,18.41000000,10.14000000,186.67740000,1667001746085,False,True
40034157,18.41000000,90.78000000,1671.25980000,1667001746085,False,True
40034158,18.41000000,34.73000000,639.37930000,1667001746085,False,True
40034159,18.41000000,3.25000000,59.83250000,1667001746085,False,True
40034160,18.42000000,1.85000000,34.07700000,1667001746087,False,True
40034161,18.42000000,0.69000000,12.70980000,1667001746087,False,True
40034162,18.42000000,1.53000000,28.18260000,1667001746087,False,True
40034163,18.42000000,2.13000000,39.23460000,1667001746087,False,True
40034164,18.42000000,1.00000000,18.42000000,1667001746087,False,True
40034165,18.42000000,0.71000000,13.07820000,1667001746087,False,True
40034166,18.42000000,0.68000000,12.52560000,1667001746087,False,True
40034167,18.42000000,17.00000000,313.14000000,1667001746087,False,True
40034168,18.42000000,0.87000000,16.02540000,1667001746087,False,True
40034169,18.42000000,1.51000000,27.81420000,1667001746087,False,True
40034170,18.42000000,1.40000000,25.78800000,1667001746087,False,True
40034171,18.42000000,0.55000000,10.13100000,1667001746087,False,True
40034172,18.42000000,1.01000000,18.60420000,1667001746087,False,True
40034173,18.42000000,3.49000000,64.28580000,1667001746087,False,True
40034174,18.42000000,1.76000000,32.41920000,1667001746087,False,True
40034175,18.42000000,10.93000000,201.33060000,1667001746087,False,True
40034176,18.42000000,88.00000000,1620.96000000,1667001746087,False,True
40034177,18.42000000,26.00000000,478.92000000,1667001746087,False,True
40034178,18.42000000,3.30000000,60.78600000,1667001746087,False,True
40034179,18.42000000,7.18000000,132.25560000,1667001746087,False,True
40034180,18.42000000,11.33000000,208.69860000,1667001746087,False,True
40034181,18.43000000,0.69000000,12.71670000,1667001746087,False,True
40034182,18.43000000,0.63000000,11.61090000,1667001746087,False,True
40034183,18.43000000,1.40000000,25.80200000,1667001746087,False,True
40034184,18.43000000,0.84000000,15.48120000,1667001746087,False,True
40034185,18.43000000,6.87000000,126.61410000,1667001746087,False,True
40034186,18.43000000,1.08000000,19.90440000,1667001746087,False,True
40034187,18.43000000,0.61000000,11.24230000,1667001746087,False,True
40034188,18.43000000,0.60000000,11.05800000,1667001746087,False,True
40034189,18.43000000,0.60000000,11.05800000,1667001746087,False,True
40034190,18.43000000,60.02000000,1106.16860000,1667001746087,False,True
40034191,18.43000000,0.60000000,11.05800000,1667001746087,False,True
40034192,18.43000000,21.23000000,391.26890000,1667001746087,False,True
40034193,18.43000000,17.76000000,327.31680000,1667001746089,False,True
40034194,18.43000000,10.24000000,188.72320000,1667001746089,False,True
40034195,18.43000000,5.26000000,96.94180000,1667001746096,False,True
40034196,18.43000000,6.96000000,128.27280000,1667001746096,False,True
40034197,18.43000000,16.70000000,307.78100000,1667001746096,False,True
40034198,18.43000000,2.15000000,39.62450000,1667001746096,False,True
40034199,18.43000000,45.82000000,844.46260000,1667001746096,False,True
40034200,18.43000000,34.73000000,640.07390000,1667001746096,False,True
40034201,18.44000000,0.72000000,13.27680000,1667001746107,False,True
40034202,18.44000000,1.09000000,20.09960000,1667001746107,False,True
40034203,18.44000000,0.83000000,15.30520000,1667001746107,False,True
40034204,18.44000000,0.70000000,12.90800000,1667001746107,False,True
40034205,18.44000000,10.03000000,184.95320000,1667001746107,False,True
40034206,18.44000000,0.87000000,16.04280000,1667001746107,False,True
40034207,18.44000000,0.67000000,12.35480000,1667001746107,False,True
40034208,18.44000000,0.69000000,12.72360000,1667001746107,False,True
40034209,18.44000000,0.75000000,13.83000000,1667001746107,False,True
40034210,18.44000000,2.88000000,53.10720000,1667001746107,False,True
40034211,18.44000000,20.00000000,368.80000000,1667001746107,False,True
40034212,18.44000000,1.51000000,27.84440000,1667001746107,False,True
40034213,18.44000000,2.74000000,50.52560000,1667001746107,False,True
40034214,18.44000000,0.65000000,11.98600000,1667001746107,False,True
40034215,18.44000000,1.69000000,31.16360000,1667001746107,False,True
40034216,18.44000000,1.50000000,27.66000000,1667001746107,False,True
40034217,18.44000000,67.20000000,1239.16800000,1667001746107,False,True
40034218,18.43000000,2.18000000,40.17740000,1667001746111,True,True
40034219,18.43000000,2.18000000,40.17740000,1667001746118,True,True
40034220,18.44000000,73.77000000,1360.31880000,1667001746119,False,True
40034221,18.44000000,46.89000000,864.65160000,1667001746119,False,True
40034222,18.43000000,6.60000000,121.63800000,1667001746130,True,True
40034223,18.43000000,2.18000000,40.17740000,1667001746135,True,True
40034224,18.43000000,6.60000000,121.63800000,1667001746158,True,True
40034225,18.44000000,4.09000000,75.41960000,1667001746162,False,True
40034226,18.44000000,15.88000000,292.82720000,1667001746162,False,True
40034227,18.44000000,6.36000000,117.27840000,1667001746165,False,True
40034228,18.43000000,116.64000000,2149.67520000,1667001746179,True,True
40034229,18.44000000,38.79000000,715.28760000,1667001746242,True,True
40034230,18.44000000,2.15000000,39.64600000,1667001746277,True,True
40034231,18.45000000,2.96000000,54.61200000,1667001746466,False,True
40034232,18.45000000,1.44000000,26.56800000,1667001746466,False,True
40034233,18.45000000,2.55000000,47.04750000,1667001746466,False,True
40034234,18.45000000,3.85000000,71.03250000,1667001746466,False,True
40034235,18.45000000,1.05000000,19.37250000,1667001746478,False,True
40034236,18.45000000,5.89000000,108.67050000,1667001746478,False,True
40034237,18.45000000,1.21000000,22.32450000,1667001746478,False,True
40034238,18.45000000,1.71000000,31.54950000,1667001746478,False,True
40034239,18.45000000,3.50000000,64.57500000,1667001746478,False,True
40034240,18.45000000,3.19000000,58.85550000,1667001746478,False,True
40034241,18.45000000,1.16000000,21.40200000,1667001746478,False,True
40034242,18.45000000,2.00000000,36.90000000,1667001746478,False,True
40034243,18.45000000,4.90000000,90.40500000,1667001746478,False,True
40034244,18.45000000,7.17000000,132.28650000,1667001746478,False,True
40034245,18.45000000,1.51000000,27.85950000,1667001746478,False,True
40034246,18.45000000,0.80000000,14.76000000,1667001746478,False,True
40034247,18.45000000,0.63000000,11.62350000,1667001746478,False,True
40034248,18.45000000,8.00000000,147.60000000,1667001746478,False,True
40034249,18.45000000,1.10000000,20.29500000,1667001746478,False,True
40034250,18.45000000,5.00000000,92.25000000,1667001746478,False,True
40034251,18.45000000,91.18000000,1682.27100000,1667001746478,False,True
40034252,18.45000000,49.00000000,904.05000000,1667001746494,False,True
40034253,18.45000000,94.06000000,1735.40700000,1667001746494,False,True
40034254,18.45000000,2.71000000,49.99950000,1667001746494,False,True
40034255,18.45000000,15.04000000,277.48800000,1667001746494,False,True
40034256,18.45000000,22.43000000,413.83350000,1667001746494,False,True
40034257,18.45000000,10.80000000,199.26000000,1667001746509,False,True
40034258,18.45000000,105.44000000,1945.36800000,1667001746731,True,True
40034259,18.45000000,10.14000000,187.08300000,1667001746731,True,True
40034260,18.45000000,8.78000000,161.99100000,1667001746731,True,True
40034261,18.44000000,4.43000000,81.68920000,1667001746792,True,True
40034262,18.44000000,45.41000000,837.36040000,1667001746889,True,True
40034263,18.44000000,14.59000000,269.03960000,1667001746889,True,True
40034264,18.45000000,10.14000000,187.08300000,1667001747164,False,True
40034265,18.45000000,13.11000000,241.87950000,1667001747164,False,True
40034266,18.45000000,24.77000000,457.00650000,1667001747164,False,True
40034267,18.45000000,6.36000000,117.34200000,1667001747164,False,True
40034268,18.44000000,3.26000000,60.11440000,1667001747174,True,True
40034269,18.44000000,32.57000000,600.59080000,1667001747174,True,True
40034270,18.44000000,51.34000000,946.70960000,1667001747174,True,True
40034271,18.44000000,60.00000000,1106.40000000,1667001747242,True,True
40034272,18.45000000,32.57000000,600.91650000,1667001747546,True,True
40034273,18.45000000,57.47000000,1060.32150000,1667001747560,True,True
40034274,18.45000000,40.00000000,738.00000000,1667001747602,True,True
40034275,18.45000000,3.88000000,71.58600000,1667001747616,True,True
40034276,18.45000000,25.72000000,474.53400000,1667001747616,True,True
40034277,18.45000000,1.09000000,20.11050000,1667001747616,True,True
40034278,18.45000000,0.66000000,12.17700000,1667001747760,False,True
40034279,18.45000000,30.69000000,566.23050000,1667001747933,False,True
40034280,18.45000000,59.43000000,1096.48350000,1667001747956,False,True
40034281,18.45000000,15.79000000,291.32550000,1667001748233,True,True
40034282,18.45000000,33.24000000,613.27800000,1667001748233,True,True
40034283,18.45000000,1.09000000,20.11050000,1667001748233,True,True
40034284,18.45000000,15.70000000,289.66500000,1667001748233,True,True
40034285,18.45000000,24.96000000,460.51200000,1667001748240,True,True
40034286,18.45000000,1.24000000,22.87800000,1667001748250,True,True
40034287,18.46000000,0.66000000,12.18360000,1667001748333,False,True
40034288,18.45000000,28.28000000,521.76600000,1667001748559,False,True
40034289,18.45000000,0.55000000,10.14750000,1667001748711,False,True
40034290,18.44000000,0.87000000,16.04280000,1667001749264,True,True
40034291,18.44000000,9.97000000,183.84680000,1667001749436,True,True
40034292,18.44000000,10.84000000,199.88960000,1667001749436,True,True
40034293,18.44000000,10.84000000,199.88960000,1667001749436,True,True
40034294,18.44000000,57.34000000,1057.34960000,1667001749436,True,True
40034295,18.44000000,0.60000000,11.06400000,1667001749899,False,True
40034296,18.43000000,33.31000000,613.90330000,1667001750434,True,True
40034297,18.43000000,157.32000000,2899.40760000,1667001750434,True,True
40034298,18.43000000,0.55000000,10.13650000,1667001750437,True,True
40034299,18.43000000,18.81000000,346.66830000,1667001750442,True,True
40034300,18.43000000,29.05000000,535.39150000,1667001750442,True,True
40034301,18.43000000,16.68000000,307.41240000,1667001750445,True,True
40034302,18.43000000,26.00000000,479.18000000,1667001750445,True,True
40034303,18.43000000,48.41000000,892.19630000,1667001750445,True,True
40034304,18.43000000,16.77000000,309.07110000,1667001750448,True,True
40034305,18.43000000,2.72000000,50.12960000,1667001751222,False,True
40034306,18.42000000,2.19000000,40.33980000,1667001751345,True,True
40034307,18.43000000,8.20000000,151.12600000,1667001754408,False,True
40034308,18.43000000,21.79000000,401.58970000,1667001754408,False,True
40034309,18.43000000,0.47000000,8.66210000,1667001754408,False,True
40034310,18.43000000,21.32000000,392.92760000,1667001754426,False,True
40034311,18.43000000,8.67000000,159.78810000,1667001754426,False,True
40034312,18.43000000,3.21000000,59.16030000,1667001754437,False,True
40034313,18.43000000,9.91000000,182.64130000,1667001754452,False,True
40034314,18.43000000,21.79000000,401.58970000,1667001754502,False,True
40034315,18.42000000,0.77000000,14.18340000,1667001754509,True,True
40034316,18.43000000,21.78000000,401.40540000,1667001754513,False,True
40034317,18.43000000,5.30000000,97.67900000,1667001755633,True,True
40034318,18.44000000,1.68000000,30.97920000,1667001756493,False,True
40034319,18.44000000,1.88000000,34.66720000,1667001756794,False,True
40034320,18.43000000,33.22000000,612.24460000,1667001757895,True,True
40034321,18.43000000,39.44000000,726.87920000,1667001757895,True,True
40034322,18.43000000,0.84000000,15.48120000,1667001757930,False,True
40034323,18.43000000,0.84000000,15.48120000,1667001758219,False,True
40034324,18.43000000,89.10000000,1642.11300000,1667001759668,False,True
40034325,18.43000000,33.96000000,625.88280000,1667001761210,True,True
40034326,18.42000000,0.87000000,16.02540000,1667001761414,True,True
40034327,18.42000000,3.25000000,59.86500000,1667001761414,True,True
40034328,18.42000000,3.30000000,60.78600000,1667001761414,True,True
40034329,18.42000000,18.36000000,338.19120000,1667001761414,True,True
40034330,18.41000000,7.17000000,131.99970000,1667001762676,True,True
40034331,18.41000000,0.66000000,12.15060000,1667001762676,True,True
40034332,18.41000000,0.87000000,16.01670000,1667001762676,True,True
40034333,18.41000000,1.57000000,28.90370000,1667001762676,True,True
40034334,18.41000000,0.84000000,15.46440000,1667001762757,False,True
40034335,18.41000000,0.84000000,15.46440000,1667001762843,False,True
40034336,18.40000000,0.60000000,11.04000000,1667001764705,True,True
40034337,18.40000000,0.55000000,10.12000000,1667001764705,True,True
40034338,18.40000000,6.00000000,110.40000000,1667001764705,True,True
40034339,18.40000000,1.51000000,27.78400000,1667001764705,True,True
40034340,18.40000000,45.12000000,830.20800000,1667001764705,True,True
40034341,18.40000000,13.38000000,246.19200000,1667001764716,True,True
40034342,18.40000000,3.25000000,59.80000000,1667001764716,True,True
40034343,18.40000000,3.30000000,60.72000000,1667001764716,True,True
40034344,18.40000000,9.02000000,165.96800000,1667001764729,False,True
40034345,18.40000000,24.23000000,445.83200000,1667001764742,False,True
40034346,18.40000000,32.64000000,600.57600000,1667001764742,False,True
40034347,18.40000000,0.64000000,11.77600000,1667001765319,False,True
40034348,18.40000000,1.23000000,22.63200000,1667001765319,False,True
40034349,18.40000000,17.96000000,330.46400000,1667001765396,False,True
40034350,18.41000000,0.87000000,16.01670000,1667001765485,False,True
40034351,18.39000000,1.20000000,22.06800000,1667001769526,True,True
40034352,18.40000000,5.33000000,98.07200000,1667001770542,False,True
40034353,18.40000000,27.97000000,514.64800000,1667001770552,False,True
40034354,18.40000000,19.19000000,353.09600000,1667001770552,False,True
40034355,18.40000000,4.59000000,84.45600000,1667001770552,False,True
40034356,18.41000000,3.25000000,59.83250000,1667001772293,False,True
40034357,18.41000000,3.30000000,60.75300000,1667001772293,False,True
40034358,18.41000000,4.50000000,82.84500000,1667001772293,False,True
40034359,18.40000000,1.09000000,20.05600000,1667001778406,True,True
40034360,18.41000000,21.30000000,392.13300000,1667001781634,False,True
40034361,18.40000000,26.00000000,478.40000000,1667001788006,True,True
40034362,18.40000000,2.59000000,47.65600000,1667001788006,True,True
40034363,18.39000000,59.14000000,1087.58460000,1667001788006,True,True
40034364,18.39000000,0.87000000,15.99930000,1667001788389,True,True
40034365,18.39000000,1.51000000,27.76890000,1667001788389,True,True
40034366,18.39000000,1.70000000,31.26300000,1667001788389,True,True
40034367,18.39000000,33.26000000,611.65140000,1667001788389,True,True
40034368,18.39000000,26.39000000,485.31210000,1667001788389,True,True
40034369,18.39000000,3.48000000,63.99720000,1667001788389,True,True
40034370,18.39000000,3.30000000,60.68700000,1667001788389,True,True
40034371,18.39000000,3.25000000,59.76750000,1667001788389,True,True
40034372,18.39000000,26.00000000,478.14000000,1667001788389,True,True
40034373,18.39000000,11.30000000,207.80700000,1667001788389,True,True
40034374,18.39000000,22.18000000,407.89020000,1667001788389,True,True
40034375,18.39000000,13.79000000,253.59810000,1667001788407,True,True
40034376,18.39000000,8.46000000,155.57940000,1667001788424,False,True
40034377,18.39000000,5.26000000,96.73140000,1667001788430,False,True
40034378,18.39000000,2.18000000,40.09020000,1667001788488,False,True
40034379,18.39000000,2.18000000,40.09020000,1667001790308,False,True
40034380,18.39000000,50.44000000,927.59160000,1667001791924,False,True
40034381,18.39000000,7.77000000,142.89030000,1667001791940,False,True
40034382,18.39000000,8.11000000,149.14290000,1667001791951,False,True
40034383,18.39000000,5.26000000,96.73140000,1667001791961,False,True
40034384,18.39000000,5.40000000,99.30600000,1667001791974,False,True
40034385,18.38000000,0.69000000,12.68220000,1667001796471,True,True
40034386,18.38000000,0.60000000,11.02800000,1667001796471,True,True
40034387,18.38000000,5.46000000,100.35480000,1667001796471,True,True
40034388,18.38000000,1.73000000,31.79740000,1667001796471,True,True
40034389,18.38000000,1.52000000,27.93760000,1667001796472,True,True
40034390,18.38000000,3.30000000,60.65400000,1667001796472,True,True
40034391,18.37000000,7.12000000,130.79440000,1667001799304,True,True
40034392,18.37000000,0.05000000,0.91850000,1667001801566,True,True
40034393,18.37000000,0.87000000,15.98190000,1667001801566,True,True
40034394,18.37000000,0.69000000,12.67530000,1667001801566,True,True
40034395,18.37000000,1.51000000,27.73870000,1667001801566,True,True
40034396,18.37000000,0.73000000,13.41010000,1667001801566,True,True
40034397,18.38000000,3.54000000,65.06520000,1667001802519,False,True
40034398,18.38000000,33.23000000,610.76740000,1667001805725,False,True
40034399,18.38000000,10.09000000,185.45420000,1667001805725,False,True
40034400,18.38000000,17.06000000,313.56280000,1667001805803,True,True
40034401,18.37000000,7.01000000,128.77370000,1667001812243,True,True
40034402,18.38000000,6.15000000,113.03700000,1667001816228,False,True
40034403,18.39000000,0.87000000,15.99930000,1667001824516,False,True
40034404,18.39000000,28.34000000,521.17260000,1667001824516,False,True
40034405,18.39000000,19.65000000,361.36350000,1667001824516,False,True
40034406,18.39000000,13.65000000,251.02350000,1667001824516,False,True
40034407,18.39000000,1.09000000,20.04510000,1667001824516,False,True
40034408,18.39000000,23.15000000,425.72850000,1667001824516,False,True
40034409,18.39000000,2.38000000,43.76820000,1667001834035,False,True
40034410,18.39000000,1.09000000,20.04510000,1667001834035,False,True
40034411,18.39000000,1.09000000,20.04510000,1667001834035,False,True
40034412,18.39000000,1.09000000,20.04510000,1667001834035,False,True
40034413,18.39000000,1.08000000,19.86120000,1667001834035,False,True
40034414,18.39000000,6.73000000,123.76470000,1667001834045,False,True
40034415,18.39000000,6.73000000,123.76470000,1667001834045,False,True
40034416,18.39000000,33.53000000,616.61670000,1667001840355,False,True
40034417,18.39000000,33.22000000,610.91580000,1667001840355,False,True
40034418,18.39000000,0.87000000,15.99930000,1667001843054,True,True
40034419,18.39000000,46.25000000,850.53750000,1667001846326,True,True
40034420,18.39000000,0.93000000,17.10270000,1667001846326,True,True
40034421,18.39000000,0.87000000,15.99930000,1667001848277,True,True
40034422,18.39000000,55.46000000,1019.90940000,1667001851321,True,True
40034423,18.39000000,33.53000000,616.61670000,1667001851321,True,True
40034424,18.39000000,27.48000000,505.35720000,1667001851321,True,True
40034425,18.39000000,27.83000000,511.79370000,1667001851321,True,True
40034426,18.39000000,1.09000000,20.04510000,1667001853784,False,True
40034427,18.39000000,1.09000000,20.04510000,1667001853784,False,True
40034428,18.39000000,1.09000000,20.04510000,1667001853784,False,True
40034429,18.39000000,90.78000000,1669.44420000,1667001855662,False,True
40034430,18.39000000,30.46000000,560.15940000,1667001855662,False,True
40034431,18.38000000,1.12000000,20.58560000,1667001865620,True,True
40034432,18.38000000,175.17000000,3219.62460000,1667001888632,True,True
40034433,18.38000000,34.74000000,638.52120000,1667001888632,True,True
40034434,18.38000000,2.72000000,49.99360000,1667001888632,True,True
40034435,18.38000000,1.11000000,20.40180000,1667001890312,False,True
40034436,18.38000000,1.11000000,20.40180000,1667001890312,False,True
40034437,18.37000000,74.32000000,1365.25840000,1667001896669,True,True
40034438,18.37000000,3.30000000,60.62100000,1667001896669,True,True
40034439,18.37000000,3.25000000,59.70250000,1667001896669,True,True
40034440,18.37000000,0.87000000,15.98190000,1667001896669,True,True
40034441,18.37000000,4.98000000,91.48260000,1667001896669,True,True
40034442,18.38000000,1.09000000,20.03420000,1667001897083,False,True
40034443,18.38000000,1.09000000,20.03420000,1667001897083,False,True
40034444,18.38000000,1.09000000,20.03420000,1667001897083,False,True
40034445,18.38000000,1.09000000,20.03420000,1667001897083,False,True
40034446,18.38000000,0.87000000,15.99060000,1667001897083,False,True
40034447,18.37000000,14.90000000,273.71300000,1667001898076,True,True
40034448,18.38000000,1.84000000,33.81920000,1667001904410,False,True
40034449,18.37000000,16.46000000,302.37020000,1667001904813,True,True
40034450,18.37000000,19.50000000,358.21500000,1667001904813,True,True
40034451,18.38000000,1.09000000,20.03420000,1667001908344,False,True
40034452,18.38000000,13.00000000,238.94000000,1667001908344,False,True
40034453,18.38000000,38.81000000,713.32780000,1667001908346,False,True
40034454,18.38000000,1.09000000,20.03420000,1667001908369,False,True
40034455,18.38000000,1.09000000,20.03420000,1667001908369,False,True
40034456,18.38000000,2.58000000,47.42040000,1667001913084,True,True
40034457,18.39000000,0.87000000,15.99930000,1667001921360,False,True
40034458,18.39000000,3.30000000,60.68700000,1667001921360,False,True
40034459,18.39000000,3.25000000,59.76750000,1667001921360,False,True
40034460,18.39000000,1.71000000,31.44690000,1667001921768,True,True
40034461,18.39000000,50.10000000,921.33900000,1667001923089,True,True
40034462,18.39000000,4.43000000,81.46770000,1667001923089,True,True
40034463,18.39000000,32.95000000,605.95050000,1667001924747,True,True
40034464,18.39000000,90.78000000,1669.44420000,1667001925923,False,True
40034465,18.39000000,1.97000000,36.22830000,1667001950008,True,True
40034466,18.40000000,1.09000000,20.05600000,1667001978249,False,True
40034467,18.40000000,10.00000000,184.00000000,1667001998270,False,True
40034468,18.39000000,10.69000000,196.58910000,1667002011576,True,True
40034469,18.39000000,0.86000000,15.81540000,1667002013804,True,True
40034470,18.39000000,1.96000000,36.04440000,1667002016173,True,True
40034471,18.39000000,1.96000000,36.04440000,1667002016176,True,True
40034472,18.39000000,1.96000000,36.04440000,1667002016176,True,True
40034473,18.39000000,1.96000000,36.04440000,1667002016176,True,True
40034474,18.39000000,1.96000000,36.04440000,1667002016176,True,True
40034475,18.39000000,1.96000000,36.04440000,1667002016179,True,True
40034476,18.39000000,12.59000000,231.53010000,1667002031974,True,True
40034477,18.39000000,3.46000000,63.62940000,1667002031974,True,True
40034478,18.39000000,34.03000000,625.81170000,1667002032021,True,True
40034479,18.38000000,51.81000000,952.26780000,1667002033565,True,True
40034480,18.38000000,16.40000000,301.43200000,1667002033565,True,True
40034481,18.38000000,38.97000000,716.26860000,1667002033565,True,True
40034482,18.38000000,45.40000000,834.45200000,1667002033565,True,True
40034483,18.38000000,11.09000000,203.83420000,1667002033565,True,True
40034484,18.38000000,1.64000000,30.14320000,1667002033565,True,True
40034485,18.38000000,12.57000000,231.03660000,1667002033565,True,True
40034486,18.37000000,0.87000000,15.98190000,1667002040634,True,True
40034487,18.37000000,1.29000000,23.69730000,1667002040634,True,True
40034488,18.37000000,5.00000000,91.85000000,1667002042672,True,True
40034489,18.38000000,40.18000000,738.50840000,1667002043192,False,True
40034490,18.38000000,0.01000000,0.18380000,1667002043192,False,True
40034491,18.38000000,10.45000000,192.07100000,1667002062308,False,True
40034492,18.38000000,2.39000000,43.92820000,1667002062310,False,True
40034493,18.38000000,6.57000000,120.75660000,1667002062310,False,True
40034494,18.38000000,129.61000000,2382.23180000,1667002062320,False,True
40034495,18.39000000,6.99000000,128.54610000,1667002079093,False,True
40034496,18.39000000,3.25000000,59.76750000,1667002079093,False,True
40034497,18.39000000,0.87000000,15.99930000,1667002079093,False,True
40034498,18.39000000,3.30000000,60.68700000,1667002079093,False,True
40034499,18.39000000,1.09000000,20.04510000,1667002079093,False,True
40034500,18.39000000,1.09000000,20.04510000,1667002079093,False,True
40034501,18.39000000,18.60000000,342.05400000,1667002079093,False,True
40034502,18.39000000,1.09000000,20.04510000,1667002079093,False,True
40034503,18.39000000,1.09000000,20.04510000,1667002079093,False,True
40034504,18.39000000,181.38000000,3335.57820000,1667002079093,False,True
40034505,18.39000000,33.14000000,609.44460000,1667002079093,False,True
40034506,18.39000000,33.15000000,609.62850000,1667002079093,False,True
40034507,18.39000000,33.03000000,607.42170000,1667002079093,False,True
40034508,18.40000000,24.27000000,446.56800000,1667002079093,False,True
40034509,18.40000000,25.29000000,465.33600000,1667002079093,False,True
40034510,18.40000000,39.65000000,729.56000000,1667002079093,False,True
40034511,18.40000000,2.72000000,50.04800000,1667002079093,False,True
40034512,18.40000000,1.00000000,18.40000000,1667002079093,False,True
40034513,18.40000000,24.41000000,449.14400000,1667002079093,False,True
40034514,18.40000000,51.32000000,944.28800000,1667002079093,False,True
40034515,18.40000000,38.44000000,707.29600000,1667002079093,False,True
40034516,18.39000000,6.42000000,118.06380000,1667002079278,False,True
40034517,18.39000000,6.29000000,115.67310000,1667002079278,False,True
40034518,18.39000000,90.78000000,1669.44420000,1667002080117,True,True
40034519,18.39000000,24.03000000,441.91170000,1667002081937,False,True
40034520,18.39000000,9.38000000,172.49820000,1667002081937,False,True
40034521,18.39000000,47.13000000,866.72070000,1667002091583,False,True
40034522,18.39000000,7.04000000,129.46560000,1667002091583,False,True
40034523,18.38000000,25.00000000,459.50000000,1667002119218,True,True
40034524,18.38000000,6.20000000,113.95600000,1667002157411,True,True
40034525,18.38000000,3.25000000,59.73500000,1667002157411,True,True
40034526,18.38000000,3.30000000,60.65400000,1667002157411,True,True
40034527,18.38000000,1.11000000,20.40180000,1667002157411,True,True
40034528,18.38000000,24.98000000,459.13240000,1667002157411,True,True
40034529,18.38000000,0.58000000,10.66040000,1667002157448,True,True
40034530,18.37000000,0.87000000,15.98190000,1667002161504,True,True
40034531,18.37000000,3.30000000,60.62100000,1667002161504,True,True
40034532,18.37000000,25.57000000,469.72090000,1667002161581,False,True
40034533,18.37000000,83.74000000,1538.30380000,1667002161581,False,True
40034534,18.37000000,1.09000000,20.02330000,1667002161581,False,True
40034535,18.37000000,5.64000000,103.60680000,1667002161861,True,True
40034536,18.37000000,5.64000000,103.60680000,1667002161865,True,True
40034537,18.37000000,44.00000000,808.28000000,1667002163539,True,True
40034538,18.37000000,44.01000000,808.46370000,1667002163612,False,True
40034539,18.37000000,59.71000000,1096.87270000,1667002163612,False,True
40034540,18.37000000,1.09000000,20.02330000,1667002163612,False,True
40034541,18.37000000,1.09000000,20.02330000,1667002163612,False,True
40034542,18.37000000,1.09000000,20.02330000,1667002163672,False,True
40034543,18.37000000,1.09000000,20.02330000,1667002163672,False,True
40034544,18.38000000,19.06000000,350.32280000,1667002175420,False,True
40034545,18.38000000,7.34000000,134.90920000,1667002175420,False,True
40034546,18.38000000,28.56000000,524.93280000,1667002175427,False,True
40034547,18.38000000,1.90000000,34.92200000,1667002175427,False,True
40034548,18.38000000,6.93000000,127.37340000,1667002175428,False,True
40034549,18.39000000,71.53000000,1315.43670000,1667002175533,False,True
40034550,18.39000000,90.00000000,1655.10000000,1667002175625,False,True
40034551,18.39000000,10.00000000,183.90000000,1667002175625,False,True
40034552,18.39000000,3.25000000,59.76750000,1667002175625,False,True
40034553,18.39000000,0.87000000,15.99930000,1667002175625,False,True
40034554,18.39000000,3.30000000,60.68700000,1667002175625,False,True
40034555,18.39000000,9.53000000,175.25670000,1667002175625,False,True
40034556,18.39000000,8.83000000,162.38370000,1667002175625,False,True
40034557,18.39000000,14.98000000,275.48220000,1667002176834,True,True
40034558,18.39000000,76.98000000,1415.66220000,1667002198818,True,True
40034559,18.39000000,20.00000000,367.80000000,1667002198831,True,True
40034560,18.39000000,30.71000000,564.75690000,1667002198836,True,True
40034561,18.39000000,19.65000000,361.36350000,1667002198842,True,True
40034562,18.39000000,0.55000000,10.11450000,1667002198842,True,True
40034563,18.39000000,19.10000000,351.24900000,1667002200806,False,True
40034564,18.39000000,21.86000000,402.00540000,1667002205462,False,True
40034565,18.37000000,3.30000000,60.62100000,1667002219946,True,True
40034566,18.37000000,0.87000000,15.98190000,1667002219946,True,True
40034567,18.37000000,3.25000000,59.70250000,1667002219946,True,True
40034568,18.37000000,11.77000000,216.21490000,1667002219968,False,True
40034569,18.37000000,12.03000000,220.99110000,1667002219968,False,True
40034570,18.37000000,30.46000000,559.55020000,1667002219968,False,True
40034571,18.37000000,44.00000000,808.28000000,1667002223335,False,True
40034572,18.37000000,12.03000000,220.99110000,1667002223346,False,True
40034573,18.37000000,10.14000000,186.27180000,1667002223891,True,True
40034574,18.37000000,84.96000000,1560.71520000,1667002223891,True,True
40034575,18.37000000,0.59000000,10.83830000,1667002233596,True,True
40034576,18.38000000,9.08000000,166.89040000,1667002242253,False,True
40034577,18.38000000,1.49000000,27.38620000,1667002243223,True,True
40034578,18.39000000,0.87000000,15.99930000,1667002249600,False,True
40034579,18.39000000,3.25000000,59.76750000,1667002249600,False,True
40034580,18.39000000,3.30000000,60.68700000,1667002249600,False,True
40034581,18.39000000,33.16000000,609.81240000,1667002256897,True,True
40034582,18.39000000,45.46000000,836.00940000,1667002256897,True,True
40034583,18.39000000,14.83000000,272.72370000,1667002256897,True,True
40034584,18.39000000,44.00000000,809.16000000,1667002260786,True,True
40034585,18.39000000,0.89000000,16.36710000,1667002263680,True,True
40034586,18.39000000,35.38000000,650.63820000,1667002263680,True,True
40034587,18.39000000,10.19000000,187.39410000,1667002263680,True,True
40034588,18.39000000,25.14000000,462.32460000,1667002264660,True,True
40034589,18.39000000,33.17000000,609.99630000,1667002264660,True,True
40034590,18.39000000,46.24000000,850.35360000,1667002264660,True,True
40034591,18.40000000,3.25000000,59.80000000,1667002277236,False,True
40034592,18.40000000,3.30000000,60.72000000,1667002277236,False,True
40034593,18.40000000,7.01000000,128.98400000,1667002277236,False,True
40034594,18.41000000,40.88000000,752.60080000,1667002279194,False,True
40034595,18.41000000,0.87000000,16.01670000,1667002282885,False,True
40034596,18.41000000,7.17000000,131.99970000,1667002282885,False,True
40034597,18.41000000,1.92000000,35.34720000,1667002282885,False,True
40034598,18.41000000,8.08000000,148.75280000,1667002282895,False,True
40034599,18.41000000,0.87000000,16.01670000,1667002282895,False,True
40034600,18.41000000,9.64000000,177.47240000,1667002282900,False,True
40034601,18.41000000,13.57000000,249.82370000,1667002282900,False,True
40034602,18.41000000,8.15000000,150.04150000,1667002282918,False,True
40034603,18.41000000,5.48000000,100.88680000,1667002282918,False,True
40034604,18.41000000,2.41000000,44.36810000,1667002282954,False,True
40034605,18.41000000,2.41000000,44.36810000,1667002288011,True,True
40034606,18.41000000,35.46000000,652.81860000,1667002288017,True,True
40034607,18.41000000,1.08000000,19.88280000,1667002288017,True,True
40034608,18.41000000,17.09000000,314.62690000,1667002298851,True,True
40034609,18.41000000,17.09000000,314.62690000,1667002298875,True,True
40034610,18.40000000,19.84000000,365.05600000,1667002303861,True,True
40034611,18.40000000,35.00000000,644.00000000,1667002303861,True,True
40034612,18.39000000,33.16000000,609.81240000,1667002303865,True,True
40034613,18.39000000,21.68000000,398.69520000,1667002303865,True,True
40034614,18.41000000,7.62000000,140.28420000,1667002317457,False,True
40034615,18.41000000,4.10000000,75.48100000,1667002317457,False,True
40034616,18.41000000,23.51000000,432.81910000,1667002320588,False,True
40034617,18.40000000,7.23000000,133.03200000,1667002321292,True,True
40034618,18.40000000,7.27000000,133.76800000,1667002329015,False,True
40034619,18.40000000,2.72000000,50.04800000,1667002330786,False,True
40034620,18.40000000,18.60000000,342.24000000,1667002334055,False,True
40034621,18.40000000,6.20000000,114.08000000,1667002334055,False,True
40034622,18.39000000,14.61000000,268.67790000,1667002338403,True,True
40034623,18.40000000,19.84000000,365.05600000,1667002345011,False,True
40034624,18.40000000,1.09000000,20.05600000,1667002345011,False,True
40034625,18.40000000,18.60000000,342.24000000,1667002345011,False,True
40034626,18.40000000,1.09000000,20.05600000,1667002345011,False,True
40034627,18.40000000,1.09000000,20.05600000,1667002345011,False,True
40034628,18.40000000,10.14000000,186.57600000,1667002345011,False,True
40034629,18.40000000,2.19000000,40.29600000,1667002345073,True,True
40034630,18.40000000,0.33000000,6.07200000,1667002346296,True,True
40034631,18.40000000,6.20000000,114.08000000,1667002348956,False,True
40034632,18.40000000,18.60000000,342.24000000,1667002348956,False,True
40034633,18.41000000,63.17000000,1162.95970000,1667002356351,False,True
40034634,18.41000000,2.18000000,40.13380000,1667002356408,True,True
40034635,18.41000000,8.79000000,161.82390000,1667002356605,True,True
40034636,18.41000000,52.19000000,960.81790000,1667002356614,True,True
40034637,18.41000000,4.30000000,79.16300000,1667002356614,True,True
40034638,18.41000000,30.46000000,560.76860000,1667002356615,True,True
40034639,18.41000000,63.16000000,1162.77560000,1667002359536,False,True
40034640,18.42000000,0.87000000,16.02540000,1667002361758,False,True
40034641,18.42000000,1.51000000,27.81420000,1667002361758,False,True
40034642,18.42000000,3.25000000,59.86500000,1667002361758,False,True
40034643,18.42000000,3.30000000,60.78600000,1667002361758,False,True
40034644,18.42000000,1.57000000,28.91940000,1667002361758,False,True
40034645,18.42000000,9.53000000,175.54260000,1667002361758,False,True
40034646,18.42000000,18.60000000,342.61200000,1667002361758,False,True
40034647,18.42000000,2.72000000,50.10240000,1667002361758,False,True
40034648,18.42000000,2.18000000,40.15560000,1667002361881,True,True
40034649,18.42000000,8.97000000,165.22740000,1667002375170,True,True
40034650,18.41000000,0.87000000,16.01670000,1667002378322,True,True
40034651,18.41000000,0.22000000,4.05020000,1667002378322,True,True
40034652,18.42000000,1.07000000,19.70940000,1667002378942,False,True
40034653,18.41000000,17.47000000,321.62270000,1667002380758,True,True
40034654,18.41000000,74.99000000,1380.56590000,1667002380768,True,True
40034655,18.41000000,45.69000000,841.15290000,1667002380768,True,True
40034656,18.40000000,3.30000000,60.72000000,1667002394329,True,True
40034657,18.40000000,3.25000000,59.80000000,1667002394329,True,True
40034658,18.40000000,19.82000000,364.68800000,1667002394329,True,True
40034659,18.40000000,10.37000000,190.80800000,1667002394329,True,True
40034660,18.40000000,45.09000000,829.65600000,1667002394329,True,True
40034661,18.40000000,30.47000000,560.64800000,1667002397826,False,True
40034662,18.40000000,12.47000000,229.44800000,1667002403752,True,True
40034663,18.40000000,2.71000000,49.86400000,1667002404216,False,True
40034664,18.41000000,0.82000000,15.09620000,1667002420841,False,True
40034665,18.41000000,44.88000000,826.24080000,1667002430222,False,True
40034666,18.41000000,34.53000000,635.69730000,1667002430222,False,True
40034667,18.41000000,46.94000000,864.16540000,1667002430233,False,True
40034668,18.41000000,33.15000000,610.29150000,1667002430233,False,True
40034669,18.41000000,22.62000000,416.43420000,1667002430233,False,True
40034670,18.41000000,6.49000000,119.48090000,1667002430233,False,True
40034671,18.41000000,1.09000000,20.06690000,1667002430233,False,True
40034672,18.41000000,18.60000000,342.42600000,1667002430233,False,True
40034673,18.41000000,1.08000000,19.88280000,1667002430233,False,True
40034674,18.41000000,0.01000000,0.18410000,1667002430233,False,True
40034675,18.41000000,5.23000000,96.28430000,1667002434295,True,True
40034676,18.42000000,9.77000000,179.96340000,1667002434793,False,True
40034677,18.42000000,6.59000000,121.38780000,1667002434799,False,True
40034678,18.42000000,6.11000000,112.54620000,1667002434806,False,True
40034679,18.42000000,6.62000000,121.94040000,1667002434809,False,True
40034680,18.42000000,8.67000000,159.70140000,1667002434817,False,True
40034681,18.42000000,2.24000000,41.26080000,1667002434826,False,True
40034682,18.42000000,0.87000000,16.02540000,1667002434826,False,True
40034683,18.42000000,3.30000000,60.78600000,1667002434826,False,True
40034684,18.42000000,3.25000000,59.86500000,1667002434826,False,True
40034685,18.42000000,2.71000000,49.91820000,1667002434826,False,True
40034686,18.42000000,1.08000000,19.89360000,1667002434826,False,True
40034687,18.42000000,8.95000000,164.85900000,1667002434826,False,True
40034688,18.42000000,14.63000000,269.48460000,1667002435560,True,True
40034689,18.42000000,27.25000000,501.94500000,1667002437404,True,True
40034690,18.42000000,25.93000000,477.63060000,1667002437404,True,True
40034691,18.42000000,6.82000000,125.62440000,1667002437404,True,True
40034692,18.42000000,20.00000000,368.40000000,1667002437405,True,True
40034693,18.42000000,6.37000000,117.33540000,1667002437408,True,True
40034694,18.42000000,14.78000000,272.24760000,1667002437408,True,True
40034695,18.42000000,16.38000000,301.71960000,1667002437417,True,True
40034696,18.43000000,0.69000000,12.71670000,1667002455387,False,True
40034697,18.43000000,34.84000000,642.10120000,1667002455387,False,True
40034698,18.43000000,0.52000000,9.58360000,1667002455399,False,True
40034699,18.43000000,6.64000000,122.37520000,1667002455399,False,True
40034700,18.43000000,3.25000000,59.89750000,1667002455399,False,True
40034701,18.43000000,3.30000000,60.81900000,1667002455399,False,True
40034702,18.44000000,0.87000000,16.04280000,1667002456442,False,True
40034703,18.44000000,1.51000000,27.84440000,1667002456442,False,True
40034704,18.44000000,0.69000000,12.72360000,1667002456442,False,True
40034705,18.44000000,0.60000000,11.06400000,1667002456442,False,True
40034706,18.44000000,12.71000000,234.37240000,1667002456442,False,True
40034707,18.44000000,13.96000000,257.42240000,1667002456453,False,True
40034708,18.44000000,10.93000000,201.54920000,1667002457908,False,True
40034709,18.44000000,4.72000000,87.03680000,1667002457908,False,True
40034710,18.44000000,10.14000000,186.98160000,1667002458088,True,True
40034711,18.44000000,2.00000000,36.88000000,1667002458088,True,True
40034712,18.45000000,27.10000000,499.99500000,1667002475582,False,True
40034713,18.45000000,13.01000000,240.03450000,1667002477138,False,True
40034714,18.45000000,7.17000000,132.28650000,1667002477138,False,True
40034715,18.45000000,0.55000000,10.14750000,1667002477138,False,True
40034716,18.45000000,1.51000000,27.85950000,1667002477138,False,True
40034717,18.45000000,3.25000000,59.96250000,1667002477138,False,True
40034718,18.45000000,1.57000000,28.96650000,1667002477138,False,True
40034719,18.45000000,27.64000000,509.95800000,1667002477138,False,True
40034720,18.44000000,1.09000000,20.09960000,1667002484468,True,True
40034721,18.45000000,1.09000000,20.11050000,1667002484813,False,True
40034722,18.45000000,1.10000000,20.29500000,1667002484997,False,True
40034723,18.44000000,25.16000000,463.95040000,1667002491634,True,True
40034724,18.44000000,2.71000000,49.97240000,1667002491634,True,True
40034725,18.44000000,4.29000000,79.10760000,1667002491634,True,True
40034726,18.44000000,31.97000000,589.52680000,1667002491634,True,True
40034727,18.43000000,18.84000000,347.22120000,1667002491986,True,True
40034728,18.43000000,13.13000000,241.98590000,1667002491986,True,True
40034729,18.43000000,28.94000000,533.36420000,1667002491986,True,True
40034730,18.43000000,10.50000000,193.51500000,1667002491986,True,True
40034731,18.43000000,6.20000000,114.26600000,1667002491986,True,True
40034732,18.43000000,16.31000000,300.59330000,1667002491986,True,True
40034733,18.43000000,15.27000000,281.42610000,1667002492044,False,True
40034734,18.43000000,42.72000000,787.32960000,1667002493216,True,True
40034735,18.42000000,11.70000000,215.51400000,1667002494521,True,True
40034736,18.44000000,10.05000000,185.32200000,1667002515941,False,True
40034737,18.44000000,2.18000000,40.19920000,1667002516003,True,True
40034738,18.44000000,29.76000000,548.77440000,1667002516066,True,True
40034739,18.44000000,130.24000000,2401.62560000,1667002516066,True,True
40034740,18.44000000,47.38000000,873.68720000,1667002516067,True,True
40034741,18.44000000,10.14000000,186.98160000,1667002516067,True,True
40034742,18.44000000,24.65000000,454.54600000,1667002516067,True,True
40034743,18.44000000,35.38000000,652.40720000,1667002516218,True,True
40034744,18.43000000,90.79000000,1673.25970000,1667002517776,True,True
40034745,18.43000000,11.05000000,203.65150000,1667002517776,True,True
40034746,18.43000000,14.31000000,263.73330000,1667002517776,True,True
40034747,18.43000000,6.57000000,121.08510000,1667002517784,True,True
40034748,18.43000000,70.71000000,1303.18530000,1667002517784,True,True
40034749,18.43000000,6.20000000,114.26600000,1667002517784,True,True
40034750,18.43000000,17.73000000,326.76390000,1667002517784,True,True
40034751,18.43000000,30.46000000,561.37780000,1667002518494,False,True
40034752,18.43000000,10.14000000,186.88020000,1667002518494,False,True
40034753,18.43000000,3.40000000,62.66200000,1667002518494,False,True
40034754,18.43000000,10.47000000,192.96210000,1667002518509,False,True
40034755,18.44000000,17.10000000,315.32400000,1667002524062,False,True
40034756,18.44000000,2.87000000,52.92280000,1667002524881,False,True
40034757,18.42000000,0.87000000,16.02540000,1667002545593,True,True
40034758,18.42000000,3.30000000,60.78600000,1667002545593,True,True
40034759,18.42000000,3.25000000,59.86500000,1667002545593,True,True
40034760,18.42000000,1.50000000,27.63000000,1667002545593,True,True
40034761,18.42000000,2.85000000,52.49700000,1667002545593,True,True
40034762,18.42000000,50.92000000,937.94640000,1667002545593,True,True
40034763,18.42000000,19.82000000,365.08440000,1667002545593,True,True
40034764,18.42000000,31.92000000,587.96640000,1667002545593,True,True
40034765,18.41000000,162.96000000,3000.09360000,1667002545593,True,True
40034766,18.41000000,0.87000000,16.01670000,1667002545593,True,True
40034767,18.41000000,14.99000000,275.96590000,1667002545593,True,True
40034768,18.41000000,16.96000000,312.23360000,1667002545593,True,True
40034769,18.41000000,66.43000000,1222.97630000,1667002545593,True,True
40034770,18.41000000,2.88000000,53.02080000,1667002545593,True,True
40034771,18.41000000,29.24000000,538.30840000,1667002545593,True,True
40034772,18.41000000,9.53000000,175.44730000,1667002545593,True,True
40034773,18.41000000,7.17000000,131.99970000,1667002545593,True,True
40034774,18.41000000,1.57000000,28.90370000,1667002545593,True,True
40034775,18.41000000,97.62000000,1797.18420000,1667002545593,True,True
40034776,18.41000000,1.08000000,19.88280000,1667002552186,True,True
40034777,18.41000000,0.92000000,16.93720000,1667002552186,True,True
40034778,18.41000000,21.43000000,394.52630000,1667002562727,True,True
40034779,18.41000000,3.30000000,60.75300000,1667002562727,True,True
40034780,18.40000000,10.00000000,184.00000000,1667002564711,True,True
40034781,18.40000000,10.93000000,201.11200000,1667002564711,True,True
40034782,18.40000000,9.53000000,175.35200000,1667002564711,True,True
40034783,18.40000000,1.51000000,27.78400000,1667002564711,True,True
40034784,18.40000000,1.42000000,26.12800000,1667002564711,True,True
40034785,18.40000000,3.25000000,59.80000000,1667002564711,True,True
40034786,18.40000000,20.00000000,368.00000000,1667002564711,True,True
40034787,18.40000000,17.57000000,323.28800000,1667002564729,True,True
40034788,18.39000000,0.87000000,15.99930000,1667002566592,True,True
40034789,18.39000000,10.00000000,183.90000000,1667002566592,True,True
40034790,18.39000000,1.51000000,27.76890000,1667002566592,True,True
40034791,18.39000000,0.55000000,10.11450000,1667002566592,True,True
40034792,18.39000000,12.00000000,220.68000000,1667002566592,True,True
40034793,18.39000000,3.30000000,60.68700000,1667002566592,True,True
40034794,18.39000000,11.01000000,202.47390000,1667002567694,False,True
40034795,18.39000000,10.40000000,191.25600000,1667002567694,False,True
40034796,18.39000000,85.44000000,1571.24160000,1667002567694,False,True
40034797,18.39000000,21.32000000,392.07480000,1667002567736,False,True
40034798,18.39000000,8.77000000,161.28030000,1667002567736,False,True
40034799,18.39000000,23.29000000,428.30310000,1667002570155,True,True
40034800,18.39000000,3.30000000,60.68700000,1667002570155,True,True
40034801,18.39000000,51.92000000,954.80880000,1667002570155,True,True
40034802,18.40000000,85.44000000,1572.09600000,1667002572744,True,True
40034803,18.40000000,12.47000000,229.44800000,1667002573971,False,True
40034804,18.40000000,10.00000000,184.00000000,1667002577040,False,True
40034805,18.40000000,9.83000000,180.87200000,1667002581008,False,True
40034806,18.39000000,1.71000000,31.44690000,1667002584165,False,True
40034807,18.39000000,21.08000000,387.66120000,1667002607033,False,True
40034808,18.39000000,37.65000000,692.38350000,1667002607064,False,True
40034809,18.39000000,30.34000000,557.95260000,1667002607078,False,True
40034810,18.39000000,10.11000000,185.92290000,1667002607078,False,True
40034811,18.39000000,39.84000000,732.65760000,1667002607078,False,True
40034812,18.39000000,46.43000000,853.84770000,1667002607078,False,True
40034813,18.40000000,25.17000000,463.12800000,1667002632571,False,True
40034814,18.40000000,2.18000000,40.11200000,1667002634216,False,True
40034815,18.39000000,12.42000000,228.40380000,1667002635886,True,True
40034816,18.39000000,12.42000000,228.40380000,1667002635886,True,True
40034817,18.39000000,3.34000000,61.42260000,1667002635886,True,True
40034818,18.39000000,3.34000000,61.42260000,1667002635886,True,True
40034819,18.39000000,3.34000000,61.42260000,1667002635886,True,True
40034820,18.39000000,3.34000000,61.42260000,1667002635887,True,True
40034821,18.39000000,52.58000000,966.94620000,1667002635888,True,True
40034822,18.39000000,19.83000000,364.67370000,1667002635888,True,True
40034823,18.39000000,65.41000000,1202.88990000,1667002635888,True,True
40034824,18.39000000,116.48000000,2142.06720000,1667002635888,True,True
40034825,18.39000000,3.34000000,61.42260000,1667002635890,True,True
40034826,18.39000000,3.34000000,61.42260000,1667002635890,True,True
40034827,18.39000000,211.64000000,3892.05960000,1667002635896,True,True
40034828,18.39000000,101.51000000,1866.76890000,1667002635897,True,True
40034829,18.39000000,33.04000000,607.60560000,1667002635897,True,True
40034830,18.39000000,31.58000000,580.75620000,1667002635901,True,True
40034831,18.39000000,11.93000000,219.39270000,1667002635904,True,True
40034832,18.39000000,90.78000000,1669.44420000,1667002644026,False,True
40034833,18.38000000,0.69000000,12.68220000,1667002663375,True,True
40034834,18.38000000,0.60000000,11.02800000,1667002663375,True,True
40034835,18.38000000,3.25000000,59.73500000,1667002663375,True,True
40034836,18.38000000,3.30000000,60.65400000,1667002663375,True,True
40034837,18.38000000,3.30000000,60.65400000,1667002663386,True,True
40034838,18.38000000,7.84000000,144.09920000,1667002663386,True,True
40034839,18.38000000,71.80000000,1319.68400000,1667002663397,True,True
40034840,18.38000000,15.00000000,275.70000000,1667002667319,False,True
40034841,18.38000000,49.06000000,901.72280000,1667002669106,False,True
40034842,18.37000000,0.87000000,15.98190000,1667002697731,True,True
40034843,18.37000000,7.17000000,131.71290000,1667002697731,True,True
40034844,18.37000000,1.51000000,27.73870000,1667002697731,True,True
40034845,18.37000000,0.69000000,12.67530000,1667002697731,True,True
40034846,18.37000000,3.25000000,59.70250000,1667002697731,True,True
40034847,18.37000000,3.30000000,60.62100000,1667002697731,True,True
40034848,18.37000000,5.44000000,99.93280000,1667002697731,True,True
40034849,18.37000000,21.77000000,399.91490000,1667002697731,True,True
40034850,18.37000000,21.77000000,399.91490000,1667002697738,True,True
40034851,18.37000000,10.00000000,183.70000000,1667002697744,True,True
40034852,18.37000000,18.60000000,341.68200000,1667002700093,False,True
40034853,18.37000000,6.90000000,126.75300000,1667002701513,False,True
40034854,18.38000000,10.98000000,201.81240000,1667002702958,False,True
40034855,18.38000000,7.66000000,140.79080000,1667002702958,False,True
40034856,18.38000000,11.23000000,206.40740000,1667002702958,False,True
40034857,18.38000000,12.06000000,221.66280000,1667002702958,False,True
40034858,18.38000000,20.71000000,380.64980000,1667002702958,False,True
40034859,18.38000000,9.04000000,166.15520000,1667002708843,True,True
40034860,18.37000000,23.29000000,427.83730000,1667002724623,True,True
40034861,18.37000000,26.84000000,493.05080000,1667002724630,True,True
40034862,18.37000000,17.16000000,315.22920000,1667002724630,True,True
40034863,18.37000000,22.75000000,417.91750000,1667002724746,True,True
40034864,18.37000000,10.88000000,199.86560000,1667002724746,True,True
40034865,18.37000000,44.00000000,808.28000000,1667002731640,False,True
40034866,18.37000000,5.40000000,99.19800000,1667002731645,False,True
40034867,18.37000000,1.08000000,19.83960000,1667002757809,True,True
40034868,18.38000000,1.13000000,20.76940000,1667002761440,False,True
40034869,18.37000000,1.66000000,30.49420000,1667002770099,True,True
40034870,18.37000000,5.40000000,99.19800000,1667002775952,True,True
40034871,18.38000000,0.59000000,10.84420000,1667002782687,False,True
40034872,18.37000000,37.43000000,687.58910000,1667002801670,True,True
40034873,18.38000000,5.81000000,106.78780000,1667002805461,False,True
40034874,18.38000000,2.67000000,49.07460000,1667002805461,False,True
40034875,18.38000000,16.23000000,298.30740000,1667002805461,False,True
40034876,18.38000000,2.49000000,45.76620000,1667002805461,False,True
40034877,18.37000000,1.07000000,19.65590000,1667002817275,True,True
40034878,18.38000000,1.09000000,20.03420000,1667002818940,False,True
40034879,18.38000000,223.82000000,4113.81160000,1667002828129,False,True
40034880,18.38000000,23.29000000,428.07020000,1667002828142,False,True
40034881,18.38000000,58.18000000,1069.34840000,1667002828149,False,True
40034882,18.38000000,25.32000000,465.38160000,1667002828186,False,True
40034883,18.38000000,12.02000000,220.92760000,1667002828196,False,True
40034884,18.38000000,10.03000000,184.35140000,1667002828208,False,True
40034885,18.38000000,80.07000000,1471.68660000,1667002828216,False,True
40034886,18.38000000,19.52000000,358.77760000,1667002831134,True,True
40034887,18.38000000,38.26000000,703.21880000,1667002831134,True,True
40034888,18.38000000,35.28000000,648.44640000,1667002831159,False,True
40034889,18.39000000,0.87000000,15.99930000,1667002862438,False,True
40034890,18.39000000,3.25000000,59.76750000,1667002862438,False,True
40034891,18.39000000,3.30000000,60.68700000,1667002862438,False,True
40034892,18.39000000,22.29000000,409.91310000,1667002867401,True,True
40034893,18.40000000,0.58000000,10.67200000,1667002879558,False,True
40034894,18.40000000,3.05000000,56.12000000,1667002879558,False,True
40034895,18.40000000,3.25000000,59.80000000,1667002879558,False,True
40034896,18.40000000,3.30000000,60.72000000,1667002879558,False,True
40034897,18.41000000,0.87000000,16.01670000,1667002881083,False,True
40034898,18.41000000,39.65000000,729.95650000,1667002881083,False,True
40034899,18.41000000,9.53000000,175.44730000,1667002881083,False,True
40034900,18.41000000,7.17000000,131.99970000,1667002881083,False,True
40034901,18.41000000,18.38000000,338.37580000,1667002881083,False,True
40034902,18.41000000,38.68000000,712.09880000,1667002883223,True,True
40034903,18.41000000,89.72000000,1651.74520000,1667002888959,True,True
40034904,18.41000000,5.71000000,105.12110000,1667002891996,False,True
40034905,18.41000000,4.28000000,78.79480000,1667002894792,False,True
40034906,18.41000000,5.79000000,106.59390000,1667002894969,False,True
40034907,18.42000000,0.87000000,16.02540000,1667002899072,False,True
40034908,18.42000000,1.73000000,31.86660000,1667002899072,False,True
40034909,18.42000000,2.73000000,50.28660000,1667002899075,False,True
40034910,18.42000000,0.58000000,10.68360000,1667002899600,False,True
40034911,18.42000000,0.57000000,10.49940000,1667002899673,False,True
40034912,18.42000000,6.39000000,117.70380000,1667002899734,False,True
40034913,18.42000000,1.51000000,27.81420000,1667002899734,False,True
40034914,18.42000000,3.30000000,60.78600000,1667002899734,False,True
40034915,18.42000000,3.25000000,59.86500000,1667002899734,False,True
40034916,18.42000000,12.00000000,221.04000000,1667002899734,False,True
40034917,18.42000000,39.14000000,720.95880000,1667002902763,True,True
40034918,18.42000000,4.86000000,89.52120000,1667002902763,True,True
40034919,18.42000000,19.30000000,355.50600000,1667002902776,True,True
40034920,18.42000000,0.84000000,15.47280000,1667002903316,False,True
40034921,18.42000000,0.87000000,16.02540000,1667002905850,False,True
40034922,18.41000000,9.11000000,167.71510000,1667002908756,True,True
40034923,18.41000000,10.86000000,199.93260000,1667002908756,True,True
40034924,18.41000000,10.86000000,199.93260000,1667002908756,True,True
40034925,18.41000000,0.87000000,16.01670000,1667002908756,True,True
40034926,18.41000000,38.14000000,702.15740000,1667002908756,True,True
40034927,18.41000000,23.71000000,436.50110000,1667002908756,True,True
40034928,18.41000000,10.86000000,199.93260000,1667002908756,True,True
40034929,18.41000000,10.86000000,199.93260000,1667002908756,True,True
40034930,18.41000000,10.86000000,199.93260000,1667002908756,True,True
40034931,18.41000000,10.86000000,199.93260000,1667002908756,True,True
40034932,18.41000000,2.18000000,40.13380000,1667002910429,False,True
40034933,18.42000000,0.59000000,10.86780000,1667002922267,False,True
40034934,18.41000000,38.12000000,701.78920000,1667002927472,True,True
40034935,18.41000000,59.89000000,1102.57490000,1667002927472,True,True
40034936,18.41000000,177.43000000,3266.48630000,1667002927483,True,True
40034937,18.41000000,63.37000000,1166.64170000,1667002927492,True,True
40034938,18.41000000,30.79000000,566.84390000,1667002927499,True,True
40034939,18.40000000,3.30000000,60.72000000,1667002928924,True,True
40034940,18.40000000,3.25000000,59.80000000,1667002928924,True,True
40034941,18.40000000,22.40000000,412.16000000,1667002928924,True,True
40034942,18.40000000,2.19000000,40.29600000,1667002929048,False,True
40034943,18.39000000,35.36000000,650.27040000,1667002940747,True,True
40034944,18.39000000,0.87000000,15.99930000,1667002940747,True,True
40034945,18.39000000,2.19000000,40.27410000,1667002940836,False,True
40034946,18.39000000,2.19000000,40.27410000,1667002941103,False,True
40034947,18.39000000,5.00000000,91.95000000,1667002943315,False,True
40034948,18.38000000,12.00000000,220.56000000,1667002953846,True,True
40034949,18.38000000,3.25000000,59.73500000,1667002953846,True,True
40034950,18.38000000,3.30000000,60.65400000,1667002953846,True,True
40034951,18.38000000,19.10000000,351.05800000,1667002953846,True,True
40034952,18.38000000,2.55000000,46.86900000,1667002953846,True,True
40034953,18.38000000,24.13000000,443.50940000,1667002956067,True,True
40034954,18.38000000,30.46000000,559.85480000,1667002956486,False,True
40034955,18.38000000,142.24000000,2614.37120000,1667002956486,False,True
40034956,18.38000000,2.79000000,51.28020000,1667002956486,False,True
40034957,18.38000000,17.24000000,316.87120000,1667002956486,False,True
40034958,18.38000000,5.75000000,105.68500000,1667002956559,True,True
40034959,18.38000000,10.14000000,186.37320000,1667002960791,True,True
40034960,18.38000000,31.97000000,587.60860000,1667002961061,False,True
40034961,18.38000000,30.46000000,559.85480000,1667002962579,True,True
40034962,18.38000000,31.96000000,587.42480000,1667002963111,False,True
40034963,18.38000000,3.51000000,64.51380000,1667002963111,False,True
40034964,18.37000000,0.87000000,15.98190000,1667002967000,True,True
40034965,18.37000000,7.17000000,131.71290000,1667002967000,True,True
40034966,18.37000000,1.51000000,27.73870000,1667002967000,True,True
40034967,18.37000000,0.55000000,10.10350000,1667002967000,True,True
40034968,18.37000000,3.25000000,59.70250000,1667002967000,True,True
40034969,18.37000000,3.30000000,60.62100000,1667002967000,True,True
40034970,18.37000000,83.48000000,1533.52760000,1667002968097,False,True
40034971,18.37000000,30.46000000,559.55020000,1667002968097,False,True
40034972,18.37000000,1.09000000,20.02330000,1667002968097,False,True
40034973,18.37000000,10.14000000,186.27180000,1667002968097,False,True
40034974,18.37000000,1.09000000,20.02330000,1667002968097,False,True
40034975,18.37000000,44.48000000,817.09760000,1667002971152,True,True
40034976,18.37000000,33.37000000,613.00690000,1667002973057,True,True
40034977,18.37000000,12.03000000,220.99110000,1667002975206,False,True
40034978,18.37000000,24.97000000,458.69890000,1667002976489,True,True
40034979,18.37000000,30.46000000,559.55020000,1667002976489,True,True
40034980,18.37000000,11.77000000,216.21490000,1667002976489,True,True
40034981,18.37000000,4.37000000,80.27690000,1667002978431,False,True
40034982,18.37000000,61.45000000,1128.83650000,1667002978441,False,True
40034983,18.37000000,24.97000000,458.69890000,1667002978441,False,True
40034984,18.37000000,1.45000000,26.63650000,1667002978441,False,True
40034985,18.37000000,30.79000000,565.61230000,1667002978877,True,True
40034986,18.37000000,10.14000000,186.27180000,1667002978877,True,True
40034987,18.37000000,31.96000000,587.10520000,1667002980079,False,True
40034988,18.37000000,40.04000000,735.53480000,1667002980079,False,True
40034989,18.37000000,1.09000000,20.02330000,1667002980079,False,True
40034990,18.37000000,62.66000000,1151.06420000,1667002980209,True,True
40034991,18.36000000,2.19000000,40.20840000,1667002980382,True,True
40034992,18.36000000,4.68000000,85.92480000,1667002983799,True,True
40034993,18.36000000,2.58000000,47.36880000,1667002983799,True,True
40034994,18.37000000,31.98000000,587.47260000,1667002990111,False,True
40034995,18.37000000,18.60000000,341.68200000,1667002990111,False,True
40034996,18.37000000,35.68000000,655.44160000,1667002990111,False,True
40034997,18.38000000,22.71000000,417.40980000,1667002997574,False,True
40034998,18.38000000,17.07000000,313.74660000,1667002997583,False,True
40034999,18.38000000,54.53000000,1002.26140000,1667002997583,False,True
40035000,18.38000000,15.81000000,290.58780000,1667002997583,False,True
40035001,18.38000000,7.39000000,135.82820000,1667002997708,True,True
40035002,18.38000000,24.56000000,451.41280000,1667003003393,True,True
40035003,18.38000000,50.26000000,923.77880000,1667003003393,True,True
40035004,18.38000000,14.69000000,270.00220000,1667003003393,True,True
40035005,18.38000000,13.33000000,245.00540000,1667003004803,False,True
40035006,18.38000000,38.69000000,711.12220000,1667003005791,True,True
40035007,18.38000000,2.77000000,50.91260000,1667003007408,True,True
40035008,18.38000000,33.53000000,616.28140000,1667003026283,False,True
40035009,18.38000000,44.12000000,810.92560000,1667003029225,True,True
40035010,18.38000000,33.53000000,616.28140000,1667003029225,True,True
40035011,18.38000000,57.26000000,1052.43880000,1667003033045,False,True
40035012,18.38000000,33.53000000,616.28140000,1667003033045,False,True
40035013,18.38000000,9.21000000,169.27980000,1667003034024,True,True
40035014,18.38000000,40.42000000,742.91960000,1667003034024,True,True
40035015,18.38000000,90.78000000,1668.53640000,1667003034024,True,True
40035016,18.37000000,11.78000000,216.39860000,1667003047004,False,True
40035017,18.36000000,0.38000000,6.97680000,1667003061417,True,True
40035018,18.36000000,45.00000000,826.20000000,1667003061417,True,True
40035019,18.36000000,3.25000000,59.67000000,1667003061417,True,True
40035020,18.36000000,3.30000000,60.58800000,1667003061417,True,True
40035021,18.36000000,26.63000000,488.92680000,1667003061417,True,True
40035022,18.36000000,20.53000000,376.93080000,1667003061417,True,True
40035023,18.36000000,11.01000000,202.14360000,1667003061417,True,True
40035024,18.36000000,2.19000000,40.20840000,1667003061475,False,True
40035025,18.37000000,1.00000000,18.37000000,1667003077563,False,True
40035026,18.36000000,17.08000000,313.58880000,1667003088648,True,True
40035027,18.37000000,5.13000000,94.23810000,1667003103667,False,True
40035028,18.38000000,3.25000000,59.73500000,1667003124230,False,True
40035029,18.38000000,3.30000000,60.65400000,1667003124230,False,True
40035030,18.38000000,32.56000000,598.45280000,1667003124230,False,True
40035031,18.38000000,9.54000000,175.34520000,1667003124239,False,True
40035032,18.38000000,17.56000000,322.75280000,1667003124431,False,True
40035033,18.38000000,9.79000000,179.94020000,1667003124441,False,True
40035034,18.38000000,11.26000000,206.95880000,1667003124442,False,True
40035035,18.38000000,29.93000000,550.11340000,1667003129449,True,True
40035036,18.38000000,71.84000000,1320.41920000,1667003129449,True,True
40035037,18.38000000,10.14000000,186.37320000,1667003129938,False,True
40035038,18.38000000,30.79000000,565.92020000,1667003129938,False,True
40035039,18.38000000,26.55000000,487.98900000,1667003134150,True,True
40035040,18.38000000,46.80000000,860.18400000,1667003134163,True,True
40035041,18.38000000,41.58000000,764.24040000,1667003149542,True,True
40035042,18.37000000,24.61000000,452.08570000,1667003151543,True,True
40035043,18.37000000,16.98000000,311.92260000,1667003151543,True,True
40035044,18.37000000,5.19000000,95.34030000,1667003152228,True,True
40035045,18.37000000,23.52000000,432.06240000,1667003152228,True,True
40035046,18.37000000,46.45000000,853.28650000,1667003152228,True,True
40035047,18.37000000,17.62000000,323.67940000,1667003152228,True,True
40035048,18.37000000,5.98000000,109.85260000,1667003152542,True,True
40035049,18.37000000,35.61000000,654.15570000,1667003152542,True,True
40035050,18.37000000,1.87000000,34.35190000,1667003152562,False,True
40035051,18.37000000,2.19000000,40.23030000,1667003152617,False,True
40035052,18.36000000,50.00000000,918.00000000,1667003159306,True,True
40035053,18.36000000,3.30000000,60.58800000,1667003159306,True,True
40035054,18.36000000,3.25000000,59.67000000,1667003159306,True,True
40035055,18.36000000,3.11000000,57.09960000,1667003159306,True,True
40035056,18.36000000,2.75000000,50.49000000,1667003163396,False,True
40035057,18.35000000,0.87000000,15.96450000,1667003172532,True,True
40035058,18.35000000,0.75000000,13.76250000,1667003172532,True,True
40035059,18.35000000,1.51000000,27.70850000,1667003172532,True,True
40035060,18.35000000,4.90000000,89.91500000,1667003172532,True,True
40035061,18.35000000,45.00000000,825.75000000,1667003172532,True,True
40035062,18.35000000,54.46000000,999.34100000,1667003172532,True,True
40035063,18.35000000,8.74000000,160.37900000,1667003172532,True,True
40035064,18.35000000,22.08000000,405.16800000,1667003172532,True,True
40035065,18.35000000,3.30000000,60.55500000,1667003172532,True,True
40035066,18.35000000,3.25000000,59.63750000,1667003172532,True,True
40035067,18.35000000,6.20000000,113.77000000,1667003172532,True,True
40035068,18.35000000,75.80000000,1390.93000000,1667003172579,False,True
40035069,18.36000000,19.98000000,366.83280000,1667003173333,False,True
40035070,18.37000000,0.87000000,15.98190000,1667003182007,False,True
40035071,18.37000000,3.30000000,60.62100000,1667003182007,False,True
40035072,18.37000000,3.01000000,55.29370000,1667003182007,False,True
40035073,18.37000000,0.24000000,4.40880000,1667003182021,False,True
40035074,18.37000000,11.58000000,212.72460000,1667003182021,False,True
40035075,18.36000000,8.07000000,148.16520000,1667003188401,False,True
40035076,18.36000000,6.67000000,122.46120000,1667003188412,False,True
40035077,18.36000000,23.78000000,436.60080000,1667003188421,False,True
40035078,18.37000000,11.00000000,202.07000000,1667003196092,False,True
40035079,18.37000000,4.00000000,73.48000000,1667003196092,False,True
40035080,18.37000000,2.80000000,51.43600000,1667003196092,False,True
40035081,18.37000000,23.78000000,436.83860000,1667003199830,True,True
40035082,18.37000000,19.92000000,365.93040000,1667003199840,True,True
40035083,18.37000000,10.54000000,193.61980000,1667003199840,True,True
40035084,18.37000000,12.16000000,223.37920000,1667003199841,True,True
40035085,18.37000000,25.14000000,461.82180000,1667003211849,True,True
40035086,18.38000000,0.84000000,15.43920000,1667003218198,False,True
40035087,18.38000000,1.00000000,18.38000000,1667003218487,False,True
40035088,18.38000000,0.88000000,16.17440000,1667003218499,False,True
40035089,18.38000000,3.30000000,60.65400000,1667003218499,False,True
40035090,18.38000000,3.25000000,59.73500000,1667003218499,False,True
40035091,18.38000000,16.43000000,301.98340000,1667003222259,True,True
40035092,18.38000000,31.84000000,585.21920000,1667003222265,True,True
40035093,18.38000000,160.94000000,2958.07720000,1667003222269,True,True
40035094,18.37000000,1.00000000,18.37000000,1667003223693,True,True
40035095,18.37000000,6.43000000,118.11910000,1667003223693,True,True
40035096,18.37000000,5.20000000,95.52400000,1667003223763,True,True
40035097,18.37000000,3.63000000,66.68310000,1667003223764,True,True
40035098,18.37000000,2.19000000,40.23030000,1667003223836,False,True
40035099,18.37000000,2.19000000,40.23030000,1667003223925,False,True
40035100,18.37000000,2.72000000,49.96640000,1667003226868,False,True
40035101,18.38000000,40.00000000,735.20000000,1667003226868,False,True
40035102,18.38000000,7.79000000,143.18020000,1667003226868,False,True
40035103,18.37000000,72.62000000,1334.02940000,1667003239512,True,True
40035104,18.37000000,5.73000000,105.26010000,1667003239512,True,True
40035105,18.36000000,3.30000000,60.58800000,1667003244285,True,True
40035106,18.36000000,3.25000000,59.67000000,1667003244285,True,True
40035107,18.36000000,10.43000000,191.49480000,1667003244285,True,True
40035108,18.36000000,3.00000000,55.08000000,1667003249801,False,True
40035109,18.36000000,72.62000000,1333.30320000,1667003254551,False,True
40035110,18.36000000,2.48000000,45.53280000,1667003254551,False,True
40035111,18.36000000,14.12000000,259.24320000,1667003254551,False,True
40035112,18.36000000,17.73000000,325.52280000,1667003259891,True,True
40035113,18.36000000,12.73000000,233.72280000,1667003259893,True,True
40035114,18.36000000,24.17000000,443.76120000,1667003259893,True,True
40035115,18.35000000,10.00000000,183.50000000,1667003259934,True,True
40035116,18.35000000,0.87000000,15.96450000,1667003259934,True,True
40035117,18.35000000,3.30000000,60.55500000,1667003259934,True,True
40035118,18.35000000,20.00000000,367.00000000,1667003259934,True,True
40035119,18.35000000,3.25000000,59.63750000,1667003259934,True,True
40035120,18.35000000,0.66000000,12.11100000,1667003259934,True,True
40035121,18.36000000,31.54000000,579.07440000,1667003264138,False,True
40035122,18.36000000,12.46000000,228.76560000,1667003264138,False,True
40035123,18.36000000,19.11000000,350.85960000,1667003264192,False,True
40035124,18.36000000,6.20000000,113.83200000,1667003264192,False,True
40035125,18.36000000,49.39000000,906.80040000,1667003281864,True,True
40035126,18.36000000,49.89000000,915.98040000,1667003281892,True,True
40035127,18.36000000,2.19000000,40.20840000,1667003282577,False,True
40035128,18.36000000,29.38000000,539.41680000,1667003282947,False,True
40035129,18.36000000,14.92000000,273.93120000,1667003282947,False,True
40035130,18.36000000,2.50000000,45.90000000,1667003282947,False,True
40035131,18.36000000,1.36000000,24.96960000,1667003285061,True,True
40035132,18.37000000,0.87000000,15.98190000,1667003313714,False,True
40035133,18.37000000,3.30000000,60.62100000,1667003313714,False,True
40035134,18.37000000,3.25000000,59.70250000,1667003313714,False,True
40035135,18.37000000,3.31000000,60.80470000,1667003313714,False,True
40035136,18.37000000,5.05000000,92.76850000,1667003313714,False,True
40035137,18.37000000,1.09000000,20.02330000,1667003313714,False,True
40035138,18.37000000,1.09000000,20.02330000,1667003313714,False,True
40035139,18.37000000,15.25000000,280.14250000,1667003321905,True,True
40035140,18.37000000,57.37000000,1053.88690000,1667003321916,True,True
40035141,18.37000000,11.01000000,202.25370000,1667003321916,True,True
40035142,18.37000000,20.54000000,377.31980000,1667003321916,True,True
40035143,18.36000000,2.19000000,40.20840000,1667003336337,False,True
40035144,18.36000000,3.15000000,57.83400000,1667003336452,False,True
40035145,18.36000000,31.59000000,579.99240000,1667003336452,False,True
40035146,18.37000000,56.27000000,1033.67990000,1667003346728,False,True
40035147,18.37000000,23.52000000,432.06240000,1667003374072,True,True
40035148,18.38000000,1.44000000,26.46720000,1667003390707,False,True
40035149,18.38000000,3.30000000,60.65400000,1667003404475,False,True
40035150,18.38000000,1.34000000,24.62920000,1667003404475,False,True
40035151,18.38000000,16.36000000,300.69680000,1667003410915,False,True
40035152,18.38000000,70.73000000,1300.01740000,1667003410915,False,True
40035153,18.38000000,7.60000000,139.68800000,1667003410915,False,True
40035154,18.38000000,44.00000000,808.72000000,1667003417156,True,True
40035155,18.38000000,12.38000000,227.54440000,1667003429348,False,True
40035156,18.38000000,17.03000000,313.01140000,1667003429354,False,True
40035157,18.39000000,0.87000000,15.99930000,1667003436916,False,True
40035158,18.39000000,3.25000000,59.76750000,1667003436916,False,True
40035159,18.39000000,22.15000000,407.33850000,1667003436916,False,True
40035160,18.39000000,3.30000000,60.68700000,1667003436916,False,True
40035161,18.39000000,27.00000000,496.53000000,1667003449569,True,True
40035162,18.40000000,1.51000000,27.78400000,1667003469924,False,True
40035163,18.40000000,3.30000000,60.72000000,1667003469924,False,True
40035164,18.40000000,3.25000000,59.80000000,1667003469924,False,True
40035165,18.40000000,12.12000000,223.00800000,1667003469924,False,True
40035166,18.40000000,4.23000000,77.83200000,1667003469938,False,True
40035167,18.40000000,31.54000000,580.33600000,1667003479773,True,True
40035168,18.40000000,2.26000000,41.58400000,1667003479773,True,True
40035169,18.40000000,11.56000000,212.70400000,1667003479782,True,True
40035170,18.40000000,32.82000000,603.88800000,1667003479802,False,True
40035171,18.40000000,1.09000000,20.05600000,1667003481935,False,True
40035172,18.39000000,4.55000000,83.67450000,1667003527587,True,True
40035173,18.39000000,7.17000000,131.85630000,1667003527587,True,True
40035174,18.39000000,15.39000000,283.02210000,1667003529186,True,True
40035175,18.39000000,26.04000000,478.87560000,1667003529186,True,True
40035176,18.39000000,23.67000000,435.29130000,1667003558599,False,True
40035177,18.38000000,3.30000000,60.65400000,1667003565870,True,True
40035178,18.38000000,3.25000000,59.73500000,1667003565870,True,True
40035179,18.38000000,1.36000000,24.99680000,1667003565870,True,True
40035180,18.38000000,16.95000000,311.54100000,1667003584023,True,True
40035181,18.38000000,7.57000000,139.13660000,1667003584023,True,True
40035182,18.38000000,44.73000000,822.13740000,1667003584029,True,True
40035183,18.38000000,0.82000000,15.07160000,1667003585100,True,True
40035184,18.37000000,8.05000000,147.87850000,1667003605175,True,True
40035185,18.37000000,11.27000000,207.02990000,1667003605175,True,True
40035186,18.37000000,19.11000000,351.05070000,1667003605175,True,True
40035187,18.37000000,17.80000000,326.98600000,1667003605175,True,True
40035188,18.37000000,19.00000000,349.03000000,1667003605175,True,True
40035189,18.37000000,4.70000000,86.33900000,1667003605175,True,True
40035190,18.37000000,12.86000000,236.23820000,1667003605180,True,True
40035191,18.37000000,12.26000000,225.21620000,1667003605180,True,True
40035192,18.37000000,0.87000000,15.98190000,1667003605180,True,True
40035193,18.37000000,3.30000000,60.62100000,1667003605180,True,True
40035194,18.37000000,3.25000000,59.70250000,1667003605180,True,True
40035195,18.37000000,23.96000000,440.14520000,1667003605180,True,True
40035196,18.37000000,69.09000000,1269.18330000,1667003605183,True,True
40035197,18.37000000,30.46000000,559.55020000,1667003605188,True,True
40035198,18.36000000,20.25000000,371.79000000,1667003605231,True,True
40035199,18.36000000,30.43000000,558.69480000,1667003605231,True,True
40035200,18.36000000,7.91000000,145.22760000,1667003606742,True,True
40035201,18.36000000,22.42000000,411.63120000,1667003606745,True,True
40035202,18.36000000,7.91000000,145.22760000,1667003606745,True,True
40035203,18.36000000,183.12000000,3362.08320000,1667003606935,True,True
40035204,18.36000000,2.21000000,40.57560000,1667003606949,True,True
40035205,18.36000000,3.26000000,59.85360000,1667003607243,True,True
40035206,18.36000000,2.44000000,44.79840000,1667003607246,True,True
40035207,18.35000000,0.87000000,15.96450000,1667003622735,True,True
40035208,18.35000000,1.51000000,27.70850000,1667003622735,True,True
40035209,18.35000000,0.55000000,10.09250000,1667003622735,True,True
40035210,18.35000000,1.58000000,28.99300000,1667003622735,True,True
40035211,18.35000000,3.25000000,59.63750000,1667003622735,True,True
40035212,18.35000000,3.30000000,60.55500000,1667003622735,True,True
40035213,18.34000000,3.59000000,65.84060000,1667003622735,True,True
40035214,18.34000000,1.85000000,33.92900000,1667003622735,True,True
40035215,18.34000000,0.67000000,12.28780000,1667003622735,True,True
40035216,18.34000000,0.60000000,11.00400000,1667003622735,True,True
40035217,18.34000000,1.65000000,30.26100000,1667003622735,True,True
40035218,18.34000000,1.10000000,20.17400000,1667003622735,True,True
40035219,18.34000000,1.70000000,31.17800000,1667003622735,True,True
40035220,18.34000000,0.60000000,11.00400000,1667003622735,True,True
40035221,18.34000000,6.39000000,117.19260000,1667003622735,True,True
40035222,18.34000000,5.90000000,108.20600000,1667003622735,True,True
40035223,18.35000000,31.53000000,578.57550000,1667003630522,False,True
40035224,18.35000000,80.05000000,1468.91750000,1667003630522,False,True
40035225,18.35000000,22.20000000,407.37000000,1667003630522,False,True
40035226,18.35000000,11.26000000,206.62100000,1667003630522,False,True
40035227,18.35000000,72.62000000,1332.57700000,1667003630522,False,True
40035228,18.35000000,12.12000000,222.40200000,1667003630537,False,True
40035229,18.35000000,12.12000000,222.40200000,1667003630538,False,True
40035230,18.35000000,24.52000000,449.94200000,1667003630551,False,True
40035231,18.35000000,106.10000000,1946.93500000,1667003630555,False,True
40035232,18.36000000,31.57000000,579.62520000,1667003630883,False,True
40035233,18.36000000,31.52000000,578.70720000,1667003630883,False,True
40035234,18.36000000,80.38000000,1475.77680000,1667003630883,False,True
40035235,18.36000000,72.62000000,1333.30320000,1667003631620,True,True
40035236,18.36000000,10.14000000,186.17040000,1667003631620,True,True
40035237,18.35000000,15.50000000,284.42500000,1667003652486,True,True
40035238,18.34000000,25.68000000,470.97120000,1667003652489,True,True
40035239,18.34000000,3.25000000,59.60500000,1667003652489,True,True
40035240,18.34000000,3.30000000,60.52200000,1667003652489,True,True
40035241,18.34000000,46.48000000,852.44320000,1667003652489,True,True
40035242,18.34000000,24.53000000,449.88020000,1667003652489,True,True
40035243,18.34000000,44.68000000,819.43120000,1667003652489,True,True
40035244,18.34000000,35.36000000,648.50240000,1667003652489,True,True
40035245,18.34000000,40.36000000,740.20240000,1667003652489,True,True
40035246,18.34000000,9.52000000,174.59680000,1667003652489,True,True
40035247,18.34000000,20.00000000,366.80000000,1667003652489,True,True
40035248,18.34000000,61.32000000,1124.60880000,1667003652489,True,True
40035249,18.34000000,66.76000000,1224.37840000,1667003652489,True,True
40035250,18.34000000,21.24000000,389.54160000,1667003652491,True,True
40035251,18.33000000,0.87000000,15.94710000,1667003652505,True,True
40035252,18.33000000,1.51000000,27.67830000,1667003652505,True,True
40035253,18.33000000,30.89000000,566.21370000,1667003652505,True,True
40035254,18.33000000,0.63000000,11.54790000,1667003652505,True,True
40035255,18.33000000,2.73000000,50.04090000,1667003652505,True,True
40035256,18.33000000,0.58000000,10.63140000,1667003652505,True,True
40035257,18.33000000,40.44000000,741.26520000,1667003652505,True,True
40035258,18.33000000,135.94000000,2491.78020000,1667003652505,True,True
40035259,18.34000000,1.43000000,26.22620000,1667003652506,False,True
40035260,18.33000000,25.24000000,462.64920000,1667003652517,True,True
40035261,18.33000000,9.52000000,174.50160000,1667003652517,True,True
40035262,18.33000000,6.00000000,109.98000000,1667003652517,True,True
40035263,18.33000000,1.58000000,28.96140000,1667003652517,True,True
40035264,18.33000000,113.79000000,2085.77070000,1667003652517,True,True
40035265,18.33000000,113.79000000,2085.77070000,1667003652517,True,True
40035266,18.33000000,82.26000000,1507.82580000,1667003652517,True,True
40035267,18.33000000,100.00000000,1833.00000000,1667003652517,True,True
40035268,18.33000000,32.02000000,586.92660000,1667003652517,True,True
40035269,18.33000000,4.05000000,74.23650000,1667003652517,True,True
40035270,18.33000000,23.20000000,425.25600000,1667003652517,True,True
40035271,18.33000000,88.00000000,1613.04000000,1667003652517,True,True
40035272,18.33000000,12.30000000,225.45900000,1667003652517,True,True
40035273,18.33000000,12.70000000,232.79100000,1667003652517,True,True
40035274,18.33000000,12.40000000,227.29200000,1667003652535,True,True
40035275,18.33000000,2.41000000,44.17530000,1667003652535,True,True
40035276,18.33000000,42.61000000,781.04130000,1667003652545,True,True
40035277,18.33000000,20.00000000,366.60000000,1667003652565,True,True
40035278,18.33000000,10.28000000,188.43240000,1667003652588,True,True
40035279,18.33000000,1.20000000,21.99600000,1667003652588,True,True
40035280,18.33000000,45.92000000,841.71360000,1667003652588,True,True
40035281,18.33000000,4.13000000,75.70290000,1667003652599,True,True
40035282,18.33000000,47.40000000,868.84200000,1667003652611,True,True
40035283,18.33000000,9.51000000,174.31830000,1667003652849,True,True
40035284,18.33000000,0.01000000,0.18330000,1667003654736,True,True
40035285,18.33000000,42.26000000,774.62580000,1667003654736,True,True
40035286,18.32000000,15.95000000,292.20400000,1667003659839,True,True
40035287,18.32000000,7.17000000,131.35440000,1667003659839,True,True
40035288,18.32000000,1.52000000,27.84640000,1667003659839,True,True
40035289,18.32000000,0.72000000,13.19040000,1667003659839,True,True
40035290,18.32000000,1.10000000,20.15200000,1667003659839,True,True
40035291,18.32000000,1.09000000,19.96880000,1667003659839,True,True
40035292,18.32000000,1.09000000,19.96880000,1667003659839,True,True
40035293,18.32000000,0.88000000,16.12160000,1667003659839,True,True
40035294,18.32000000,4.37000000,80.05840000,1667003659839,True,True
40035295,18.32000000,0.60000000,10.99200000,1667003659839,True,True
40035296,18.32000000,9.52000000,174.40640000,1667003659839,True,True
40035297,18.32000000,15.04000000,275.53280000,1667003659839,True,True
40035298,18.32000000,3.25000000,59.54000000,1667003659839,True,True
40035299,18.32000000,45.28000000,829.52960000,1667003659839,True,True
40035300,18.32000000,3.30000000,60.45600000,1667003659839,True,True
40035301,18.32000000,10.91000000,199.87120000,1667003659839,True,True
40035302,18.32000000,1.11000000,20.33520000,1667003659839,True,True
40035303,18.32000000,1.11000000,20.33520000,1667003659839,True,True
40035304,18.32000000,10.91000000,199.87120000,1667003659839,True,True
40035305,18.32000000,41.31000000,756.79920000,1667003659839,True,True
40035306,18.32000000,10.91000000,199.87120000,1667003659839,True,True
40035307,18.32000000,10.91000000,199.87120000,1667003659839,True,True
40035308,18.32000000,1.35000000,24.73200000,1667003659883,False,True
40035309,18.32000000,0.84000000,15.38880000,1667003659962,False,True
40035310,18.32000000,2.77000000,50.74640000,1667003660038,False,True
40035311,18.32000000,41.67000000,763.39440000,1667003660044,False,True
40035312,18.32000000,16.41000000,300.63120000,1667003664076,False,True
40035313,18.32000000,9.99000000,183.01680000,1667003664076,False,True
40035314,18.33000000,72.62000000,1331.12460000,1667003666123,False,True
40035315,18.33000000,54.11000000,991.83630000,1667003666123,False,True
40035316,18.33000000,16.59000000,304.09470000,1667003666151,False,True
40035317,18.33000000,18.67000000,342.22110000,1667003666151,False,True
40035318,18.33000000,12.98000000,237.92340000,1667003666151,False,True
40035319,18.34000000,30.17000000,553.31780000,1667003669056,False,True
40035320,18.34000000,25.69000000,471.15460000,1667003669056,False,True
40035321,18.34000000,45.01000000,825.48340000,1667003669056,False,True
40035322,18.34000000,3.30000000,60.52200000,1667003669056,False,True
40035323,18.34000000,20.22000000,370.83480000,1667003669056,False,True
40035324,18.34000000,3.25000000,59.60500000,1667003669056,False,True
40035325,18.34000000,12.30000000,225.58200000,1667003669056,False,True
40035326,18.34000000,36.50000000,669.41000000,1667003675020,True,True
40035327,18.35000000,9.82000000,180.19700000,1667003677968,False,True
40035328,18.35000000,5.59000000,102.57650000,1667003678011,False,True
40035329,18.35000000,5.66000000,103.86100000,1667003678017,False,True
40035330,18.35000000,10.59000000,194.32650000,1667003678026,False,True
40035331,18.35000000,14.75000000,270.66250000,1667003678026,False,True
40035332,18.35000000,0.87000000,15.96450000,1667003678026,False,True
40035333,18.35000000,13.65000000,250.47750000,1667003678026,False,True
40035334,18.35000000,7.91000000,145.14850000,1667003678026,False,True
40035335,18.35000000,3.30000000,60.55500000,1667003678026,False,True
40035336,18.36000000,14.05000000,257.95800000,1667003678029,False,True
40035337,18.36000000,0.03000000,0.55080000,1667003678029,False,True
40035338,18.36000000,6.55000000,120.25800000,1667003678047,False,True
40035339,18.36000000,8.09000000,148.53240000,1667003678050,False,True
40035340,18.36000000,2.95000000,54.16200000,1667003678050,False,True
40035341,18.36000000,4.21000000,77.29560000,1667003678050,False,True
40035342,18.36000000,9.60000000,176.25600000,1667003678050,False,True
40035343,18.36000000,10.88000000,199.75680000,1667003678491,False,True
40035344,18.36000000,1.58000000,29.00880000,1667003678491,False,True
40035345,18.36000000,2.72000000,49.93920000,1667003678491,False,True
40035346,18.36000000,3.25000000,59.67000000,1667003678491,False,True
40035347,18.37000000,0.87000000,15.98190000,1667003679939,False,True
40035348,18.37000000,0.46000000,8.45020000,1667003679939,False,True
40035349,18.37000000,6.71000000,123.26270000,1667003679952,False,True
40035350,18.37000000,0.60000000,11.02200000,1667003679952,False,True
40035351,18.37000000,0.88000000,16.16560000,1667003679952,False,True
40035352,18.37000000,1.52000000,27.92240000,1667003679952,False,True
40035353,18.37000000,9.52000000,174.88240000,1667003679952,False,True
40035354,18.37000000,38.56000000,708.34720000,1667003679952,False,True
40035355,18.37000000,72.62000000,1334.02940000,1667003680948,True,True
40035356,18.37000000,30.46000000,559.55020000,1667003680948,True,True
40035357,18.36000000,0.87000000,15.97320000,1667003690515,False,True
40035358,18.35000000,0.87000000,15.96450000,1667003700779,True,True
40035359,18.35000000,19.47000000,357.27450000,1667003700779,True,True
40035360,18.35000000,41.05000000,753.26750000,1667003700779,True,True
40035361,18.35000000,1.71000000,31.37850000,1667003700821,False,True
40035362,18.34000000,3.30000000,60.52200000,1667003707776,True,True
40035363,18.34000000,3.25000000,59.60500000,1667003707776,True,True
40035364,18.34000000,19.69000000,361.11460000,1667003707776,True,True
40035365,18.34000000,10.90000000,199.90600000,1667003707776,True,True
40035366,18.34000000,2.19000000,40.16460000,1667003707881,False,True
40035367,18.34000000,28.27000000,518.47180000,1667003708135,False,True
40035368,18.34000000,36.93000000,677.29620000,1667003711531,True,True
40035369,18.34000000,17.72000000,324.98480000,1667003711531,True,True
40035370,18.34000000,18.96000000,347.72640000,1667003714107,True,True
40035371,18.34000000,12.62000000,231.45080000,1667003714107,True,True
40035372,18.33000000,11.00000000,201.63000000,1667003721447,True,True
40035373,18.33000000,0.87000000,15.94710000,1667003721447,True,True
40035374,18.33000000,3.30000000,60.48900000,1667003721447,True,True
40035375,18.33000000,12.96000000,237.55680000,1667003721447,True,True
40035376,18.32000000,31.63000000,579.46160000,1667003721447,True,True
40035377,18.32000000,5.43000000,99.47760000,1667003721447,True,True
40035378,18.33000000,2.19000000,40.14270000,1667003721481,False,True
40035379,18.33000000,2.19000000,40.14270000,1667003721551,False,True
40035380,18.33000000,15.00000000,274.95000000,1667003724927,False,True
40035381,18.32000000,7.17000000,131.35440000,1667003733151,True,True
40035382,18.32000000,0.60000000,10.99200000,1667003733151,True,True
40035383,18.32000000,0.88000000,16.12160000,1667003733151,True,True
40035384,18.32000000,1.52000000,27.84640000,1667003733151,True,True
40035385,18.32000000,10.00000000,183.20000000,1667003733151,True,True
40035386,18.32000000,3.25000000,59.54000000,1667003733151,True,True
40035387,18.32000000,3.30000000,60.45600000,1667003733151,True,True
40035388,18.31000000,0.87000000,15.92970000,1667003735376,True,True
40035389,18.31000000,0.69000000,12.63390000,1667003735376,True,True
40035390,18.31000000,0.84000000,15.38040000,1667003735376,True,True
40035391,18.31000000,2.78000000,50.90180000,1667003735376,True,True
40035392,18.31000000,3.50000000,64.08500000,1667003735376,True,True
40035393,18.30000000,0.59000000,10.79700000,1667003735376,True,True
40035394,18.31000000,3.25000000,59.50750000,1667003735390,True,True
40035395,18.30000000,6.11000000,111.81300000,1667003735822,True,True
40035396,18.31000000,2.33000000,42.66230000,1667003735873,False,True
40035397,18.31000000,30.46000000,557.72260000,1667003737081,True,True
40035398,18.31000000,21.72000000,397.69320000,1667003737081,True,True
40035399,18.31000000,31.60000000,578.59600000,1667003739011,False,True
40035400,18.31000000,19.95000000,365.28450000,1667003739011,False,True
40035401,18.31000000,11.68000000,213.86080000,1667003739016,False,True
40035402,18.31000000,51.55000000,943.88050000,1667003739016,False,True
40035403,18.31000000,21.08000000,385.97480000,1667003739024,False,True
40035404,18.32000000,3.84000000,70.34880000,1667003744089,False,True
40035405,18.32000000,22.63000000,414.58160000,1667003750665,False,True
40035406,18.32000000,4.82000000,88.30240000,1667003750667,False,True
40035407,18.32000000,12.41000000,227.35120000,1667003750667,False,True
40035408,18.32000000,16.12000000,295.31840000,1667003750668,False,True
40035409,18.32000000,10.43000000,191.07760000,1667003750670,False,True
40035410,18.32000000,12.95000000,237.24400000,1667003750670,False,True
40035411,18.32000000,10.91000000,199.87120000,1667003751478,True,True
40035412,18.32000000,5.57000000,102.04240000,1667003751478,True,True
40035413,18.31000000,7.91000000,144.83210000,1667003751478,True,True
40035414,18.32000000,30.46000000,558.02720000,1667003756148,False,True
40035415,18.32000000,8.74000000,160.11680000,1667003756245,True,True
40035416,18.33000000,0.87000000,15.94710000,1667003763305,False,True
40035417,18.33000000,3.30000000,60.48900000,1667003763305,False,True
40035418,18.33000000,3.25000000,59.57250000,1667003763305,False,True
40035419,18.34000000,3.30000000,60.52200000,1667003786822,False,True
40035420,18.35000000,0.87000000,15.96450000,1667003795670,False,True
40035421,18.35000000,13.29000000,243.87150000,1667003795670,False,True
40035422,18.33000000,24.92000000,456.78360000,1667003801977,True,True
40035423,18.33000000,47.70000000,874.34100000,1667003801988,True,True
40035424,18.33000000,26.04000000,477.31320000,1667003801988,True,True
40035425,18.33000000,0.87000000,15.94710000,1667003801988,True,True
40035426,18.32000000,14.98000000,274.43360000,1667003807951,True,True
40035427,18.32000000,57.64000000,1055.96480000,1667003807963,True,True
40035428,18.32000000,3.25000000,59.54000000,1667003807963,True,True
40035429,18.32000000,3.30000000,60.45600000,1667003807963,True,True
40035430,18.31000000,35.60000000,651.83600000,1667003810900,True,True
40035431,18.31000000,10.69000000,195.73390000,1667003810922,True,True
40035432,18.31000000,9.52000000,174.31120000,1667003810922,True,True
40035433,18.31000000,0.87000000,15.92970000,1667003810922,True,True
40035434,18.31000000,3.30000000,60.42300000,1667003810922,True,True
40035435,18.31000000,3.25000000,59.50750000,1667003810922,True,True
40035436,18.31000000,145.24000000,2659.34440000,1667003819071,False,True
40035437,18.31000000,12.40000000,227.04400000,1667003819071,False,True
40035438,18.31000000,44.68000000,818.09080000,1667003822398,True,True
40035439,18.31000000,30.46000000,557.72260000,1667003822398,True,True
40035440,18.31000000,72.62000000,1329.67220000,1667003822398,True,True
40035441,18.31000000,11.27000000,206.35370000,1667003822398,True,True
40035442,18.30000000,0.17000000,3.11100000,1667003822409,True,True
40035443,18.30000000,1.52000000,27.81600000,1667003822409,True,True
40035444,18.30000000,0.69000000,12.62700000,1667003822409,True,True
40035445,18.30000000,0.74000000,13.54200000,1667003822409,True,True
40035446,18.30000000,1.63000000,29.82900000,1667003822409,True,True
40035447,18.30000000,2.97000000,54.35100000,1667003822409,True,True
40035448,18.30000000,0.88000000,16.10400000,1667003822409,True,True
40035449,18.30000000,9.17000000,167.81100000,1667003822409,True,True
40035450,18.30000000,37.49000000,686.06700000,1667003822411,True,True
40035451,18.30000000,0.55000000,10.06500000,1667003822411,True,True
40035452,18.30000000,26.51000000,485.13300000,1667003822411,True,True
40035453,18.30000000,1.11000000,20.31300000,1667003822411,True,True
40035454,18.30000000,0.23000000,4.20900000,1667003822411,True,True
40035455,18.30000000,2.19000000,40.07700000,1667003822479,False,True
40035456,18.30000000,1.52000000,27.81600000,1667003829764,False,True
40035457,18.30000000,12.70000000,232.41000000,1667003829764,False,True
40035458,18.30000000,23.20000000,424.56000000,1667003829764,False,True
40035459,18.30000000,72.62000000,1328.94600000,1667003829764,False,True
40035460,18.30000000,23.64000000,432.61200000,1667003844797,True,True
40035461,18.31000000,1.49000000,27.28190000,1667003863404,False,True
40035462,18.31000000,12.27000000,224.66370000,1667003871766,True,True
40035463,18.31000000,1.49000000,27.28190000,1667003872179,True,True
40035464,18.31000000,3.22000000,58.95820000,1667003886508,False,True
40035465,18.32000000,13.16000000,241.09120000,1667003888224,False,True
40035466,18.33000000,40.03000000,733.74990000,1667003890462,False,True
40035467,18.33000000,9.52000000,174.50160000,1667003890462,False,True
40035468,18.33000000,0.87000000,15.94710000,1667003890462,False,True
40035469,18.33000000,3.25000000,59.57250000,1667003890462,False,True
40035470,18.33000000,3.30000000,60.48900000,1667003890462,False,True
40035471,18.33000000,4.82000000,88.35060000,1667003890462,False,True
40035472,18.34000000,6.43000000,117.92620000,1667003890472,False,True
40035473,18.33000000,1.71000000,31.34430000,1667003898967,True,True
40035474,18.33000000,21.93000000,401.97690000,1667003898983,True,True
40035475,18.32000000,39.97000000,732.25040000,1667003899432,True,True
40035476,18.31000000,240.00000000,4394.40000000,1667003903363,True,True
