48080229,17.10000000,1.14000000,19.49400000,1682899201408,True,True
48080230,17.10000000,100.00000000,1710.00000000,1682899205831,True,True
48080231,17.10000000,0.64000000,10.94400000,1682899205831,True,True
48080232,17.10000000,0.30000000,5.13000000,1682899205831,True,True
48080233,17.10000000,35.96000000,614.91600000,1682899205902,True,True
48080234,17.10000000,1.48000000,25.30800000,1682899205902,True,True
48080235,17.09000000,1.47000000,25.12230000,1682899205902,True,True
48080236,17.09000000,0.64000000,10.93760000,1682899205902,True,True
48080237,17.09000000,108.65000000,1856.82850000,1682899205902,True,True
48080238,17.09000000,51.80000000,885.26200000,1682899205902,True,True
48080239,17.10000000,1.47000000,25.13700000,1682899205906,True,True
48080240,17.09000000,35.97000000,614.72730000,1682899205906,True,True
48080241,17.10000000,1.48000000,25.30800000,1682899206281,False,True
48080242,17.10000000,11.29000000,193.05900000,1682899206281,False,True
48080243,17.11000000,0.64000000,10.95040000,1682899209196,False,True
48080244,17.11000000,18.67000000,319.44370000,1682899209629,False,True
48080245,17.11000000,4.51000000,77.16610000,1682899209629,False,True
48080246,17.11000000,1.47000000,25.15170000,1682899209629,False,True
48080247,17.11000000,9.70000000,165.96700000,1682899209629,False,True
48080248,17.11000000,5.07000000,86.74770000,1682899209661,True,True
48080249,17.11000000,32.62000000,558.12820000,1682899209742,True,True
48080250,17.11000000,45.27000000,774.56970000,1682899209742,True,True
48080251,17.10000000,5.07000000,86.69700000,1682899209742,True,True
48080252,17.11000000,1.48000000,25.32280000,1682899215227,False,True
48080253,17.11000000,1.47000000,25.15170000,1682899226096,True,True
48080254,17.11000000,0.64000000,10.95040000,1682899237186,False,True
48080255,17.10000000,30.84000000,527.36400000,1682899242433,True,True
48080256,17.10000000,36.98000000,632.35800000,1682899242535,True,True
48080257,17.10000000,32.18000000,550.27800000,1682899242635,True,True
48080258,17.10000000,2.00000000,34.20000000,1682899242635,True,True
48080259,17.10000000,0.64000000,10.94400000,1682899242635,True,True
48080260,17.10000000,1.47000000,25.13700000,1682899242635,True,True
48080261,17.10000000,1.48000000,25.30800000,1682899242681,False,True
48080262,17.10000000,31.54000000,539.33400000,1682899242681,False,True
48080263,17.10000000,0.64000000,10.94400000,1682899245310,False,True
48080264,17.10000000,1.48000000,25.30800000,1682899255288,False,True
48080265,17.10000000,9.12000000,155.95200000,1682899260650,True,True
48080266,17.11000000,0.83000000,14.20130000,1682899263964,False,True
48080267,17.11000000,29.21000000,499.78310000,1682899263964,False,True
48080268,17.11000000,14.61000000,249.97710000,1682899263964,False,True
48080269,17.11000000,3.44000000,58.85840000,1682899263964,False,True
48080270,17.11000000,0.46000000,7.87060000,1682899263991,False,True
48080271,17.11000000,1.48000000,25.32280000,1682899274221,True,True
48080272,17.11000000,0.22000000,3.76420000,1682899274221,True,True
48080273,17.12000000,1.47000000,25.16640000,1682899276382,False,True
48080274,17.12000000,3.50000000,59.92000000,1682899276382,False,True
48080275,17.12000000,3.30000000,56.49600000,1682899276382,False,True
48080276,17.12000000,18.18000000,311.24160000,1682899276382,False,True
48080277,17.12000000,3.79000000,64.88480000,1682899276382,False,True
48080278,17.12000000,14.59000000,249.78080000,1682899276382,False,True
48080279,17.12000000,43.80000000,749.85600000,1682899276382,False,True
48080280,17.12000000,4.69000000,80.29280000,1682899276382,False,True
48080281,17.13000000,0.46000000,7.87980000,1682899276382,False,True
48080282,17.12000000,1.15000000,19.68800000,1682899276522,True,True
48080283,17.13000000,1.01000000,17.30130000,1682899276589,False,True
48080284,17.13000000,11.59000000,198.53670000,1682899276589,False,True
48080285,17.13000000,0.67000000,11.47710000,1682899276589,False,True
48080286,17.13000000,4.91000000,84.10830000,1682899276589,False,True
48080287,17.13000000,1.95000000,33.40350000,1682899276589,False,True
48080288,17.13000000,2.92000000,50.01960000,1682899276589,False,True
48080289,17.13000000,74.86000000,1282.35180000,1682899276589,False,True
48080290,17.13000000,14.53000000,248.89890000,1682899276589,False,True
48080291,17.13000000,4.02000000,68.86260000,1682899276769,False,True
48080292,17.13000000,3.48000000,59.61240000,1682899276769,False,True
48080293,17.13000000,1.48000000,25.35240000,1682899277398,True,True
48080294,17.13000000,10.19000000,174.55470000,1682899277398,True,True
48080295,17.14000000,0.20000000,3.42800000,1682899300208,False,True
48080296,17.14000000,0.44000000,7.54160000,1682899300208,False,True
48080297,17.14000000,21.67000000,371.42380000,1682899301728,False,True
48080298,17.14000000,3.50000000,59.99000000,1682899301728,False,True
48080299,17.14000000,10.45000000,179.11300000,1682899301728,False,True
48080300,17.14000000,5.72000000,98.04080000,1682899305246,False,True
48080301,17.14000000,3.36000000,57.59040000,1682899305290,True,True
48080302,17.14000000,1.48000000,25.36720000,1682899310693,True,True
48080303,17.14000000,40.55000000,695.02700000,1682899310693,True,True
48080304,17.14000000,0.64000000,10.96960000,1682899314446,True,True
48080305,17.14000000,7.49000000,128.37860000,1682899314446,True,True
48080306,17.15000000,0.64000000,10.97600000,1682899316074,False,True
48080307,17.15000000,0.19000000,3.25850000,1682899317914,False,True
48080308,17.15000000,11.59000000,198.76850000,1682899317914,False,True
48080309,17.15000000,0.32000000,5.48800000,1682899317914,False,True
48080310,17.15000000,8.30000000,142.34500000,1682899317914,False,True
48080311,17.15000000,3.30000000,56.59500000,1682899317914,False,True
48080312,17.15000000,4.74000000,81.29100000,1682899317914,False,True
48080313,17.15000000,10.00000000,171.50000000,1682899317914,False,True
48080314,17.15000000,4.74000000,81.29100000,1682899318423,False,True
48080315,17.15000000,4.74000000,81.29100000,1682899318423,False,True
48080316,17.15000000,4.74000000,81.29100000,1682899318423,False,True
48080317,17.15000000,4.74000000,81.29100000,1682899318423,False,True
48080318,17.15000000,4.74000000,81.29100000,1682899318423,False,True
48080319,17.15000000,4.74000000,81.29100000,1682899318423,False,True
48080320,17.15000000,4.74000000,81.29100000,1682899318423,False,True
48080321,17.15000000,4.74000000,81.29100000,1682899318423,False,True
48080322,17.15000000,4.72000000,80.94800000,1682899318423,False,True
48080323,17.15000000,44.83000000,768.83450000,1682899320171,True,True
48080324,17.15000000,1.48000000,25.38200000,1682899320171,True,True
48080325,17.14000000,1.48000000,25.36720000,1682899320213,True,True
48080326,17.14000000,7.41000000,127.00740000,1682899320213,True,True
48080327,17.14000000,0.64000000,10.96960000,1682899327260,True,True
48080328,17.14000000,1.47000000,25.19580000,1682899327260,True,True
48080329,17.13000000,0.64000000,10.96320000,1682899330197,True,True
48080330,17.13000000,3.49000000,59.78370000,1682899330197,True,True
48080331,17.13000000,3.30000000,56.52900000,1682899330197,True,True
48080332,17.13000000,0.64000000,10.96320000,1682899330397,False,True
48080333,17.12000000,34.81000000,595.94720000,1682899334378,True,True
48080334,17.12000000,0.64000000,10.95680000,1682899334378,True,True
48080335,17.12000000,19.44000000,332.81280000,1682899334378,True,True
48080336,17.12000000,52.54000000,899.48480000,1682899345148,True,True
48080337,17.12000000,43.01000000,736.33120000,1682899345148,True,True
48080338,17.12000000,3.30000000,56.49600000,1682899345148,True,True
48080339,17.12000000,26.71000000,457.27520000,1682899345148,True,True
48080340,17.12000000,0.64000000,10.95680000,1682899361907,False,True
48080341,17.12000000,0.60000000,10.27200000,1682899365161,False,True
48080342,17.12000000,0.24000000,4.10880000,1682899367024,False,True
48080343,17.12000000,0.40000000,6.84800000,1682899367024,False,True
48080344,17.12000000,14.43000000,247.04160000,1682899368430,False,True
48080345,17.12000000,10.92000000,186.95040000,1682899368430,False,True
48080346,17.12000000,1.48000000,25.33760000,1682899368760,False,True
48080347,17.12000000,11.43000000,195.68160000,1682899368760,False,True
48080348,17.12000000,8.89000000,152.19680000,1682899371202,True,True
48080349,17.12000000,0.64000000,10.95680000,1682899372473,True,True
48080350,17.12000000,1.48000000,25.33760000,1682899372473,True,True
48080351,17.12000000,0.64000000,10.95680000,1682899382288,False,True
48080352,17.12000000,0.83000000,14.20960000,1682899391549,False,True
48080353,17.12000000,14.59000000,249.78080000,1682899391549,False,True
48080354,17.12000000,1.47000000,25.16640000,1682899391549,False,True
48080355,17.12000000,9.86000000,168.80320000,1682899391549,False,True
48080356,17.13000000,0.84000000,14.38920000,1682899400417,False,True
48080357,17.13000000,1.47000000,25.18110000,1682899400417,False,True
48080358,17.13000000,0.54000000,9.25020000,1682899400417,False,True
48080359,17.13000000,0.64000000,10.96320000,1682899400733,False,True
48080360,17.13000000,0.64000000,10.96320000,1682899407431,False,True
48080361,17.13000000,0.64000000,10.96320000,1682899412632,False,True
48080362,17.13000000,0.64000000,10.96320000,1682899418593,False,True
48080363,17.13000000,0.64000000,10.96320000,1682899424194,False,True
48080364,17.13000000,4.75000000,81.36750000,1682899427050,False,True
48080365,17.13000000,0.64000000,10.96320000,1682899430110,False,True
48080366,17.13000000,0.73000000,12.50490000,1682899436128,False,True
48080367,17.14000000,1.48000000,25.36720000,1682899439637,False,True
48080368,17.14000000,3.50000000,59.99000000,1682899439637,False,True
48080369,17.14000000,3.30000000,56.56200000,1682899439637,False,True
48080370,17.14000000,6.87000000,117.75180000,1682899439637,False,True
48080371,17.14000000,2.84000000,48.67760000,1682899439685,False,True
48080372,17.14000000,30.00000000,514.20000000,1682899439685,False,True
48080373,17.14000000,10.35000000,177.39900000,1682899440037,False,True
48080374,17.14000000,15.63000000,267.89820000,1682899443436,True,True
48080375,17.14000000,33.30000000,570.76200000,1682899445217,True,True
48080376,17.14000000,16.13000000,276.46820000,1682899445342,True,True
48080377,17.14000000,15.68000000,268.75520000,1682899445342,True,True
48080378,17.14000000,0.64000000,10.96960000,1682899445445,True,True
48080379,17.14000000,1.48000000,25.36720000,1682899445445,True,True
48080380,17.14000000,11.26000000,192.99640000,1682899452069,False,True
48080381,17.15000000,1.47000000,25.21050000,1682899457857,False,True
48080382,17.15000000,3.30000000,56.59500000,1682899457857,False,True
48080383,17.15000000,4.71000000,80.77650000,1682899457857,False,True
48080384,17.15000000,9.18000000,157.43700000,1682899457864,False,True
48080385,17.15000000,15.10000000,258.96500000,1682899457938,True,True
48080386,17.15000000,15.10000000,258.96500000,1682899458026,True,True
48080387,17.15000000,10.20000000,174.93000000,1682899458112,True,True
48080388,17.15000000,12.65000000,216.94750000,1682899458293,True,True
48080389,17.15000000,34.77000000,596.30550000,1682899460708,True,True
48080390,17.15000000,0.30000000,5.14500000,1682899460708,True,True
48080391,17.15000000,8.89000000,152.46350000,1682899460815,True,True
48080392,17.15000000,25.60000000,439.04000000,1682899460821,True,True
48080393,17.15000000,4.66000000,79.91900000,1682899460821,True,True
48080394,17.15000000,0.64000000,10.97600000,1682899460899,True,True
48080395,17.15000000,0.83000000,14.23450000,1682899460899,True,True
48080396,17.15000000,0.65000000,11.14750000,1682899461005,True,True
48080397,17.15000000,1.47000000,25.21050000,1682899461005,True,True
48080398,17.15000000,0.64000000,10.97600000,1682899470896,False,True
48080399,17.14000000,33.82000000,579.67480000,1682899473584,True,True
48080400,17.14000000,0.96000000,16.45440000,1682899473749,True,True
48080401,17.14000000,34.80000000,596.47200000,1682899473749,True,True
48080402,17.14000000,0.64000000,10.96960000,1682899473749,True,True
48080403,17.14000000,17.44000000,298.92160000,1682899473749,True,True
48080404,17.15000000,14.70000000,252.10500000,1682899479778,False,True
48080405,17.15000000,11.62000000,199.28300000,1682899479778,False,True
48080406,17.15000000,4.52000000,77.51800000,1682899479778,False,True
48080407,17.15000000,12.12000000,207.85800000,1682899479779,False,True
48080408,17.15000000,12.36000000,211.97400000,1682899479780,False,True
48080409,17.15000000,14.71000000,252.27650000,1682899479827,False,True
48080410,17.15000000,0.98000000,16.80700000,1682899479954,False,True
48080411,17.16000000,0.44000000,7.55040000,1682899503229,False,True
48080412,17.16000000,0.20000000,3.43200000,1682899503229,False,True
48080413,17.15000000,10.67000000,182.99050000,1682899506309,True,True
48080414,17.15000000,24.13000000,413.82950000,1682899509469,True,True
48080415,17.15000000,1.48000000,25.38200000,1682899509469,True,True
48080416,17.15000000,0.64000000,10.97600000,1682899509469,True,True
48080417,17.15000000,0.64000000,10.97600000,1682899509764,False,True
48080418,17.14000000,34.77000000,595.95780000,1682899518044,True,True
48080419,17.14000000,76.45000000,1310.35300000,1682899518044,True,True
48080420,17.14000000,70.50000000,1208.37000000,1682899518044,True,True
48080421,17.14000000,27.72000000,475.12080000,1682899518044,True,True
48080422,17.14000000,0.64000000,10.96960000,1682899518044,True,True
48080423,17.14000000,22.99000000,394.04860000,1682899518044,True,True
48080424,17.14000000,108.65000000,1862.26100000,1682899518044,True,True
48080425,17.14000000,37.25000000,638.46500000,1682899518044,True,True
48080426,17.14000000,9.06000000,155.28840000,1682899518044,True,True
48080427,17.15000000,0.64000000,10.97600000,1682899523170,False,True
48080428,17.15000000,0.64000000,10.97600000,1682899535532,False,True
48080429,17.15000000,0.64000000,10.97600000,1682899542333,False,True
48080430,17.15000000,0.64000000,10.97600000,1682899547948,False,True
48080431,17.15000000,0.64000000,10.97600000,1682899553168,False,True
48080432,17.15000000,0.64000000,10.97600000,1682899558612,False,True
48080433,17.15000000,0.64000000,10.97600000,1682899566929,False,True
48080434,17.14000000,0.64000000,10.96960000,1682899571538,True,True
48080435,17.14000000,1.48000000,25.36720000,1682899571538,True,True
48080436,17.14000000,6.47000000,110.89580000,1682899574654,False,True
48080437,17.14000000,6.47000000,110.89580000,1682899581897,False,True
48080438,17.14000000,0.64000000,10.96960000,1682899592298,False,True
48080439,17.14000000,1.47000000,25.19580000,1682899596219,False,True
48080440,17.14000000,32.49000000,556.87860000,1682899602468,True,True
48080441,17.15000000,0.64000000,10.97600000,1682899602912,False,True
48080442,17.15000000,0.64000000,10.97600000,1682899607855,False,True
48080443,17.14000000,1.48000000,25.36720000,1682899611380,True,True
48080444,17.14000000,0.64000000,10.96960000,1682899613043,False,True
48080445,17.14000000,0.64000000,10.96960000,1682899618843,False,True
48080446,17.14000000,0.64000000,10.96960000,1682899625001,False,True
48080447,17.14000000,0.19000000,3.25660000,1682899630636,False,True
48080448,17.15000000,0.45000000,7.71750000,1682899630636,False,True
48080449,17.15000000,23.27000000,399.08050000,1682899634928,False,True
48080450,17.15000000,10.82000000,185.56300000,1682899634928,False,True
48080451,17.15000000,6.47000000,110.96050000,1682899637927,False,True
48080452,17.15000000,0.64000000,10.97600000,1682899643710,False,True
48080453,17.14000000,1.48000000,25.36720000,1682899645824,True,True
48080454,17.14000000,0.64000000,10.96960000,1682899649232,False,True
48080455,17.14000000,0.64000000,10.96960000,1682899654796,False,True
48080456,17.14000000,0.64000000,10.96960000,1682899665188,False,True
48080457,17.14000000,1.47000000,25.19580000,1682899667631,False,True
48080458,17.14000000,12.56000000,215.27840000,1682899667631,False,True
48080459,17.14000000,15.11000000,258.98540000,1682899667631,False,True
48080460,17.15000000,0.64000000,10.97600000,1682899669937,False,True
48080461,17.15000000,6.47000000,110.96050000,1682899680306,False,True
48080462,17.15000000,0.64000000,10.97600000,1682899686492,False,True
48080463,17.14000000,1.48000000,25.36720000,1682899692648,True,True
48080464,17.14000000,8.71000000,149.28940000,1682899693351,False,True
48080465,17.14000000,0.64000000,10.96960000,1682899696412,False,True
48080466,17.14000000,0.64000000,10.96960000,1682899703953,False,True
48080467,17.14000000,0.64000000,10.96960000,1682899714133,False,True
48080468,17.14000000,0.64000000,10.96960000,1682899722153,False,True
48080469,17.14000000,0.64000000,10.96960000,1682899729339,False,True
48080470,17.14000000,0.64000000,10.96960000,1682899735620,False,True
48080471,17.14000000,0.19000000,3.25660000,1682899744560,False,True
48080472,17.14000000,0.45000000,7.71300000,1682899744560,False,True
48080473,17.14000000,0.64000000,10.96960000,1682899756067,False,True
48080474,17.13000000,1.48000000,25.35240000,1682899757916,True,True
48080475,17.13000000,0.64000000,10.96320000,1682899757916,True,True
48080476,17.13000000,3.42000000,58.58460000,1682899757916,True,True
48080477,17.14000000,0.64000000,10.96960000,1682899763102,False,True
48080478,17.14000000,0.64000000,10.96960000,1682899774625,False,True
48080479,17.13000000,0.07000000,1.19910000,1682899775871,True,True
48080480,17.13000000,17.52000000,300.11760000,1682899775871,True,True
48080481,17.13000000,1.48000000,25.35240000,1682899775871,True,True
48080482,17.13000000,3.30000000,56.52900000,1682899775871,True,True
48080483,17.13000000,0.64000000,10.96320000,1682899779039,False,True
48080484,17.13000000,0.64000000,10.96320000,1682899784028,False,True
48080485,17.13000000,0.19000000,3.25470000,1682899784084,False,True
48080486,17.13000000,7.65000000,131.04450000,1682899784084,False,True
48080487,17.13000000,1.47000000,25.18110000,1682899786075,False,True
48080488,17.14000000,0.64000000,10.96960000,1682899790936,False,True
48080489,17.14000000,0.64000000,10.96960000,1682899797296,False,True
48080490,17.14000000,0.64000000,10.96960000,1682899802408,False,True
48080491,17.14000000,0.64000000,10.96960000,1682899813353,False,True
48080492,17.14000000,0.64000000,10.96960000,1682899828380,False,True
48080493,17.14000000,0.64000000,10.96960000,1682899832537,False,True
48080494,17.14000000,0.64000000,10.96960000,1682899843454,False,True
48080495,17.14000000,0.64000000,10.96960000,1682899851070,False,True
48080496,17.14000000,0.64000000,10.96960000,1682899858006,False,True
48080497,17.14000000,33.76000000,578.64640000,1682899859389,False,True
48080498,17.14000000,5.27000000,90.32780000,1682899860187,False,True
48080499,17.14000000,5.05000000,86.55700000,1682899860203,False,True
48080500,17.14000000,0.16000000,2.74240000,1682899865631,False,True
48080501,17.14000000,0.48000000,8.22720000,1682899865631,False,True
48080502,17.14000000,3.00000000,51.42000000,1682899876026,False,True
48080503,17.14000000,14.58000000,249.90120000,1682899876026,False,True
48080504,17.14000000,1.16000000,19.88240000,1682899876046,True,True
48080505,17.15000000,2.39000000,40.98850000,1682899876246,False,True
48080506,17.14000000,1.36000000,23.31040000,1682899878112,True,True
48080507,17.14000000,1.48000000,25.36720000,1682899878112,True,True
48080508,17.14000000,0.64000000,10.96960000,1682899883800,False,True
48080509,17.14000000,2.39000000,40.96460000,1682899894651,False,True
48080510,17.14000000,0.64000000,10.96960000,1682899901593,False,True
48080511,17.14000000,19.47000000,333.71580000,1682899909088,False,True
48080512,17.14000000,4.50000000,77.13000000,1682899909088,False,True
48080513,17.14000000,0.64000000,10.96960000,1682899918807,False,True
48080514,17.13000000,1.47000000,25.18110000,1682899926083,True,True
48080515,17.13000000,0.01000000,0.17130000,1682899926093,True,True
48080516,17.13000000,107.07000000,1834.10910000,1682899926093,True,True
48080517,17.13000000,50.74000000,869.17620000,1682899926093,True,True
48080518,17.13000000,19.23000000,329.40990000,1682899926118,True,True
48080519,17.13000000,1.91000000,32.71830000,1682899926118,True,True
48080520,17.13000000,1.47000000,25.18110000,1682899926118,True,True
48080521,17.13000000,0.64000000,10.96320000,1682899927281,False,True
48080522,17.13000000,0.84000000,14.38920000,1682899940108,False,True
48080523,17.13000000,5.63000000,96.44190000,1682899940108,False,True
48080524,17.13000000,1.47000000,25.18110000,1682899952645,False,True
48080525,17.14000000,0.64000000,10.96960000,1682899954309,False,True
48080526,17.13000000,1.47000000,25.18110000,1682899959230,True,True
48080527,17.13000000,7.43000000,127.27590000,1682899959230,True,True
48080528,17.14000000,0.64000000,10.96960000,1682899960673,False,True
48080529,17.13000000,8.90000000,152.45700000,1682899961609,True,True
48080530,17.14000000,0.64000000,10.96960000,1682899968232,False,True
48080531,17.13000000,4.39000000,75.20070000,1682899990632,True,True
48080532,17.14000000,0.48000000,8.22720000,1682900000896,False,True
48080533,17.14000000,0.16000000,2.74240000,1682900000896,False,True
48080534,17.14000000,0.81000000,13.88340000,1682900021308,False,True
48080535,17.14000000,0.64000000,10.96960000,1682900027727,False,True
48080536,17.14000000,5.33000000,91.35620000,1682900100643,False,True
48080537,17.14000000,1.48000000,25.36720000,1682900100643,False,True
48080538,17.14000000,5.09000000,87.24260000,1682900100643,False,True
48080539,17.14000000,8.44000000,144.66160000,1682900100643,False,True
48080540,17.14000000,1.05000000,17.99700000,1682900100646,False,True
48080541,17.14000000,5.93000000,101.64020000,1682900100646,False,True
48080542,17.14000000,13.10000000,224.53400000,1682900100650,False,True
48080543,17.14000000,10.13000000,173.62820000,1682900100651,False,True
48080544,17.14000000,43.74000000,749.70360000,1682900100651,False,True
48080545,17.15000000,3.50000000,60.02500000,1682900130004,False,True
48080546,17.15000000,3.30000000,56.59500000,1682900130004,False,True
48080547,17.15000000,1.47000000,25.21050000,1682900130004,False,True
48080548,17.15000000,2.69000000,46.13350000,1682900130004,False,True
48080549,17.15000000,1.48000000,25.38200000,1682900130017,True,True
48080550,17.16000000,3.01000000,51.65160000,1682900130797,False,True
48080551,17.16000000,3.00000000,51.48000000,1682900130797,False,True
48080552,17.16000000,43.70000000,749.89200000,1682900130797,False,True
48080553,17.16000000,14.57000000,250.02120000,1682900130797,False,True
48080554,17.16000000,0.99000000,16.98840000,1682900130797,False,True
48080555,17.15000000,1.48000000,25.38200000,1682900151646,True,True
48080556,17.15000000,1.47000000,25.21050000,1682900154142,False,True
48080557,17.15000000,3.80000000,65.17000000,1682900154142,False,True
48080558,17.15000000,9.19000000,157.60850000,1682900154142,False,True
48080559,17.15000000,11.61000000,199.11150000,1682900154142,False,True
48080560,17.15000000,1.47000000,25.21050000,1682900154152,False,True
48080561,17.16000000,3.49000000,59.88840000,1682900224417,False,True
48080562,17.16000000,1.47000000,25.22520000,1682900224417,False,True
48080563,17.16000000,3.30000000,56.62800000,1682900224417,False,True
48080564,17.16000000,14.57000000,250.02120000,1682900224417,False,True
48080565,17.16000000,29.13000000,499.87080000,1682900224417,False,True
48080566,17.16000000,1.22000000,20.93520000,1682900224429,True,True
48080567,17.17000000,1.36000000,23.35120000,1682900226542,False,True
48080568,17.17000000,0.88000000,15.10960000,1682900226542,False,True
48080569,17.17000000,3.00000000,51.51000000,1682900226542,False,True
48080570,17.17000000,20.00000000,343.40000000,1682900226542,False,True
48080571,17.17000000,68.35000000,1173.56950000,1682900226542,False,True
48080572,17.17000000,14.58000000,250.33860000,1682900226542,False,True
48080573,17.17000000,70.41000000,1208.93970000,1682900226542,False,True
48080574,17.17000000,4.78000000,82.07260000,1682900226542,False,True
48080575,17.17000000,9.69000000,166.37730000,1682900226542,False,True
48080576,17.17000000,97.76000000,1678.53920000,1682900226542,False,True
48080577,17.17000000,3.49000000,59.92330000,1682900226542,False,True
48080578,17.17000000,0.01000000,0.17170000,1682900226542,False,True
48080579,17.17000000,4.77000000,81.90090000,1682900226542,False,True
48080580,17.17000000,4.78000000,82.07260000,1682900226542,False,True
48080581,17.17000000,4.78000000,82.07260000,1682900226542,False,True
48080582,17.17000000,4.78000000,82.07260000,1682900226542,False,True
48080583,17.17000000,4.78000000,82.07260000,1682900226542,False,True
48080584,17.17000000,4.78000000,82.07260000,1682900226542,False,True
48080585,17.17000000,4.78000000,82.07260000,1682900226542,False,True
48080586,17.17000000,4.78000000,82.07260000,1682900226542,False,True
48080587,17.17000000,4.77000000,81.90090000,1682900226542,False,True
48080588,17.17000000,1.48000000,25.41160000,1682900226593,True,True
48080589,17.16000000,40.63000000,697.21080000,1682900226593,True,True
48080590,17.16000000,11.94000000,204.89040000,1682900226593,True,True
48080591,17.17000000,1.48000000,25.41160000,1682900232745,True,True
48080592,17.16000000,1.48000000,25.39680000,1682900253472,True,True
48080593,17.16000000,1.48000000,25.39680000,1682900262509,False,True
48080594,17.16000000,52.57000000,902.10120000,1682900272372,True,True
48080595,17.16000000,1.48000000,25.39680000,1682900272372,True,True
48080596,17.16000000,11.95000000,205.06200000,1682900272372,True,True
48080597,17.17000000,1.47000000,25.23990000,1682900285788,False,True
48080598,17.17000000,1.47000000,25.23990000,1682900286401,True,True
48080599,17.17000000,16.84000000,289.14280000,1682900286401,True,True
48080600,17.17000000,14.55000000,249.82350000,1682900286401,True,True
48080601,17.16000000,0.30000000,5.14800000,1682900322273,True,True
48080602,17.17000000,1.47000000,25.23990000,1682900324609,False,True
48080603,17.17000000,1.47000000,25.23990000,1682900345485,True,True
48080604,17.17000000,7.42000000,127.40140000,1682900345485,True,True
48080605,17.17000000,4.21000000,72.28570000,1682900350626,True,True
48080606,17.17000000,0.01000000,0.17170000,1682900350630,True,True
48080607,17.16000000,1.17000000,20.07720000,1682900378748,True,True
48080608,17.16000000,1.48000000,25.39680000,1682900475078,False,True
48080609,17.16000000,1.47000000,25.22520000,1682900565866,True,True
48080610,17.16000000,3.53000000,60.57480000,1682900565866,True,True
48080611,17.16000000,9.68000000,166.10880000,1682900565866,True,True
48080612,17.17000000,1.48000000,25.41160000,1682900621609,False,True
48080613,17.18000000,0.67000000,11.51060000,1682900685107,False,True
48080614,17.18000000,4.85000000,83.32300000,1682900685107,False,True
48080615,17.18000000,3.00000000,51.54000000,1682900685107,False,True
48080616,17.18000000,20.00000000,343.60000000,1682900685107,False,True
48080617,17.18000000,3.37000000,57.89660000,1682900685107,False,True
48080618,17.18000000,3.49000000,59.95820000,1682900685107,False,True
48080619,17.18000000,11.72000000,201.34960000,1682900685107,False,True
48080620,17.18000000,3.30000000,56.69400000,1682900685107,False,True
48080621,17.18000000,34.05000000,584.97900000,1682900685107,False,True
48080622,17.18000000,0.93000000,15.97740000,1682900685118,True,True
48080623,17.18000000,0.54000000,9.27720000,1682900743823,True,True
48080624,17.18000000,15.77000000,270.92860000,1682900743823,True,True
48080625,17.18000000,4.89000000,84.01020000,1682900743839,False,True
48080626,17.18000000,177.83000000,3055.11940000,1682900751543,False,True
48080627,17.18000000,1.48000000,25.42640000,1682900751549,False,True
48080628,17.18000000,16.44000000,282.43920000,1682900814418,True,True
48080629,17.18000000,1.47000000,25.25460000,1682900814418,True,True
48080630,17.18000000,14.54000000,249.79720000,1682900814418,True,True
48080631,17.18000000,29.09000000,499.76620000,1682900814418,True,True
48080632,17.18000000,15.11000000,259.58980000,1682900814418,True,True
48080633,17.18000000,16.94000000,291.02920000,1682900821459,False,True
48080634,17.17000000,1.47000000,25.23990000,1682900842839,True,True
48080635,17.17000000,5.82000000,99.92940000,1682900842839,True,True
48080636,17.16000000,26.48000000,454.39680000,1682900842839,True,True
48080637,17.16000000,71.30000000,1223.50800000,1682900842839,True,True
48080638,17.16000000,2.93000000,50.27880000,1682900842839,True,True
48080639,17.17000000,12.92000000,221.83640000,1682900864817,False,True
48080640,17.17000000,101.16000000,1736.91720000,1682900864817,False,True
48080641,17.17000000,18.87000000,323.99790000,1682900864817,False,True
48080642,17.17000000,16.98000000,291.54660000,1682900864971,False,True
48080643,17.17000000,9.07000000,155.73190000,1682900864971,False,True
48080644,17.17000000,1.48000000,25.41160000,1682900887538,False,True
48080645,17.18000000,0.89000000,15.29020000,1682900903073,False,True
48080646,17.18000000,0.59000000,10.13620000,1682900903077,False,True
48080647,17.18000000,1.47000000,25.25460000,1682900903226,False,True
48080648,17.19000000,8.30000000,142.67700000,1682900906486,False,True
48080649,17.19000000,3.00000000,51.57000000,1682900906486,False,True
48080650,17.19000000,20.00000000,343.80000000,1682900906486,False,True
48080651,17.19000000,50.00000000,859.50000000,1682900906486,False,True
48080652,17.19000000,3.49000000,59.99310000,1682900906486,False,True
48080653,17.19000000,3.30000000,56.72700000,1682900906486,False,True
48080654,17.20000000,3.21000000,55.21200000,1682900911791,False,True
48080655,17.20000000,0.32000000,5.50400000,1682900911791,False,True
48080656,17.20000000,0.91000000,15.65200000,1682900911791,False,True
48080657,17.20000000,2.09000000,35.94800000,1682900911795,False,True
48080658,17.20000000,20.00000000,344.00000000,1682900911795,False,True
48080659,17.20000000,1.07000000,18.40400000,1682900911795,False,True
48080660,17.20000000,29.24000000,502.92800000,1682900911795,False,True
48080661,17.20000000,1.96000000,33.71200000,1682900911795,False,True
48080662,17.20000000,1.96000000,33.71200000,1682900911795,False,True
48080663,17.20000000,15.65000000,269.18000000,1682900911795,False,True
48080664,17.20000000,4.78000000,82.21600000,1682900911795,False,True
48080665,17.20000000,49.75000000,855.70000000,1682900911795,False,True
48080666,17.20000000,18.41000000,316.65200000,1682900911802,False,True
48080667,17.20000000,4.94000000,84.96800000,1682900911802,False,True
48080668,17.20000000,4.78000000,82.21600000,1682900994823,False,True
48080669,17.20000000,1.46000000,25.11200000,1682900994823,False,True
48080670,17.20000000,11.20000000,192.64000000,1682900994823,False,True
48080671,17.19000000,1.48000000,25.44120000,1682901015560,True,True
48080672,17.19000000,8.87000000,152.47530000,1682901032123,False,True
48080673,17.19000000,20.84000000,358.23960000,1682901032255,False,True
48080674,17.19000000,6.15000000,105.71850000,1682901048703,False,True
48080675,17.19000000,1.46000000,25.09740000,1682901048703,False,True
48080676,17.19000000,1.48000000,25.44120000,1682901053920,True,True
48080677,17.18000000,1.48000000,25.42640000,1682901162891,True,True
48080678,17.18000000,6.20000000,106.51600000,1682901162891,True,True
48080679,17.19000000,1.46000000,25.09740000,1682901167757,False,True
48080680,17.19000000,1.90000000,32.66100000,1682901167757,False,True
48080681,17.19000000,0.99000000,17.01810000,1682901169612,False,True
48080682,17.19000000,2.30000000,39.53700000,1682901227202,False,True
48080683,17.19000000,1.46000000,25.09740000,1682901227202,False,True
48080684,17.19000000,13.39000000,230.17410000,1682901227202,False,True
48080685,17.19000000,1.48000000,25.44120000,1682901232114,True,True
48080686,17.19000000,5.09000000,87.49710000,1682901232114,True,True
48080687,17.19000000,1.46000000,25.09740000,1682901250780,False,True
48080688,17.19000000,0.40000000,6.87600000,1682901250780,False,True
48080689,17.18000000,17.46000000,299.96280000,1682901257479,True,True
48080690,17.18000000,3.30000000,56.69400000,1682901257479,True,True
48080691,17.18000000,1.48000000,25.42640000,1682901257479,True,True
48080692,17.18000000,14.54000000,249.79720000,1682901257479,True,True
48080693,17.18000000,6.75000000,115.96500000,1682901257479,True,True
48080694,17.18000000,0.88000000,15.11840000,1682901257482,True,True
48080695,17.18000000,80.00000000,1374.40000000,1682901268570,True,True
48080696,17.19000000,0.86000000,14.78340000,1682901345046,False,True
48080697,17.19000000,4.85000000,83.37150000,1682901368109,False,True
48080698,17.19000000,8.24000000,141.64560000,1682901377971,False,True
48080699,17.19000000,14.54000000,249.94260000,1682901377971,False,True
48080700,17.19000000,0.37000000,6.36030000,1682901377971,False,True
48080701,17.19000000,5.21000000,89.55990000,1682901377971,False,True
48080702,17.19000000,23.87000000,410.32530000,1682901377975,False,True
48080703,17.19000000,37.75000000,648.92250000,1682901377975,False,True
48080704,17.19000000,8.19000000,140.78610000,1682901377975,False,True
48080705,17.19000000,1.46000000,25.09740000,1682901377975,False,True
48080706,17.19000000,4.78000000,82.16820000,1682901377975,False,True
48080707,17.19000000,4.78000000,82.16820000,1682901377975,False,True
48080708,17.19000000,4.78000000,82.16820000,1682901377975,False,True
48080709,17.19000000,4.78000000,82.16820000,1682901377975,False,True
48080710,17.19000000,4.78000000,82.16820000,1682901377975,False,True
48080711,17.19000000,4.78000000,82.16820000,1682901377975,False,True
48080712,17.19000000,4.78000000,82.16820000,1682901377975,False,True
48080713,17.19000000,4.78000000,82.16820000,1682901377975,False,True
48080714,17.19000000,4.78000000,82.16820000,1682901377975,False,True
48080715,17.19000000,4.72000000,81.13680000,1682901377975,False,True
48080716,17.19000000,1.47000000,25.26930000,1682901377980,False,True
48080717,17.19000000,1.48000000,25.44120000,1682901384272,True,True
48080718,17.19000000,66.06000000,1135.57140000,1682901384272,True,True
48080719,17.19000000,17.50000000,300.82500000,1682901384272,True,True
48080720,17.19000000,14.54000000,249.94260000,1682901425011,True,True
48080721,17.19000000,1.47000000,25.26930000,1682901425011,True,True
48080722,17.19000000,1.48000000,25.44120000,1682901428046,False,True
48080723,17.20000000,32.88000000,565.53600000,1682901444727,False,True
48080724,17.20000000,87.14000000,1498.80800000,1682901444753,False,True
48080725,17.20000000,10.00000000,172.00000000,1682901453749,False,True
48080726,17.20000000,35.72000000,614.38400000,1682901454229,False,True
48080727,17.19000000,21.67000000,372.50730000,1682901522036,True,True
48080728,17.19000000,10.12000000,173.96280000,1682901522036,True,True
48080729,17.19000000,1.38000000,23.72220000,1682901522037,True,True
48080730,17.19000000,9.38000000,161.24220000,1682901522037,True,True
48080731,17.19000000,19.70000000,338.64300000,1682901522044,True,True
48080732,17.19000000,14.54000000,249.94260000,1682901522044,True,True
48080733,17.19000000,5.63000000,96.77970000,1682901522044,True,True
48080734,17.19000000,11.63000000,199.91970000,1682901522044,True,True
48080735,17.19000000,11.63000000,199.91970000,1682901522044,True,True
48080736,17.19000000,8.47000000,145.59930000,1682901522044,True,True
48080737,17.19000000,3.16000000,54.32040000,1682901522053,True,True
48080738,17.19000000,2.05000000,35.23950000,1682901522053,True,True
48080739,17.19000000,9.58000000,164.68020000,1682901522106,True,True
48080740,17.19000000,1.47000000,25.26930000,1682901530415,False,True
48080741,17.19000000,1.48000000,25.44120000,1682901556483,True,True
48080742,17.19000000,16.93000000,291.02670000,1682901556483,True,True
48080743,17.19000000,0.59000000,10.14210000,1682901556586,False,True
48080744,17.19000000,1.48000000,25.44120000,1682901597385,False,True
48080745,17.20000000,13.89000000,238.90800000,1682901698614,False,True
48080746,17.19000000,1.24000000,21.31560000,1682901721876,True,True
48080747,17.19000000,1.47000000,25.26930000,1682901721876,True,True
48080748,17.19000000,14.54000000,249.94260000,1682901721876,True,True
48080749,17.19000000,16.05000000,275.89950000,1682901721876,True,True
48080750,17.19000000,356.37000000,6126.00030000,1682901721876,True,True
48080751,17.19000000,18.00000000,309.42000000,1682901732156,False,True
48080752,17.19000000,1.47000000,25.26930000,1682901746754,False,True
48080753,17.19000000,1.48000000,25.44120000,1682901769038,True,True
48080754,17.18000000,1.48000000,25.42640000,1682901769123,True,True
48080755,17.18000000,9.52000000,163.55360000,1682901781453,True,True
48080756,17.18000000,6.61000000,113.55980000,1682901781455,True,True
48080757,17.18000000,5.23000000,89.85140000,1682901781456,True,True
48080758,17.18000000,17.03000000,292.57540000,1682901781457,True,True
48080759,17.18000000,10.68000000,183.48240000,1682901781459,True,True
48080760,17.19000000,1.48000000,25.44120000,1682901837245,False,True
48080761,17.19000000,58.56000000,1006.64640000,1682901837245,False,True
48080762,17.19000000,4.78000000,82.16820000,1682901837245,False,True
48080763,17.19000000,4.78000000,82.16820000,1682901837248,False,True
48080764,17.19000000,0.43000000,7.39170000,1682901837248,False,True
48080765,17.19000000,4.35000000,74.77650000,1682901837249,False,True
48080766,17.19000000,0.43000000,7.39170000,1682901837249,False,True
48080767,17.19000000,4.35000000,74.77650000,1682901837250,False,True
48080768,17.19000000,4.78000000,82.16820000,1682901837250,False,True
48080769,17.19000000,4.78000000,82.16820000,1682901837250,False,True
48080770,17.19000000,4.78000000,82.16820000,1682901837250,False,True
48080771,17.19000000,4.78000000,82.16820000,1682901837250,False,True
48080772,17.19000000,4.78000000,82.16820000,1682901837250,False,True
48080773,17.19000000,4.75000000,81.65250000,1682901837250,False,True
48080774,17.20000000,1.94000000,33.36800000,1682901904872,False,True
48080775,17.19000000,1.00000000,17.19000000,1682902001434,True,True
48080776,17.19000000,1.48000000,25.44120000,1682902009020,True,True
48080777,17.19000000,3.73000000,64.11870000,1682902009020,True,True
48080778,17.19000000,18.16000000,312.17040000,1682902017240,True,True
48080779,17.19000000,50.00000000,859.50000000,1682902090311,True,True
48080780,17.20000000,18.43000000,316.99600000,1682902138578,False,True
48080781,17.20000000,71.89000000,1236.50800000,1682902138578,False,True
48080782,17.20000000,3.49000000,60.02800000,1682902138578,False,True
48080783,17.20000000,0.76000000,13.07200000,1682902138578,False,True
48080784,17.20000000,1.24000000,21.32800000,1682902138582,False,True
48080785,17.20000000,3.30000000,56.76000000,1682902138582,False,True
48080786,17.20000000,9.06000000,155.83200000,1682902138582,False,True
48080787,17.20000000,5.47000000,94.08400000,1682902138584,False,True
48080788,17.20000000,29.06000000,499.83200000,1682902138584,False,True
48080789,17.20000000,1.48000000,25.45600000,1682902138584,False,True
48080790,17.20000000,1.47000000,25.28400000,1682902138598,True,True
48080791,17.20000000,0.54000000,9.28800000,1682902138598,True,True
48080792,17.21000000,1.36000000,23.40560000,1682902166100,False,True
48080793,17.21000000,3.00000000,51.63000000,1682902166100,False,True
48080794,17.21000000,7.93000000,136.47530000,1682902166100,False,True
48080795,17.21000000,12.07000000,207.72470000,1682902168914,False,True
48080796,17.21000000,0.71000000,12.21910000,1682902168914,False,True
48080797,17.21000000,1.20000000,20.65200000,1682902168914,False,True
48080798,17.21000000,4.78000000,82.26380000,1682902168914,False,True
48080799,17.21000000,3.48000000,59.89080000,1682902168914,False,True
48080800,17.21000000,1.47000000,25.29870000,1682902168914,False,True
48080801,17.21000000,4.78000000,82.26380000,1682902168917,False,True
48080802,17.21000000,0.43000000,7.40030000,1682902168917,False,True
48080803,17.21000000,4.35000000,74.86350000,1682902168919,False,True
48080804,17.21000000,0.43000000,7.40030000,1682902168919,False,True
48080805,17.21000000,4.35000000,74.86350000,1682902168920,False,True
48080806,17.21000000,4.78000000,82.26380000,1682902168920,False,True
48080807,17.21000000,4.78000000,82.26380000,1682902168920,False,True
48080808,17.21000000,4.78000000,82.26380000,1682902168920,False,True
48080809,17.21000000,4.78000000,82.26380000,1682902168920,False,True
48080810,17.21000000,4.78000000,82.26380000,1682902168920,False,True
48080811,17.21000000,4.69000000,80.71490000,1682902168920,False,True
48080812,17.22000000,0.67000000,11.53740000,1682902176610,False,True
48080813,17.22000000,1.36000000,23.41920000,1682902176610,False,True
48080814,17.22000000,3.00000000,51.66000000,1682902176610,False,True
48080815,17.22000000,8.30000000,142.92600000,1682902176610,False,True
48080816,17.22000000,28.08000000,483.53760000,1682902176610,False,True
48080817,17.22000000,20.00000000,344.40000000,1682902176610,False,True
48080818,17.22000000,100.00000000,1722.00000000,1682902176610,False,True
48080819,17.22000000,7.99000000,137.58780000,1682902176610,False,True
48080820,17.22000000,3.30000000,56.82600000,1682902176610,False,True
48080821,17.22000000,4.77000000,82.13940000,1682902176610,False,True
48080822,17.22000000,4.77000000,82.13940000,1682902176615,False,True
48080823,17.22000000,4.77000000,82.13940000,1682902176616,False,True
48080824,17.22000000,4.77000000,82.13940000,1682902176616,False,True
48080825,17.22000000,4.77000000,82.13940000,1682902176616,False,True
48080826,17.22000000,4.77000000,82.13940000,1682902176616,False,True
48080827,17.22000000,4.77000000,82.13940000,1682902176616,False,True
48080828,17.22000000,4.77000000,82.13940000,1682902176616,False,True
48080829,17.22000000,4.77000000,82.13940000,1682902176616,False,True
48080830,17.22000000,4.76000000,81.96720000,1682902176616,False,True
48080831,17.22000000,1.47000000,25.31340000,1682902176627,True,True
48080832,17.22000000,2.82000000,48.56040000,1682902176638,True,True
48080833,17.22000000,2.82000000,48.56040000,1682902176672,True,True
48080834,17.22000000,2.82000000,48.56040000,1682902176703,True,True
48080835,17.22000000,1.47000000,25.31340000,1682902176731,True,True
48080836,17.22000000,1.46000000,25.14120000,1682902236028,False,True
48080837,17.22000000,4.78000000,82.31160000,1682902236028,False,True
48080838,17.22000000,47.15000000,811.92300000,1682902236028,False,True
48080839,17.21000000,1.47000000,25.29870000,1682902264623,True,True
48080840,17.20000000,1.48000000,25.45600000,1682902287565,True,True
48080841,17.20000000,24.25000000,417.10000000,1682902287565,True,True
48080842,17.20000000,18.27000000,314.24400000,1682902287565,True,True
48080843,17.20000000,10.77000000,185.24400000,1682902288716,True,True
48080844,17.20000000,3.30000000,56.76000000,1682902288716,True,True
48080845,17.20000000,1.16000000,19.95200000,1682902288813,False,True
48080846,17.19000000,0.99000000,17.01810000,1682902353363,True,True
48080847,17.19000000,7.00000000,120.33000000,1682902361605,True,True
48080848,17.19000000,36.55000000,628.29450000,1682902443168,True,True
48080849,17.19000000,17.91000000,307.87290000,1682902443169,True,True
48080850,17.19000000,14.32000000,246.16080000,1682902443174,True,True
48080851,17.19000000,210.51000000,3618.66690000,1682902443175,True,True
48080852,17.19000000,13.30000000,228.62700000,1682902443175,True,True
48080853,17.19000000,3.48000000,59.82120000,1682902443175,True,True
48080854,17.19000000,1.00000000,17.19000000,1682902443175,True,True
48080855,17.19000000,3.30000000,56.72700000,1682902443175,True,True
48080856,17.19000000,1.13000000,19.42470000,1682902443190,False,True
48080857,17.18000000,56.34000000,967.92120000,1682902449228,True,True
48080858,17.18000000,174.98000000,3006.15640000,1682902456092,True,True
48080859,17.18000000,48.88000000,839.75840000,1682902456095,True,True
48080860,17.18000000,0.67000000,11.51060000,1682902456095,True,True
48080861,17.18000000,3.49000000,59.95820000,1682902456095,True,True
48080862,17.18000000,3.30000000,56.69400000,1682902456095,True,True
48080863,17.18000000,1.39000000,23.88020000,1682902456107,False,True
48080864,17.17000000,3.00000000,51.51000000,1682902509912,True,True
48080865,17.17000000,1.36000000,23.35120000,1682902509912,True,True
48080866,17.17000000,67.64000000,1161.37880000,1682902509912,True,True
48080867,17.17000000,96.77000000,1661.54090000,1682902509912,True,True
48080868,17.17000000,1.48000000,25.41160000,1682902537596,False,True
48080869,17.18000000,0.08000000,1.37440000,1682902602834,False,True
48080870,17.18000000,4.78000000,82.12040000,1682902602834,False,True
48080871,17.18000000,1.47000000,25.25460000,1682902602834,False,True
48080872,17.18000000,4.78000000,82.12040000,1682902602834,False,True
48080873,17.18000000,4.59000000,78.85620000,1682902602834,False,True
48080874,17.18000000,0.19000000,3.26420000,1682902602852,False,True
48080875,17.18000000,4.78000000,82.12040000,1682902602852,False,True
48080876,17.18000000,4.78000000,82.12040000,1682902602852,False,True
48080877,17.18000000,4.78000000,82.12040000,1682902602852,False,True
48080878,17.18000000,4.78000000,82.12040000,1682902602852,False,True
48080879,17.18000000,4.78000000,82.12040000,1682902602852,False,True
48080880,17.18000000,4.78000000,82.12040000,1682902602852,False,True
48080881,17.18000000,4.77000000,81.94860000,1682902602852,False,True
48080882,17.18000000,0.30000000,5.15400000,1682902662657,True,True
48080883,17.18000000,0.30000000,5.15400000,1682902662882,True,True
48080884,17.19000000,3.30000000,56.72700000,1682902718295,False,True
48080885,17.19000000,1.45000000,24.92550000,1682902718295,False,True
48080886,17.19000000,0.01000000,0.17190000,1682902718299,False,True
48080887,17.19000000,1.48000000,25.44120000,1682902726935,True,True
48080888,17.19000000,1.46000000,25.09740000,1682902783064,False,True
48080889,17.19000000,1.48000000,25.44120000,1682902809382,True,True
48080890,17.18000000,0.87000000,14.94660000,1682902834632,True,True
48080891,17.18000000,1.46000000,25.08280000,1682902834632,True,True
48080892,17.18000000,3.36000000,57.72480000,1682902834650,False,True
48080893,17.18000000,34.43000000,591.50740000,1682902834658,False,True
48080894,17.18000000,8.33000000,143.10940000,1682902834658,False,True
48080895,17.17000000,0.52000000,8.92840000,1682902929259,True,True
48080896,17.18000000,1.48000000,25.42640000,1682902936562,False,True
48080897,17.19000000,1.46000000,25.09740000,1682902999189,False,True
48080898,17.19000000,6.29000000,108.12510000,1682902999189,False,True
48080899,17.19000000,37.66000000,647.37540000,1682902999189,False,True
48080900,17.19000000,41.90000000,720.26100000,1682902999189,False,True
48080901,17.18000000,1.83000000,31.43940000,1682903038584,True,True
48080902,17.18000000,35.85000000,615.90300000,1682903051167,True,True
48080903,17.18000000,1.47000000,25.25460000,1682903051167,True,True
48080904,17.18000000,12.25000000,210.45500000,1682903051167,True,True
48080905,17.18000000,10.05000000,172.65900000,1682903051167,True,True
48080906,17.18000000,12.40000000,213.03200000,1682903084993,True,True
48080907,17.18000000,1.46000000,25.08280000,1682903162080,True,True
48080908,17.17000000,28.16000000,483.50720000,1682903282746,True,True
48080909,17.17000000,3.30000000,56.66100000,1682903282746,True,True
48080910,17.17000000,4.52000000,77.60840000,1682903301361,False,True
48080911,17.17000000,1.48000000,25.41160000,1682903410717,False,True
48080912,17.17000000,2.45000000,42.06650000,1682903410717,False,True
48080913,17.17000000,7.44000000,127.74480000,1682903411505,False,True
48080914,17.17000000,15.76000000,270.59920000,1682903411505,False,True
48080915,17.17000000,2.76000000,47.38920000,1682903419426,False,True
48080916,17.17000000,1.48000000,25.41160000,1682903419426,False,True
48080917,17.17000000,7.75000000,133.06750000,1682903419426,False,True
48080918,17.17000000,1.47000000,25.23990000,1682903487464,True,True
48080919,17.16000000,3.21000000,55.08360000,1682903497420,True,True
48080920,17.16000000,3.00000000,51.48000000,1682903497420,True,True
48080921,17.16000000,8.30000000,142.42800000,1682903497420,True,True
48080922,17.16000000,3.49000000,59.88840000,1682903497420,True,True
48080923,17.16000000,3.30000000,56.62800000,1682903497420,True,True
48080924,17.16000000,14.55000000,249.67800000,1682903497420,True,True
48080925,17.16000000,1.47000000,25.22520000,1682903497420,True,True
48080926,17.16000000,2.94000000,50.45040000,1682903497431,False,True
48080927,17.15000000,1.48000000,25.38200000,1682903553096,True,True
48080928,17.15000000,20.00000000,343.00000000,1682903553096,True,True
48080929,17.15000000,29.16000000,500.09400000,1682903553096,True,True
48080930,17.15000000,0.32000000,5.48800000,1682903553096,True,True
48080931,17.15000000,1.36000000,23.32400000,1682903553096,True,True
48080932,17.15000000,3.00000000,51.45000000,1682903553096,True,True
48080933,17.15000000,4.13000000,70.82950000,1682903553096,True,True
48080934,17.15000000,7.52000000,128.96800000,1682903553101,True,True
48080935,17.15000000,3.30000000,56.59500000,1682903553101,True,True
48080936,17.14000000,1.47000000,25.19580000,1682903628246,True,True
48080937,17.14000000,3.00000000,51.42000000,1682903628246,True,True
48080938,17.14000000,43.14000000,739.41960000,1682903628246,True,True
48080939,17.14000000,7.63000000,130.77820000,1682903648275,True,True
48080940,17.15000000,3.10000000,53.16500000,1682903689335,False,True
48080941,17.15000000,1.48000000,25.38200000,1682903689341,False,True
48080942,17.15000000,1.48000000,25.38200000,1682903721989,False,True
48080943,17.15000000,2.43000000,41.67450000,1682903721989,False,True
48080944,17.15000000,1.48000000,25.38200000,1682903742337,False,True
48080945,17.16000000,1.48000000,25.39680000,1682903773188,False,True
48080946,17.16000000,23.15000000,397.25400000,1682903773188,False,True
48080947,17.16000000,2.57000000,44.10120000,1682903773188,False,True
48080948,17.16000000,1.48000000,25.39680000,1682903779088,True,True
48080949,17.16000000,1.71000000,29.34360000,1682903779088,True,True
48080950,17.16000000,1.71000000,29.34360000,1682903779088,True,True
48080951,17.16000000,6.52000000,111.88320000,1682903782574,False,True
48080952,17.16000000,1.47000000,25.22520000,1682903782574,False,True
48080953,17.17000000,3.49000000,59.92330000,1682903800548,False,True
48080954,17.17000000,3.30000000,56.66100000,1682903800548,False,True
48080955,17.17000000,12.38000000,212.56460000,1682903800548,False,True
48080956,17.17000000,1.48000000,25.41160000,1682903800643,True,True
48080957,17.17000000,7.39000000,126.88630000,1682903800643,True,True
48080958,17.17000000,0.30000000,5.15100000,1682903802215,True,True
48080959,17.17000000,1.48000000,25.41160000,1682903833679,True,True
48080960,17.16000000,1.48000000,25.39680000,1682903849377,True,True
48080961,17.16000000,1.48000000,25.39680000,1682903855684,False,True
48080962,17.16000000,16.89000000,289.83240000,1682903855684,False,True
48080963,17.16000000,1.48000000,25.39680000,1682903913957,False,True
48080964,17.16000000,1.98000000,33.97680000,1682903913957,False,True
48080965,17.16000000,1.47000000,25.22520000,1682903924669,False,True
48080966,17.16000000,1.48000000,25.39680000,1682903942900,True,True
48080967,17.15000000,3.97000000,68.08550000,1682903975947,True,True
48080968,17.15000000,3.49000000,59.85350000,1682903975947,True,True
48080969,17.15000000,3.30000000,56.59500000,1682903975947,True,True
48080970,17.15000000,186.41000000,3196.93150000,1682903975947,True,True
48080971,17.15000000,13.94000000,239.07100000,1682903975947,True,True
48080972,17.15000000,1.48000000,25.38200000,1682904019697,False,True
48080973,17.15000000,58.00000000,994.70000000,1682904019697,False,True
48080974,17.15000000,1.48000000,25.38200000,1682904027258,True,True
48080975,17.16000000,1.48000000,25.39680000,1682904035254,False,True
48080976,17.16000000,8.87000000,152.20920000,1682904042436,True,True
48080977,17.16000000,1.47000000,25.22520000,1682904067138,True,True
48080978,17.16000000,1.47000000,25.22520000,1682904076785,False,True
48080979,17.16000000,1.48000000,25.39680000,1682904085198,True,True
48080980,17.15000000,1.47000000,25.21050000,1682904172391,True,True
48080981,17.15000000,6.24000000,107.01600000,1682904172391,True,True
48080982,17.15000000,0.61000000,10.46150000,1682904295779,True,True
48080983,17.15000000,1.48000000,25.38200000,1682904298309,False,True
48080984,17.15000000,36.37000000,623.74550000,1682904298309,False,True
48080985,17.15000000,2.30000000,39.44500000,1682904298309,False,True
48080986,17.15000000,1.48000000,25.38200000,1682904300425,True,True
48080987,17.14000000,49.23000000,843.80220000,1682904335819,True,True
48080988,17.14000000,16.62000000,284.86680000,1682904335819,True,True
48080989,17.14000000,33.38000000,572.13320000,1682904335824,True,True
48080990,17.14000000,3.49000000,59.81860000,1682904335824,True,True
48080991,17.14000000,2.37000000,40.62180000,1682904335824,True,True
48080992,17.14000000,3.30000000,56.56200000,1682904335824,True,True
48080993,17.14000000,8.43000000,144.49020000,1682904335824,True,True
48080994,17.15000000,1.47000000,25.21050000,1682904378433,False,True
48080995,17.15000000,35.41000000,607.28150000,1682904378433,False,True
48080996,17.15000000,15.08000000,258.62200000,1682904378435,False,True
48080997,17.15000000,7.92000000,135.82800000,1682904378436,False,True
48080998,17.15000000,30.86000000,529.24900000,1682904378438,False,True
48080999,17.16000000,3.49000000,59.88840000,1682904419539,False,True
48081000,17.16000000,3.30000000,56.62800000,1682904419539,False,True
48081001,17.16000000,1.48000000,25.39680000,1682904419539,False,True
48081002,17.16000000,1.47000000,25.22520000,1682904419553,True,True
48081003,17.16000000,2.19000000,37.58040000,1682904419553,True,True
48081004,17.16000000,20.11000000,345.08760000,1682904428517,True,True
48081005,17.16000000,36.36000000,623.93760000,1682904428517,True,True
48081006,17.16000000,31.05000000,532.81800000,1682904428517,True,True
48081007,17.16000000,1.71000000,29.34360000,1682904428517,True,True
48081008,17.16000000,12.36000000,212.09760000,1682904428517,True,True
48081009,17.16000000,39.13000000,671.47080000,1682904428517,True,True
48081010,17.16000000,0.58000000,9.95280000,1682904482059,True,True
48081011,17.17000000,39.90000000,685.08300000,1682904489299,False,True
48081012,17.17000000,1.48000000,25.41160000,1682904489299,False,True
48081013,17.17000000,16.26000000,279.18420000,1682904489299,False,True
48081014,17.17000000,3.93000000,67.47810000,1682904489311,True,True
48081015,17.18000000,0.57000000,9.79260000,1682904520647,False,True
48081016,17.17000000,0.75000000,12.87750000,1682904552599,True,True
48081017,17.18000000,0.91000000,15.63380000,1682904598692,False,True
48081018,17.18000000,0.26000000,4.46680000,1682904598692,False,True
48081019,17.18000000,0.74000000,12.71320000,1682904598698,False,True
48081020,17.18000000,3.30000000,56.69400000,1682904598698,False,True
48081021,17.18000000,1.00000000,17.18000000,1682904598698,False,True
48081022,17.18000000,1.48000000,25.42640000,1682904693372,True,True
48081023,17.18000000,1.47000000,25.25460000,1682904751648,False,True
48081024,17.18000000,1.48000000,25.42640000,1682904845726,True,True
48081025,17.17000000,0.72000000,12.36240000,1682904857766,True,True
48081026,17.17000000,1.47000000,25.23990000,1682904857766,True,True
48081027,17.16000000,0.90000000,15.44400000,1682904937869,True,True
48081028,17.16000000,3.49000000,59.88840000,1682904937869,True,True
48081029,17.16000000,3.30000000,56.62800000,1682904937869,True,True
48081030,17.16000000,3.66000000,62.80560000,1682904937869,True,True
48081031,17.16000000,1.06000000,18.18960000,1682904937896,False,True
48081032,17.16000000,0.42000000,7.20720000,1682904965001,False,True
48081033,17.16000000,1.58000000,27.11280000,1682904965001,False,True
48081034,17.15000000,3.40000000,58.31000000,1682904979172,True,True
48081035,17.15000000,8.87000000,152.12050000,1682905038089,True,True
48081036,17.15000000,0.78000000,13.37700000,1682905050112,True,True
48081037,17.15000000,10.10000000,173.21500000,1682905052852,True,True
48081038,17.15000000,1.47000000,25.21050000,1682905052852,True,True
48081039,17.15000000,11.57000000,198.42550000,1682905052852,True,True
48081040,17.15000000,125.01000000,2143.92150000,1682905052852,True,True
48081041,17.15000000,49.13000000,842.57950000,1682905053041,True,True
48081042,17.15000000,25.86000000,443.49900000,1682905082953,True,True
48081043,17.15000000,3.30000000,56.59500000,1682905082953,True,True
48081044,17.14000000,20.00000000,342.80000000,1682905101780,True,True
48081045,17.14000000,3.49000000,59.81860000,1682905101780,True,True
48081046,17.14000000,3.30000000,56.56200000,1682905101780,True,True
48081047,17.13000000,1.47000000,25.18110000,1682905109196,True,True
48081048,17.13000000,2.39000000,40.94070000,1682905109196,True,True
48081049,17.13000000,0.67000000,11.47710000,1682905109196,True,True
48081050,17.13000000,8.30000000,142.17900000,1682905109196,True,True
48081051,17.13000000,20.00000000,342.60000000,1682905109196,True,True
48081052,17.13000000,3.50000000,59.95500000,1682905109196,True,True
48081053,17.13000000,1.34000000,22.95420000,1682905109196,True,True
48081054,17.13000000,1.96000000,33.57480000,1682905109200,True,True
48081055,17.12000000,0.64000000,10.95680000,1682905109575,True,True
48081056,17.12000000,3.21000000,54.95520000,1682905109575,True,True
48081057,17.12000000,1.36000000,23.28320000,1682905109575,True,True
48081058,17.12000000,3.00000000,51.36000000,1682905109575,True,True
48081059,17.12000000,1.47000000,25.16640000,1682905109575,True,True
48081060,17.12000000,0.71000000,12.15520000,1682905109575,True,True
48081061,17.12000000,20.00000000,342.40000000,1682905109575,True,True
48081062,17.12000000,22.59000000,386.74080000,1682905109575,True,True
48081063,17.12000000,23.10000000,395.47200000,1682905109635,True,True
48081064,17.12000000,4.31000000,73.78720000,1682905109652,True,True
48081065,17.12000000,3.50000000,59.92000000,1682905109652,True,True
48081066,17.12000000,9.75000000,166.92000000,1682905109652,True,True
48081067,17.12000000,21.28000000,364.31360000,1682905109840,False,True
48081068,17.11000000,0.64000000,10.95040000,1682905110272,True,True
48081069,17.11000000,1.47000000,25.15170000,1682905110272,True,True
48081070,17.11000000,0.88000000,15.05680000,1682905110272,True,True
48081071,17.11000000,3.00000000,51.33000000,1682905110272,True,True
48081072,17.11000000,4.85000000,82.98350000,1682905110272,True,True
48081073,17.11000000,1.07000000,18.30770000,1682905110272,True,True
48081074,17.11000000,20.00000000,342.20000000,1682905110272,True,True
48081075,17.11000000,1.17000000,20.01870000,1682905110272,True,True
48081076,17.11000000,5.73000000,98.04030000,1682905110272,True,True
48081077,17.11000000,26.58000000,454.78380000,1682905110292,True,True
48081078,17.11000000,17.69000000,302.67590000,1682905110296,True,True
48081079,17.11000000,1.00000000,17.11000000,1682905110296,True,True
48081080,17.11000000,0.31000000,5.30410000,1682905110296,True,True
48081081,17.11000000,1.06000000,18.13660000,1682905110296,True,True
48081082,17.11000000,3.50000000,59.88500000,1682905110296,True,True
48081083,17.11000000,4.46000000,76.31060000,1682905110575,True,True
48081084,17.10000000,0.64000000,10.94400000,1682905110575,True,True
48081085,17.10000000,0.32000000,5.47200000,1682905110575,True,True
48081086,17.10000000,3.00000000,51.30000000,1682905110575,True,True
48081087,17.10000000,3.37000000,57.62700000,1682905110575,True,True
48081088,17.10000000,1.74000000,29.75400000,1682905110575,True,True
48081089,17.11000000,12.57000000,215.07270000,1682905110795,False,True
48081090,17.11000000,1.48000000,25.32280000,1682905110795,False,True
48081091,17.11000000,14.83000000,253.74130000,1682905110795,False,True
48081092,17.12000000,28.88000000,494.42560000,1682905110799,False,True
48081093,17.11000000,14.29000000,244.50190000,1682905110979,False,True
48081094,17.11000000,32.31000000,552.82410000,1682905110979,False,True
48081095,17.12000000,8.13000000,139.18560000,1682905110979,False,True
48081096,17.12000000,36.96000000,632.75520000,1682905110979,False,True
48081097,17.12000000,5.36000000,91.76320000,1682905110979,False,True
48081098,17.10000000,18.26000000,312.24600000,1682905111235,True,True
48081099,17.10000000,10.61000000,181.43100000,1682905111235,True,True
48081100,17.10000000,18.63000000,318.57300000,1682905111237,True,True
48081101,17.10000000,12.40000000,212.04000000,1682905111237,True,True
48081102,17.10000000,7.60000000,129.96000000,1682905111237,True,True
48081103,17.10000000,1.00000000,17.10000000,1682905111237,True,True
48081104,17.10000000,1.18000000,20.17800000,1682905111237,True,True
48081105,17.10000000,9.40000000,160.74000000,1682905111237,True,True
48081106,17.10000000,11.85000000,202.63500000,1682905111237,True,True
48081107,17.10000000,27.61000000,472.13100000,1682905111237,True,True
48081108,17.10000000,14.15000000,241.96500000,1682905111298,True,True
48081109,17.10000000,7.45000000,127.39500000,1682905111358,False,True
48081110,17.10000000,1.48000000,25.30800000,1682905111810,False,True
48081111,17.10000000,15.19000000,259.74900000,1682905111810,False,True
48081112,17.10000000,17.05000000,291.55500000,1682905111810,False,True
48081113,17.10000000,15.05000000,257.35500000,1682905113251,False,True
48081114,17.10000000,22.41000000,383.21100000,1682905113251,False,True
48081115,17.10000000,97.05000000,1659.55500000,1682905113251,False,True
48081116,17.10000000,65.49000000,1119.87900000,1682905113251,False,True
48081117,17.10000000,60.00000000,1026.00000000,1682905113306,False,True
48081118,17.10000000,1.71000000,29.24100000,1682905113306,False,True
48081119,17.10000000,9.18000000,156.97800000,1682905113306,False,True
48081120,17.10000000,1.71000000,29.24100000,1682905113306,False,True
48081121,17.11000000,36.96000000,632.38560000,1682905113306,False,True
48081122,17.11000000,14.57000000,249.29270000,1682905113306,False,True
48081123,17.09000000,0.64000000,10.93760000,1682905117159,True,True
48081124,17.09000000,0.67000000,11.45030000,1682905117159,True,True
48081125,17.09000000,8.30000000,141.84700000,1682905117159,True,True
48081126,17.09000000,0.75000000,12.81750000,1682905117159,True,True
48081127,17.09000000,2.25000000,38.45250000,1682905117160,True,True
48081128,17.09000000,6.38000000,109.03420000,1682905117160,True,True
48081129,17.09000000,13.62000000,232.76580000,1682905117162,True,True
48081130,17.09000000,1.96000000,33.49640000,1682905117162,True,True
48081131,17.09000000,1.49000000,25.46410000,1682905117162,True,True
48081132,17.09000000,0.47000000,8.03230000,1682905117168,True,True
48081133,17.09000000,1.20000000,20.50800000,1682905117168,True,True
48081134,17.09000000,0.33000000,5.63970000,1682905117168,True,True
48081135,17.09000000,1.00000000,17.09000000,1682905117168,True,True
48081136,17.09000000,3.50000000,59.81500000,1682905117168,True,True
48081137,17.09000000,11.70000000,199.95300000,1682905117168,True,True
48081138,17.09000000,6.02000000,102.88180000,1682905117168,True,True
48081139,17.09000000,17.25000000,294.80250000,1682905117168,True,True
48081140,17.09000000,32.75000000,559.69750000,1682905117172,True,True
48081141,17.09000000,1.48000000,25.29320000,1682905117203,False,True
48081142,17.09000000,14.30000000,244.38700000,1682905117203,False,True
48081143,17.09000000,1.48000000,25.29320000,1682905118598,False,True
48081144,17.09000000,13.28000000,226.95520000,1682905118598,False,True
48081145,17.09000000,107.54000000,1837.85860000,1682905118598,False,True
48081146,17.08000000,1.15000000,19.64200000,1682905118709,True,True
48081147,17.08000000,1.36000000,23.22880000,1682905118709,True,True
48081148,17.08000000,0.98000000,16.73840000,1682905118709,True,True
48081149,17.08000000,1.20000000,20.49600000,1682905118709,True,True
48081150,17.08000000,3.00000000,51.24000000,1682905118709,True,True
48081151,17.08000000,9.06000000,154.74480000,1682905118709,True,True
48081152,17.08000000,10.94000000,186.85520000,1682905118714,True,True
48081153,17.08000000,2.09000000,35.69720000,1682905118714,True,True
48081154,17.08000000,0.70000000,11.95600000,1682905118714,True,True
48081155,17.08000000,0.31000000,5.29480000,1682905118714,True,True
48081156,17.08000000,0.64000000,10.93120000,1682905118714,True,True
48081157,17.08000000,8.41000000,143.64280000,1682905118714,True,True
48081158,17.08000000,12.00000000,204.96000000,1682905118717,True,True
48081159,17.08000000,12.18000000,208.03440000,1682905118718,True,True
48081160,17.08000000,9.64000000,164.65120000,1682905118718,True,True
48081161,17.08000000,7.77000000,132.71160000,1682905118721,True,True
48081162,17.08000000,8.95000000,152.86600000,1682905118721,True,True
48081163,17.08000000,7.06000000,120.58480000,1682905118721,True,True
48081164,17.08000000,7.02000000,119.90160000,1682905118722,True,True
48081165,17.08000000,26.97000000,460.64760000,1682905118725,True,True
48081166,17.08000000,0.43000000,7.34440000,1682905118725,True,True
48081167,17.08000000,1.32000000,22.54560000,1682905118725,True,True
48081168,17.08000000,3.39000000,57.90120000,1682905118725,True,True
48081169,17.08000000,1.00000000,17.08000000,1682905118725,True,True
48081170,17.08000000,0.71000000,12.12680000,1682905118725,True,True
48081171,17.08000000,3.51000000,59.95080000,1682905118725,True,True
48081172,17.08000000,1.58000000,26.98640000,1682905118725,True,True
48081173,17.08000000,3.13000000,53.46040000,1682905118725,True,True
48081174,17.08000000,1.47000000,25.10760000,1682905118725,True,True
48081175,17.08000000,3.99000000,68.14920000,1682905118725,True,True
48081176,17.08000000,0.72000000,12.29760000,1682905118728,True,True
48081177,17.08000000,4.71000000,80.44680000,1682905118728,True,True
48081178,17.08000000,3.40000000,58.07200000,1682905118728,True,True
48081179,17.08000000,1.31000000,22.37480000,1682905118728,True,True
48081180,17.08000000,4.71000000,80.44680000,1682905118728,True,True
48081181,17.08000000,4.71000000,80.44680000,1682905118728,True,True
48081182,17.08000000,4.71000000,80.44680000,1682905118728,True,True
48081183,17.08000000,4.71000000,80.44680000,1682905118728,True,True
48081184,17.08000000,4.66000000,79.59280000,1682905118728,True,True
48081185,17.07000000,1.36000000,23.21520000,1682905118728,True,True
48081186,17.07000000,0.71000000,12.11970000,1682905118728,True,True
48081187,17.07000000,1.47000000,25.09290000,1682905118728,True,True
48081188,17.07000000,11.62000000,198.35340000,1682905118728,True,True
48081189,17.07000000,6.91000000,117.95370000,1682905118760,True,True
48081190,17.07000000,1.96000000,33.45720000,1682905118760,True,True
48081191,17.08000000,1.49000000,25.44920000,1682905118983,False,True
48081192,17.08000000,15.40000000,263.03200000,1682905118983,False,True
48081193,17.08000000,64.00000000,1093.12000000,1682905118983,False,True
48081194,17.09000000,80.89000000,1382.41010000,1682905118987,False,True
48081195,17.07000000,1.04000000,17.75280000,1682905119224,True,True
48081196,17.07000000,1.58000000,26.97060000,1682905119224,True,True
48081197,17.07000000,1.85000000,31.57950000,1682905119224,True,True
48081198,17.07000000,0.42000000,7.16940000,1682905119224,True,True
48081199,17.07000000,0.81000000,13.82670000,1682905119224,True,True
48081200,17.07000000,0.64000000,10.92480000,1682905119224,True,True
48081201,17.07000000,3.23000000,55.13610000,1682905119224,True,True
48081202,17.07000000,7.88000000,134.51160000,1682905119224,True,True
48081203,17.07000000,8.19000000,139.80330000,1682905119224,True,True
48081204,17.07000000,41.81000000,713.69670000,1682905119247,True,True
48081205,17.07000000,1.00000000,17.07000000,1682905119247,True,True
48081206,17.07000000,1.02000000,17.41140000,1682905119247,True,True
48081207,17.07000000,4.20000000,71.69400000,1682905119247,True,True
48081208,17.07000000,26.21000000,447.40470000,1682905119247,True,True
48081209,17.07000000,23.79000000,406.09530000,1682905119250,True,True
48081210,17.07000000,6.81000000,116.24670000,1682905119250,True,True
48081211,17.07000000,1.32000000,22.53240000,1682905119286,True,True
48081212,17.07000000,1.47000000,25.09290000,1682905119286,True,True
48081213,17.07000000,30.21000000,515.68470000,1682905119301,False,True
48081214,17.07000000,1.49000000,25.43430000,1682905119316,False,True
48081215,17.07000000,0.95000000,16.21650000,1682905119316,False,True
48081216,17.07000000,2.85000000,48.64950000,1682905119455,False,True
48081217,17.07000000,2.85000000,48.64950000,1682905119520,False,True
48081218,17.07000000,8.05000000,137.41350000,1682905119620,False,True
48081219,17.07000000,17.00000000,290.19000000,1682905119620,False,True
48081220,17.07000000,1.49000000,25.43430000,1682905119620,False,True
48081221,17.07000000,1.47000000,25.09290000,1682905119627,True,True
48081222,17.07000000,2.85000000,48.64950000,1682905119731,False,True
48081223,17.07000000,2.85000000,48.64950000,1682905120108,False,True
48081224,17.06000000,8.30000000,141.59800000,1682905120181,True,True
48081225,17.06000000,24.09000000,410.97540000,1682905120181,True,True
48081226,17.06000000,28.47000000,485.69820000,1682905120181,True,True
48081227,17.06000000,20.00000000,341.20000000,1682905120181,True,True
48081228,17.06000000,3.00000000,51.18000000,1682905120181,True,True
48081229,17.06000000,0.78000000,13.30680000,1682905120181,True,True
48081230,17.06000000,1.62000000,27.63720000,1682905120181,True,True
48081231,17.06000000,2.00000000,34.12000000,1682905120181,True,True
48081232,17.06000000,1.52000000,25.93120000,1682905120181,True,True
48081233,17.06000000,1.17000000,19.96020000,1682905120181,True,True
48081234,17.06000000,6.71000000,114.47260000,1682905120181,True,True
48081235,17.06000000,2.26000000,38.55560000,1682905120181,True,True
48081236,17.06000000,0.64000000,10.91840000,1682905120181,True,True
48081237,17.06000000,0.64000000,10.91840000,1682905120181,True,True
48081238,17.06000000,50.00000000,853.00000000,1682905120181,True,True
48081239,17.05000000,16.44000000,280.30200000,1682905120204,True,True
48081240,17.05000000,0.67000000,11.42350000,1682905120204,True,True
48081241,17.05000000,0.32000000,5.45600000,1682905120204,True,True
48081242,17.05000000,0.89000000,15.17450000,1682905120204,True,True
48081243,17.05000000,3.38000000,57.62900000,1682905120204,True,True
48081244,17.05000000,3.00000000,51.15000000,1682905120204,True,True
48081245,17.05000000,10.84000000,184.82200000,1682905120204,True,True
48081246,17.05000000,5.64000000,96.16200000,1682905120204,True,True
48081247,17.05000000,3.52000000,60.01600000,1682905120204,True,True
48081248,17.05000000,0.37000000,6.30850000,1682905120204,True,True
48081249,17.05000000,0.69000000,11.76450000,1682905120204,True,True
48081250,17.05000000,3.95000000,67.34750000,1682905120204,True,True
48081251,17.05000000,2.51000000,42.79550000,1682905120204,True,True
48081252,17.05000000,0.53000000,9.03650000,1682905120204,True,True
48081253,17.05000000,0.35000000,5.96750000,1682905120204,True,True
48081254,17.05000000,0.64000000,10.91200000,1682905120204,True,True
48081255,17.05000000,0.59000000,10.05950000,1682905120204,True,True
48081256,17.05000000,0.32000000,5.45600000,1682905120204,True,True
48081257,17.05000000,3.29000000,56.09450000,1682905120204,True,True
48081258,17.05000000,1.18000000,20.11900000,1682905120204,True,True
48081259,17.05000000,3.26000000,55.58300000,1682905120204,True,True
48081260,17.05000000,0.64000000,10.91200000,1682905120204,True,True
48081261,17.05000000,97.05000000,1654.70250000,1682905120204,True,True
48081262,17.04000000,3.00000000,51.12000000,1682905120204,True,True
48081263,17.04000000,20.00000000,340.80000000,1682905120204,True,True
48081264,17.04000000,1.61000000,27.43440000,1682905120204,True,True
48081265,17.04000000,0.81000000,13.80240000,1682905120204,True,True
48081266,17.04000000,3.21000000,54.69840000,1682905120204,True,True
48081267,17.04000000,2.00000000,34.08000000,1682905120204,True,True
48081268,17.04000000,0.64000000,10.90560000,1682905120204,True,True
48081269,17.04000000,116.91000000,1992.14640000,1682905120204,True,True
48081270,17.04000000,4.07000000,69.35280000,1682905120204,True,True
48081271,17.04000000,0.71000000,12.09840000,1682905120204,True,True
48081272,17.04000000,30.91000000,526.70640000,1682905120204,True,True
48081273,17.03000000,20.00000000,340.60000000,1682905120204,True,True
48081274,17.03000000,3.00000000,51.09000000,1682905120204,True,True
48081275,17.03000000,0.36000000,6.13080000,1682905120204,True,True
48081276,17.03000000,3.32000000,56.53960000,1682905120204,True,True
48081277,17.03000000,1.27000000,21.62810000,1682905120204,True,True
48081278,17.03000000,1.36000000,23.16080000,1682905120204,True,True
48081279,17.03000000,0.98000000,16.68940000,1682905120204,True,True
48081280,17.03000000,2.93000000,49.89790000,1682905120204,True,True
48081281,17.03000000,0.41000000,6.98230000,1682905120204,True,True
48081282,17.03000000,0.64000000,10.89920000,1682905120204,True,True
48081283,17.03000000,59.24000000,1008.85720000,1682905120204,True,True
48081284,17.03000000,119.16000000,2029.29480000,1682905120204,True,True
48081285,17.03000000,28.68000000,488.42040000,1682905120204,True,True
48081286,17.03000000,75.72000000,1289.51160000,1682905120204,True,True
48081287,17.03000000,501.17000000,8534.92510000,1682905120204,True,True
48081288,17.02000000,1.36000000,23.14720000,1682905120204,True,True
48081289,17.02000000,8.30000000,141.26600000,1682905120204,True,True
48081290,17.02000000,1.07000000,18.21140000,1682905120204,True,True
48081291,17.02000000,3.00000000,51.06000000,1682905120204,True,True
48081292,17.02000000,10.37000000,176.49740000,1682905120204,True,True
48081293,17.02000000,9.63000000,163.90260000,1682905120204,True,True
48081294,17.02000000,1.06000000,18.04120000,1682905120204,True,True
48081295,17.02000000,0.73000000,12.42460000,1682905120204,True,True
48081296,17.02000000,0.65000000,11.06300000,1682905120204,True,True
48081297,17.02000000,58.69000000,998.90380000,1682905120204,True,True
48081298,17.05000000,12.44000000,212.10200000,1682905120262,False,True
48081299,17.05000000,2.27000000,38.70350000,1682905120263,False,True
48081300,17.06000000,1.71000000,29.17260000,1682905120263,False,True
48081301,17.06000000,8.46000000,144.32760000,1682905120263,False,True
48081302,17.06000000,12.46000000,212.56760000,1682905120268,False,True
48081303,17.06000000,12.46000000,212.56760000,1682905120268,False,True
48081304,17.06000000,3.55000000,60.56300000,1682905120272,False,True
48081305,17.06000000,8.91000000,152.00460000,1682905120272,False,True
48081306,17.05000000,1.47000000,25.06350000,1682905120432,True,True
48081307,17.05000000,1.49000000,25.40450000,1682905120720,False,True
48081308,17.05000000,14.77000000,251.82850000,1682905120720,False,True
48081309,17.05000000,60.09000000,1024.53450000,1682905120720,False,True
48081310,17.05000000,36.45000000,621.47250000,1682905120721,False,True
48081311,17.05000000,11.00000000,187.55000000,1682905120724,False,True
48081312,17.06000000,96.11000000,1639.63660000,1682905120724,False,True
48081313,17.06000000,92.89000000,1584.70340000,1682905120724,False,True
48081314,17.05000000,0.80000000,13.64000000,1682905121005,False,True
48081315,17.05000000,5.00000000,85.25000000,1682905121054,False,True
48081316,17.04000000,1.47000000,25.04880000,1682905121202,True,True
48081317,17.04000000,3.51000000,59.81040000,1682905121202,True,True
48081318,17.04000000,10.98000000,187.09920000,1682905121202,True,True
48081319,17.03000000,1.47000000,25.03410000,1682905121293,True,True
48081320,17.02000000,15.86000000,269.93720000,1682905122240,True,True
48081321,17.02000000,0.45000000,7.65900000,1682905122534,True,True
48081322,17.02000000,67.66000000,1151.57320000,1682905122534,True,True
48081323,17.03000000,1.49000000,25.37470000,1682905122896,False,True
48081324,17.03000000,0.05000000,0.85150000,1682905122896,False,True
48081325,17.02000000,33.94000000,577.65880000,1682905124139,True,True
48081326,17.02000000,10.54000000,179.39080000,1682905124139,True,True
48081327,17.02000000,16.73000000,284.74460000,1682905124140,True,True
48081328,17.02000000,27.07000000,460.73140000,1682905124141,True,True
48081329,17.02000000,24.00000000,408.48000000,1682905124369,True,True
48081330,17.03000000,13.08000000,222.75240000,1682905124976,False,True
48081331,17.02000000,20.06000000,341.42120000,1682905125874,True,True
48081332,17.02000000,5.00000000,85.10000000,1682905125874,True,True
48081333,17.02000000,14.55000000,247.64100000,1682905125874,True,True
48081334,17.02000000,5.11000000,86.97220000,1682905125904,True,True
48081335,17.02000000,40.34000000,686.58680000,1682905125906,True,True
48081336,17.02000000,2.00000000,34.04000000,1682905125906,True,True
48081337,17.02000000,1.38000000,23.48760000,1682905125906,True,True
48081338,17.02000000,0.64000000,10.89280000,1682905125906,True,True
48081339,17.02000000,0.77000000,13.10540000,1682905125906,True,True
48081340,17.01000000,3.38000000,57.49380000,1682905126002,True,True
48081341,17.01000000,6.98000000,118.72980000,1682905126002,True,True
48081342,17.01000000,13.02000000,221.47020000,1682905126002,True,True
48081343,17.01000000,0.73000000,12.41730000,1682905126002,True,True
48081344,17.01000000,0.47000000,7.99470000,1682905126100,True,True
48081345,17.01000000,0.64000000,10.88640000,1682905126100,True,True
48081346,17.01000000,3.71000000,63.10710000,1682905126100,True,True
48081347,17.01000000,0.64000000,10.88640000,1682905126100,True,True
48081348,17.01000000,0.37000000,6.29370000,1682905126100,True,True
48081349,17.01000000,1.49000000,25.34490000,1682905126769,False,True
48081350,17.01000000,3.61000000,61.40610000,1682905126769,False,True
48081351,17.01000000,1.49000000,25.34490000,1682905126959,False,True
48081352,17.02000000,1.49000000,25.35980000,1682905126959,False,True
48081353,17.02000000,34.94000000,594.67880000,1682905126959,False,True
48081354,17.02000000,0.88000000,14.97760000,1682905127212,False,True
48081355,17.01000000,1.48000000,25.17480000,1682905127413,True,True
48081356,17.01000000,34.52000000,587.18520000,1682905127413,True,True
48081357,17.01000000,1.49000000,25.34490000,1682905128639,True,True
48081358,17.01000000,31.60000000,537.51600000,1682905128903,False,True
48081359,17.01000000,65.45000000,1113.30450000,1682905128909,False,True
48081360,17.01000000,15.58000000,265.01580000,1682905128909,False,True
48081361,17.02000000,31.60000000,537.83200000,1682905128909,False,True
48081362,17.02000000,2.35000000,39.99700000,1682905128938,False,True
48081363,17.02000000,3.03000000,51.57060000,1682905129160,False,True
48081364,17.03000000,8.46000000,144.07380000,1682905129161,False,True
48081365,17.03000000,15.36000000,261.58080000,1682905129162,False,True
48081366,17.03000000,5.29000000,90.08870000,1682905129286,False,True
48081367,17.03000000,4.07000000,69.31210000,1682905129286,False,True
48081368,17.03000000,12.04000000,205.04120000,1682905129286,False,True
48081369,17.03000000,34.52000000,587.87560000,1682905129308,False,True
48081370,17.03000000,10.28000000,175.06840000,1682905129330,False,True
48081371,17.04000000,1.49000000,25.38960000,1682905129469,False,True
48081372,17.04000000,5.86000000,99.85440000,1682905129469,False,True
48081373,17.04000000,69.86000000,1190.41440000,1682905129513,False,True
48081374,17.04000000,53.47000000,911.12880000,1682905129513,False,True
48081375,17.04000000,94.96000000,1618.11840000,1682905129513,False,True
48081376,17.03000000,2.04000000,34.74120000,1682905129805,True,True
48081377,17.04000000,1.06000000,18.06240000,1682905130570,False,True
48081378,17.04000000,6.65000000,113.31600000,1682905130570,False,True
48081379,17.03000000,1.76000000,29.97280000,1682905131144,True,True
48081380,17.03000000,1.49000000,25.37470000,1682905131144,True,True
48081381,17.03000000,14.77000000,251.53310000,1682905131144,True,True
48081382,17.03000000,52.42000000,892.71260000,1682905131156,True,True
48081383,17.03000000,11.82000000,201.29460000,1682905131415,True,True
48081384,17.03000000,1.48000000,25.20440000,1682905131478,True,True
48081385,17.03000000,0.86000000,14.64580000,1682905131617,False,True
48081386,17.03000000,0.36000000,6.13080000,1682905131970,False,True
48081387,17.02000000,0.95000000,16.16900000,1682905132433,True,True
48081388,17.00000000,0.32000000,5.44000000,1682905133248,True,True
48081389,17.00000000,0.67000000,11.39000000,1682905133248,True,True
48081390,17.00000000,1.00000000,17.00000000,1682905133248,True,True
48081391,17.00000000,3.00000000,51.00000000,1682905133248,True,True
48081392,17.00000000,20.00000000,340.00000000,1682905133248,True,True
48081393,17.00000000,1.21000000,20.57000000,1682905133248,True,True
48081394,17.00000000,0.59000000,10.03000000,1682905133248,True,True
48081395,17.00000000,33.11000000,562.87000000,1682905133248,True,True
48081396,17.00000000,0.64000000,10.88000000,1682905133248,True,True
48081397,17.00000000,1.01000000,17.17000000,1682905133248,True,True
48081398,17.00000000,0.42000000,7.14000000,1682905133248,True,True
48081399,17.00000000,1.00000000,17.00000000,1682905133248,True,True
48081400,17.00000000,0.60000000,10.20000000,1682905133248,True,True
48081401,17.00000000,1.05000000,17.85000000,1682905133248,True,True
48081402,17.00000000,1.17000000,19.89000000,1682905133248,True,True
48081403,17.00000000,29.41000000,499.97000000,1682905133248,True,True
48081404,17.00000000,0.60000000,10.20000000,1682905133248,True,True
48081405,17.00000000,3.42000000,58.14000000,1682905133248,True,True
48081406,17.00000000,17.64000000,299.88000000,1682905133248,True,True
48081407,17.00000000,29.41000000,499.97000000,1682905133248,True,True
48081408,17.00000000,2.00000000,34.00000000,1682905133248,True,True
48081409,17.00000000,10.23000000,173.91000000,1682905133248,True,True
48081410,17.00000000,100.00000000,1700.00000000,1682905133248,True,True
48081411,17.00000000,1.42000000,24.14000000,1682905133248,True,True
48081412,17.00000000,1.00000000,17.00000000,1682905133248,True,True
48081413,17.00000000,2.00000000,34.00000000,1682905133248,True,True
48081414,17.00000000,21.10000000,358.70000000,1682905133248,True,True
48081415,17.00000000,3.00000000,51.00000000,1682905133248,True,True
48081416,17.00000000,8.82000000,149.94000000,1682905133248,True,True
48081417,17.00000000,1.56000000,26.52000000,1682905133248,True,True
48081418,17.00000000,3.21000000,54.57000000,1682905133248,True,True
48081419,17.00000000,0.62000000,10.54000000,1682905133248,True,True
48081420,17.00000000,2.94000000,49.98000000,1682905133248,True,True
48081421,17.00000000,5.88000000,99.96000000,1682905133248,True,True
48081422,17.00000000,10.00000000,170.00000000,1682905133248,True,True
48081423,17.00000000,1.47000000,24.99000000,1682905133248,True,True
48081424,17.00000000,0.63000000,10.71000000,1682905133248,True,True
48081425,17.00000000,1.71000000,29.07000000,1682905133248,True,True
48081426,17.00000000,0.60000000,10.20000000,1682905133248,True,True
48081427,17.00000000,0.97000000,16.49000000,1682905133248,True,True
48081428,17.00000000,1.77000000,30.09000000,1682905133248,True,True
48081429,17.00000000,0.72000000,12.24000000,1682905133248,True,True
48081430,17.00000000,2.00000000,34.00000000,1682905133248,True,True
48081431,17.00000000,8.82000000,149.94000000,1682905133248,True,True
48081432,17.00000000,10.00000000,170.00000000,1682905133248,True,True
48081433,17.00000000,5.00000000,85.00000000,1682905133248,True,True
48081434,17.00000000,29.82000000,506.94000000,1682905133248,True,True
48081435,17.00000000,0.30000000,5.10000000,1682905133248,True,True
48081436,17.00000000,0.69000000,11.73000000,1682905133248,True,True
48081437,17.00000000,0.64000000,10.88000000,1682905133248,True,True
48081438,17.00000000,29.41000000,499.97000000,1682905133248,True,True
48081439,17.00000000,0.60000000,10.20000000,1682905133248,True,True
48081440,17.00000000,40.00000000,680.00000000,1682905133248,True,True
48081441,17.00000000,2.04000000,34.68000000,1682905133248,True,True
48081442,17.00000000,0.64000000,10.88000000,1682905133248,True,True
48081443,17.00000000,1.89000000,32.13000000,1682905133248,True,True
48081444,16.99000000,0.89000000,15.12110000,1682905133248,True,True
48081445,16.99000000,8.30000000,141.01700000,1682905133248,True,True
48081446,16.99000000,24.09000000,409.28910000,1682905133248,True,True
48081447,16.99000000,0.71000000,12.06290000,1682905133248,True,True
48081448,16.99000000,1.86000000,31.60140000,1682905133248,True,True
48081449,16.99000000,2.11000000,35.84890000,1682905133248,True,True
48081450,16.99000000,3.47000000,58.95530000,1682905133248,True,True
48081451,16.99000000,2.57000000,43.66430000,1682905133248,True,True
48081452,16.99000000,1.89000000,32.11110000,1682905133248,True,True
48081453,16.99000000,1.67000000,28.37330000,1682905133248,True,True
48081454,16.99000000,20.00000000,339.80000000,1682905133248,True,True
48081455,16.99000000,0.31000000,5.26690000,1682905133248,True,True
48081456,16.99000000,48.76000000,828.43240000,1682905133248,True,True
48081457,16.99000000,0.71000000,12.06290000,1682905133248,True,True
48081458,16.99000000,14.82000000,251.79180000,1682905133248,True,True
48081459,16.99000000,14.14000000,240.23860000,1682905133248,True,True
48081460,16.99000000,2.20000000,37.37800000,1682905133248,False,True
48081461,16.98000000,1.96000000,33.28080000,1682905133248,True,True
48081462,16.98000000,1.96000000,33.28080000,1682905133248,True,True
48081463,16.98000000,1.59000000,26.99820000,1682905133248,True,True
48081464,16.98000000,1.51000000,25.63980000,1682905133248,True,True
48081465,16.98000000,3.98000000,67.58040000,1682905133248,True,True
48081466,16.98000000,1.90000000,32.26200000,1682905133248,True,True
48081467,16.98000000,1.57000000,26.65860000,1682905133248,True,True
48081468,16.98000000,0.98000000,16.64040000,1682905133248,True,True
48081469,16.98000000,2.00000000,33.96000000,1682905133248,True,True
48081470,16.98000000,20.00000000,339.60000000,1682905133248,True,True
48081471,16.98000000,1.49000000,25.30020000,1682905133248,True,True
48081472,16.98000000,129.86000000,2205.02280000,1682905133248,True,True
48081473,16.98000000,17.90000000,303.94200000,1682905133248,True,True
48081474,16.98000000,7.34000000,124.63320000,1682905133248,True,True
48081475,16.98000000,4.01000000,68.08980000,1682905133248,True,True
48081476,16.98000000,14.71000000,249.77580000,1682905133248,True,True
48081477,16.98000000,29.43000000,499.72140000,1682905133248,True,True
48081478,16.97000000,0.70000000,11.87900000,1682905133248,True,True
48081479,16.97000000,0.40000000,6.78800000,1682905133248,True,True
48081480,16.97000000,0.31000000,5.26070000,1682905133248,True,True
48081481,16.97000000,0.65000000,11.03050000,1682905133248,True,True
48081482,16.97000000,1.38000000,23.41860000,1682905133248,True,True
48081483,16.97000000,20.00000000,339.40000000,1682905133248,True,True
48081484,16.97000000,158.79000000,2694.66630000,1682905133248,True,True
48081485,16.97000000,0.37000000,6.27890000,1682905133248,True,True
48081486,16.97000000,147.80000000,2508.16600000,1682905133248,True,True
48081487,16.97000000,76.00000000,1289.72000000,1682905133248,True,True
48081488,16.97000000,44.18000000,749.73460000,1682905133248,True,True
48081489,16.97000000,5.23000000,88.75310000,1682905133248,True,True
48081490,16.99000000,95.47000000,1622.03530000,1682905133254,False,True
48081491,16.99000000,14.74000000,250.43260000,1682905133276,False,True
48081492,16.99000000,8.25000000,140.16750000,1682905133362,False,True
48081493,16.98000000,39.67000000,673.59660000,1682905133500,True,True
48081494,16.98000000,97.05000000,1647.90900000,1682905133500,True,True
48081495,16.97000000,19.42000000,329.55740000,1682905133500,True,True
48081496,16.99000000,158.49000000,2692.74510000,1682905133501,False,True
48081497,16.97000000,0.35000000,5.93950000,1682905133502,True,True
48081498,16.98000000,26.64000000,452.34720000,1682905133506,False,True
48081499,16.98000000,24.56000000,417.02880000,1682905133509,False,True
48081500,16.98000000,1.49000000,25.30020000,1682905133509,False,True
48081501,16.99000000,41.22000000,700.32780000,1682905133601,False,True
48081502,16.99000000,502.58000000,8538.83420000,1682905133628,False,True
48081503,16.99000000,12.19000000,207.10810000,1682905133628,False,True
48081504,16.99000000,1.49000000,25.31510000,1682905133655,False,True
48081505,16.99000000,8.75000000,148.66250000,1682905133655,False,True
48081506,16.98000000,60.00000000,1018.80000000,1682905134324,True,True
48081507,16.98000000,97.05000000,1647.90900000,1682905134324,True,True
48081508,16.98000000,107.54000000,1826.02920000,1682905134324,True,True
48081509,16.98000000,15.01000000,254.86980000,1682905134324,True,True
48081510,16.97000000,15.05000000,255.39850000,1682905134423,True,True
48081511,16.97000000,11.76000000,199.56720000,1682905134425,True,True
48081512,16.97000000,6.29000000,106.74130000,1682905134425,True,True
48081513,16.97000000,6.57000000,111.49290000,1682905134426,True,True
48081514,16.97000000,6.33000000,107.42010000,1682905134426,True,True
48081515,16.97000000,8.77000000,148.82690000,1682905134426,True,True
48081516,16.96000000,0.67000000,11.36320000,1682905134427,True,True
48081517,16.96000000,8.30000000,140.76800000,1682905134427,True,True
48081518,16.96000000,3.39000000,57.49440000,1682905134427,True,True
48081519,16.96000000,0.33000000,5.59680000,1682905134427,True,True
48081520,16.96000000,1.24000000,21.03040000,1682905134427,True,True
48081521,16.96000000,3.54000000,60.03840000,1682905134427,True,True
48081522,16.96000000,1.77000000,30.01920000,1682905134427,True,True
48081523,16.96000000,2.00000000,33.92000000,1682905134427,True,True
48081524,16.96000000,0.32000000,5.42720000,1682905134427,True,True
48081525,16.96000000,20.00000000,339.20000000,1682905134427,True,True
48081526,16.96000000,2.95000000,50.03200000,1682905134427,True,True
48081527,16.96000000,0.33000000,5.59680000,1682905134427,True,True
48081528,16.96000000,4.08000000,69.19680000,1682905134427,True,True
48081529,16.97000000,1.49000000,25.28530000,1682905134435,False,True
48081530,16.97000000,11.61000000,197.02170000,1682905134442,False,True
48081531,16.98000000,3.18000000,53.99640000,1682905134442,False,True
48081532,16.97000000,4.20000000,71.27400000,1682905134457,True,True
48081533,16.97000000,1.48000000,25.11560000,1682905134458,True,True
48081534,16.97000000,18.77000000,318.52690000,1682905134494,False,True
48081535,16.97000000,14.13000000,239.78610000,1682905134497,False,True
48081536,16.97000000,15.11000000,256.41670000,1682905134512,False,True
48081537,16.97000000,2.58000000,43.78260000,1682905134533,False,True
48081538,16.97000000,12.22000000,207.37340000,1682905134539,False,True
48081539,16.97000000,1.22000000,20.70340000,1682905134897,False,True
48081540,16.97000000,5.96000000,101.14120000,1682905135385,False,True
48081541,16.97000000,36.98000000,627.55060000,1682905135435,False,True
48081542,16.97000000,40.23000000,682.70310000,1682905135435,False,True
48081543,16.98000000,7.34000000,124.63320000,1682905135852,False,True
48081544,16.98000000,1.50000000,25.47000000,1682905136357,False,True
48081545,16.98000000,37.02000000,628.59960000,1682905136357,False,True
48081546,16.98000000,81.59000000,1385.39820000,1682905136357,False,True
48081547,16.98000000,48.23000000,818.94540000,1682905136359,False,True
48081548,16.99000000,20.15000000,342.34850000,1682905136623,False,True
48081549,16.99000000,14.59000000,247.88410000,1682905136641,False,True
48081550,16.99000000,21.25000000,361.03750000,1682905136665,False,True
48081551,16.99000000,6.09000000,103.46910000,1682905136665,False,True
48081552,16.99000000,15.54000000,264.02460000,1682905136675,False,True
48081553,16.99000000,15.30000000,259.94700000,1682905136675,False,True
48081554,16.99000000,3.89000000,66.09110000,1682905136675,False,True
48081555,16.99000000,39.79000000,676.03210000,1682905136680,False,True
48081556,16.99000000,21.18000000,359.84820000,1682905136680,False,True
48081557,16.99000000,10.25000000,174.14750000,1682905136680,False,True
48081558,16.99000000,4.57000000,77.64430000,1682905136681,False,True
48081559,16.99000000,17.37000000,295.11630000,1682905136685,False,True
48081560,16.99000000,1.48000000,25.14520000,1682905136689,False,True
48081561,17.00000000,8.83000000,150.11000000,1682905136879,False,True
48081562,16.99000000,0.35000000,5.94650000,1682905137395,True,True
48081563,17.00000000,12.51000000,212.67000000,1682905137526,False,True
48081564,16.99000000,1.14000000,19.36860000,1682905138196,True,True
48081565,16.99000000,107.54000000,1827.10460000,1682905138196,True,True
48081566,16.99000000,14.15000000,240.40850000,1682905138196,True,True
48081567,16.99000000,1.48000000,25.14520000,1682905138220,True,True
48081568,16.99000000,81.11000000,1378.05890000,1682905138220,True,True
48081569,16.99000000,26.43000000,449.04570000,1682905138224,True,True
48081570,16.99000000,1.86000000,31.60140000,1682905138224,True,True
48081571,16.99000000,12.65000000,214.92350000,1682905138234,True,True
48081572,16.98000000,1.48000000,25.13040000,1682905139038,True,True
48081573,16.98000000,1.49000000,25.30020000,1682905140157,False,True
48081574,16.98000000,6.01000000,102.04980000,1682905140157,False,True
48081575,16.97000000,1.48000000,25.11560000,1682905140651,True,True
48081576,16.96000000,1.48000000,25.10080000,1682905141090,True,True
48081577,16.96000000,1.04000000,17.63840000,1682905141090,True,True
48081578,16.95000000,0.32000000,5.42400000,1682905141156,True,True
48081579,16.95000000,1.36000000,23.05200000,1682905141156,True,True
48081580,16.95000000,1.20000000,20.34000000,1682905141156,True,True
48081581,16.95000000,13.12000000,222.38400000,1682905141156,True,True
48081582,16.95000000,4.20000000,71.19000000,1682905141156,True,True
48081583,16.95000000,11.34000000,192.21300000,1682905141158,True,True
48081584,16.95000000,0.65000000,11.01750000,1682905141158,True,True
48081585,16.95000000,13.56000000,229.84200000,1682905141158,True,True
48081586,16.95000000,0.70000000,11.86500000,1682905141158,True,True
48081587,16.95000000,4.62000000,78.30900000,1682905141162,True,True
48081588,16.95000000,4.68000000,79.32600000,1682905141194,True,True
48081589,16.95000000,0.59000000,10.00050000,1682905141194,True,True
48081590,16.95000000,4.61000000,78.13950000,1682905141194,True,True
48081591,16.95000000,9.19000000,155.77050000,1682905141252,True,True
48081592,16.95000000,127.73000000,2165.02350000,1682905141286,True,True
48081593,16.95000000,89.08000000,1509.90600000,1682905141287,True,True
48081594,16.95000000,240.52000000,4076.81400000,1682905141344,True,True
48081595,16.95000000,3.36000000,56.95200000,1682905141344,True,True
48081596,16.95000000,146.48000000,2482.83600000,1682905141370,True,True
48081597,16.95000000,0.16000000,2.71200000,1682905141372,True,True
48081598,16.95000000,13.83000000,234.41850000,1682905141372,True,True
48081599,16.95000000,6.17000000,104.58150000,1682905141375,True,True
48081600,16.95000000,6.82000000,115.59900000,1682905141375,True,True
48081601,16.95000000,23.47000000,397.81650000,1682905141385,True,True
48081602,16.95000000,23.74000000,402.39300000,1682905141385,True,True
48081603,16.95000000,35.26000000,597.65700000,1682905141394,True,True
48081604,16.95000000,48.39000000,820.21050000,1682905141394,True,True
48081605,16.95000000,0.71000000,12.03450000,1682905141394,True,True
48081606,16.95000000,3.53000000,59.83350000,1682905141394,True,True
48081607,16.95000000,16.59000000,281.20050000,1682905141661,False,True
48081608,16.95000000,1.50000000,25.42500000,1682905142161,False,True
48081609,16.95000000,10.50000000,177.97500000,1682905142161,False,True
48081610,16.95000000,2.94000000,49.83300000,1682905142169,False,True
48081611,16.95000000,13.40000000,227.13000000,1682905142259,False,True
48081612,16.95000000,1.43000000,24.23850000,1682905142259,False,True
48081613,16.94000000,0.89000000,15.07660000,1682905142325,True,True
48081614,16.94000000,2.00000000,33.88000000,1682905142325,True,True
48081615,16.94000000,0.84000000,14.22960000,1682905142325,True,True
48081616,16.94000000,0.69000000,11.68860000,1682905142325,True,True
48081617,16.94000000,20.00000000,338.80000000,1682905142325,True,True
48081618,16.94000000,11.64000000,197.18160000,1682905142325,True,True
48081619,16.94000000,0.92000000,15.58480000,1682905142325,True,True
48081620,16.94000000,39.74000000,673.19560000,1682905142332,True,True
48081621,16.94000000,14.26000000,241.56440000,1682905142332,True,True
48081622,16.94000000,0.56000000,9.48640000,1682905142332,True,True
48081623,16.94000000,8.38000000,141.95720000,1682905142332,True,True
48081624,16.94000000,40.23000000,681.49620000,1682905142348,False,True
48081625,16.94000000,1.50000000,25.41000000,1682905142348,False,True
48081626,16.94000000,23.15000000,392.16100000,1682905142788,False,True
48081627,16.94000000,15.04000000,254.77760000,1682905142788,False,True
48081628,16.94000000,39.63000000,671.33220000,1682905142788,False,True
48081629,16.94000000,80.41000000,1362.14540000,1682905142788,False,True
48081630,16.94000000,2.69000000,45.56860000,1682905142789,False,True
48081631,16.94000000,1.71000000,28.96740000,1682905142888,False,True
48081632,16.93000000,0.89000000,15.06770000,1682905143053,True,True
48081633,16.93000000,0.81000000,13.71330000,1682905143053,True,True
48081634,16.93000000,2.92000000,49.43560000,1682905143053,True,True
48081635,16.93000000,0.74000000,12.52820000,1682905143054,True,True
48081636,16.93000000,1.52000000,25.73360000,1682905143054,True,True
48081637,16.93000000,2.86000000,48.41980000,1682905143054,True,True
48081638,16.93000000,20.00000000,338.60000000,1682905143054,True,True
48081639,16.93000000,0.60000000,10.15800000,1682905143054,True,True
48081640,16.93000000,8.67000000,146.78310000,1682905143054,True,True
48081641,16.93000000,11.33000000,191.81690000,1682905143054,True,True
48081642,16.93000000,0.98000000,16.59140000,1682905143054,True,True
48081643,16.93000000,1.54000000,26.07220000,1682905143054,True,True
48081644,16.93000000,14.82000000,250.90260000,1682905143054,True,True
48081645,16.93000000,6.84000000,115.80120000,1682905143054,True,True
48081646,16.93000000,1.35000000,22.85550000,1682905143055,True,True
48081647,16.93000000,1.50000000,25.39500000,1682905143367,False,True
48081648,16.93000000,3.50000000,59.25500000,1682905143367,False,True
48081649,16.92000000,0.67000000,11.33640000,1682905144000,True,True
48081650,16.92000000,8.30000000,140.43600000,1682905144000,True,True
48081651,16.92000000,24.09000000,407.60280000,1682905144000,True,True
48081652,16.92000000,0.71000000,12.01320000,1682905144000,True,True
48081653,16.92000000,1.07000000,18.10440000,1682905144000,True,True
48081654,16.92000000,1.19000000,20.13480000,1682905144000,True,True
48081655,16.92000000,200.00000000,3384.00000000,1682905144000,True,True
48081656,16.92000000,0.89000000,15.05880000,1682905144000,True,True
48081657,16.92000000,2.00000000,33.84000000,1682905144000,True,True
48081658,16.92000000,4.01000000,67.84920000,1682905144000,True,True
48081659,16.92000000,3.28000000,55.49760000,1682905144000,True,True
48081660,16.92000000,6.81000000,115.22520000,1682905144000,True,True
48081661,16.92000000,20.00000000,338.40000000,1682905144000,True,True
48081662,16.92000000,14.91000000,252.27720000,1682905144000,True,True
48081663,16.92000000,3.54000000,59.89680000,1682905144000,True,True
48081664,16.92000000,15.77000000,266.82840000,1682905144119,True,True
48081665,16.92000000,6.47000000,109.47240000,1682905144119,True,True
48081666,16.92000000,5.52000000,93.39840000,1682905144119,True,True
48081667,16.92000000,5.30000000,89.67600000,1682905144130,True,True
48081668,16.92000000,1.49000000,25.21080000,1682905144402,True,True
48081669,16.91000000,3.40000000,57.49400000,1682905144704,True,True
48081670,16.91000000,1.21000000,20.46110000,1682905144704,True,True
48081671,16.91000000,0.42000000,7.10220000,1682905144704,True,True
48081672,16.91000000,0.60000000,10.14600000,1682905144704,True,True
48081673,16.91000000,1.56000000,26.37960000,1682905144704,True,True
48081674,16.91000000,1.45000000,24.51950000,1682905144704,True,True
