39462025,16.21000000,10.62000000,172.15020000,1665446405373,False,True
39462026,16.21000000,2.91000000,47.17110000,1665446405373,False,True
39462027,16.21000000,36.44000000,590.69240000,1665446405373,False,True
39462028,16.20000000,0.99000000,16.03800000,1665446415446,True,True
39462029,16.20000000,1.19000000,19.27800000,1665446415446,True,True
39462030,16.20000000,1.27000000,20.57400000,1665446415446,True,True
39462031,16.20000000,1.09000000,17.65800000,1665446415446,True,True
39462032,16.20000000,0.67000000,10.85400000,1665446415446,True,True
39462033,16.20000000,0.69000000,11.17800000,1665446415446,True,True
39462034,16.20000000,175.54000000,2843.74800000,1665446415446,True,True
39462035,16.20000000,7.02000000,113.72400000,1665446415457,True,True
39462036,16.20000000,46.11000000,746.98200000,1665446415538,True,True
39462037,16.20000000,6.22000000,100.76400000,1665446415810,True,True
39462038,16.20000000,6.22000000,100.76400000,1665446415814,True,True
39462039,16.20000000,35.49000000,574.93800000,1665446416148,True,True
39462040,16.20000000,38.94000000,630.82800000,1665446416158,True,True
39462041,16.20000000,3.63000000,58.80600000,1665446416653,True,True
39462042,16.20000000,17.84000000,289.00800000,1665446417067,True,True
39462043,16.21000000,30.36000000,492.13560000,1665446417423,False,True
39462044,16.21000000,134.28000000,2176.67880000,1665446417423,False,True
39462045,16.21000000,50.42000000,817.30820000,1665446417423,False,True
39462046,16.21000000,12.29000000,199.22090000,1665446417423,False,True
39462047,16.21000000,16.08000000,260.65680000,1665446417423,False,True
39462048,16.21000000,104.31000000,1690.86510000,1665446417423,False,True
39462049,16.21000000,104.12000000,1687.78520000,1665446417423,False,True
39462050,16.21000000,48.52000000,786.50920000,1665446417423,False,True
39462051,16.21000000,86.08000000,1395.35680000,1665446417423,False,True
39462052,16.21000000,130.10000000,2108.92100000,1665446417423,False,True
39462053,16.21000000,92.00000000,1491.32000000,1665446417423,False,True
39462054,16.21000000,1.11000000,17.99310000,1665446417423,False,True
39462055,16.21000000,1.09000000,17.66890000,1665446417423,False,True
39462056,16.21000000,1.09000000,17.66890000,1665446417423,False,True
39462057,16.21000000,26.39000000,427.78190000,1665446417423,False,True
39462058,16.20000000,55.25000000,895.05000000,1665446417853,True,True
39462059,16.20000000,123.44000000,1999.72800000,1665446417854,True,True
39462060,16.20000000,57.94000000,938.62800000,1665446417875,True,True
39462061,16.20000000,43.02000000,696.92400000,1665446417877,True,True
39462062,16.20000000,4.82000000,78.08400000,1665446417877,True,True
39462063,16.20000000,5.40000000,87.48000000,1665446417877,True,True
39462064,16.20000000,3.30000000,53.46000000,1665446417877,True,True
39462065,16.20000000,1.46000000,23.65200000,1665446417877,True,True
39462066,16.19000000,1.35000000,21.85650000,1665446420603,True,True
39462067,16.19000000,1.00000000,16.19000000,1665446420603,True,True
39462068,16.19000000,0.65000000,10.52350000,1665446420603,True,True
39462069,16.19000000,1.09000000,17.64710000,1665446420603,True,True
39462070,16.19000000,5.91000000,95.68290000,1665446420603,True,True
39462071,16.19000000,3.03000000,49.05570000,1665446420603,True,True
39462072,16.19000000,1.81000000,29.30390000,1665446423795,True,True
39462073,16.19000000,6.03000000,97.62570000,1665446425560,True,True
39462074,16.19000000,1.81000000,29.30390000,1665446426041,True,True
39462075,16.19000000,10.00000000,161.90000000,1665446426128,True,True
39462076,16.19000000,1.22000000,19.75180000,1665446429442,True,True
39462077,16.18000000,1.87000000,30.25660000,1665446430739,True,True
39462078,16.18000000,0.70000000,11.32600000,1665446430739,True,True
39462079,16.18000000,5.56000000,89.96080000,1665446430739,True,True
39462080,16.18000000,1.01000000,16.34180000,1665446430739,True,True
39462081,16.18000000,1.51000000,24.43180000,1665446430739,True,True
39462082,16.18000000,1.09000000,17.63620000,1665446430739,True,True
39462083,16.18000000,0.75000000,12.13500000,1665446430739,True,True
39462084,16.18000000,0.62000000,10.03160000,1665446430739,True,True
39462085,16.18000000,247.21000000,3999.85780000,1665446430739,True,True
39462086,16.18000000,0.68000000,11.00240000,1665446430739,True,True
39462087,16.18000000,28.57000000,462.26260000,1665446430739,True,True
39462088,16.18000000,11.63000000,188.17340000,1665446430739,True,True
39462089,16.18000000,1.46000000,23.62280000,1665446433865,True,True
39462090,16.17000000,1.24000000,20.05080000,1665446435729,True,True
39462091,16.17000000,0.93000000,15.03810000,1665446435729,True,True
39462092,16.17000000,1.09000000,17.62530000,1665446435729,True,True
39462093,16.17000000,2.81000000,45.43770000,1665446435729,True,True
39462094,16.17000000,0.28000000,4.52760000,1665446438964,True,True
39462095,16.17000000,1.81000000,29.26770000,1665446438964,True,True
39462096,16.17000000,2.09000000,33.79530000,1665446438964,True,True
39462097,16.17000000,2.09000000,33.79530000,1665446438964,True,True
39462098,16.17000000,2.09000000,33.79530000,1665446438965,True,True
39462099,16.17000000,2.09000000,33.79530000,1665446438967,True,True
39462100,16.17000000,2.09000000,33.79530000,1665446438969,True,True
39462101,16.17000000,2.40000000,38.80800000,1665446439145,True,True
39462102,16.17000000,0.90000000,14.55300000,1665446439147,True,True
39462103,16.17000000,1.46000000,23.60820000,1665446439147,True,True
39462104,16.16000000,1.50000000,24.24000000,1665446441074,True,True
39462105,16.16000000,0.72000000,11.63520000,1665446441074,True,True
39462106,16.16000000,0.28000000,4.52480000,1665446441074,True,True
39462107,16.16000000,0.99000000,15.99840000,1665446441074,True,True
39462108,16.16000000,1.37000000,22.13920000,1665446441074,True,True
39462109,16.16000000,0.14000000,2.26240000,1665446441074,True,True
39462110,16.16000000,0.53000000,8.56480000,1665446441077,True,True
39462111,16.16000000,0.65000000,10.50400000,1665446441077,True,True
39462112,16.16000000,1.09000000,17.61440000,1665446441077,True,True
39462113,16.16000000,0.23000000,3.71680000,1665446441077,True,True
39462114,16.16000000,2.50000000,40.40000000,1665446441077,True,True
39462115,16.16000000,2.50000000,40.40000000,1665446441080,True,True
39462116,16.16000000,2.50000000,40.40000000,1665446441085,True,True
39462117,16.16000000,17.02000000,275.04320000,1665446441166,True,True
39462118,16.16000000,37.60000000,607.61600000,1665446441166,True,True
39462119,16.16000000,63.41000000,1024.70560000,1665446441167,True,True
39462120,16.16000000,20.00000000,323.20000000,1665446441169,True,True
39462121,16.16000000,78.99000000,1276.47840000,1665446441173,True,True
39462122,16.16000000,0.81000000,13.08960000,1665446441173,True,True
39462123,16.16000000,5.40000000,87.26400000,1665446441173,True,True
39462124,16.16000000,43.14000000,697.14240000,1665446441173,True,True
39462125,16.16000000,140.00000000,2262.40000000,1665446441175,True,True
39462126,16.16000000,39.38000000,636.38080000,1665446441175,True,True
39462127,16.16000000,92.00000000,1486.72000000,1665446441175,True,True
39462128,16.15000000,0.69000000,11.14350000,1665446441577,True,True
39462129,16.15000000,1.21000000,19.54150000,1665446441577,True,True
39462130,16.15000000,1.31000000,21.15650000,1665446441577,True,True
39462131,16.15000000,0.54000000,8.72100000,1665446441584,True,True
39462132,16.15000000,0.69000000,11.14350000,1665446441584,True,True
39462133,16.15000000,1.88000000,30.36200000,1665446441584,True,True
39462134,16.15000000,1.09000000,17.60350000,1665446441584,True,True
39462135,16.15000000,5.95000000,96.09250000,1665446441584,True,True
39462136,16.15000000,14.05000000,226.90750000,1665446441626,True,True
39462137,16.15000000,1.98000000,31.97700000,1665446441626,True,True
39462138,16.15000000,1.85000000,29.87750000,1665446441626,True,True
39462139,16.15000000,0.67000000,10.82050000,1665446441626,True,True
39462140,16.15000000,1.54000000,24.87100000,1665446441626,True,True
39462141,16.15000000,0.97000000,15.66550000,1665446441626,True,True
39462142,16.15000000,8.74000000,141.15100000,1665446441626,True,True
39462143,16.15000000,0.86000000,13.88900000,1665446441754,True,True
39462144,16.15000000,45.42000000,733.53300000,1665446441754,True,True
39462145,16.15000000,19.12000000,308.78800000,1665446441763,True,True
39462146,16.15000000,10.73000000,173.28950000,1665446441763,True,True
39462147,16.15000000,9.97000000,161.01550000,1665446441763,True,True
39462148,16.15000000,3.30000000,53.29500000,1665446441763,True,True
39462149,16.15000000,2.16000000,34.88400000,1665446442133,True,True
39462150,16.14000000,0.63000000,10.16820000,1665446443011,True,True
39462151,16.14000000,1.10000000,17.75400000,1665446443011,True,True
39462152,16.14000000,7.80000000,125.89200000,1665446443011,True,True
39462153,16.14000000,20.93000000,337.81020000,1665446443011,True,True
39462154,16.14000000,10.73000000,173.18220000,1665446443011,True,True
39462155,16.14000000,11.97000000,193.19580000,1665446443011,True,True
39462156,16.14000000,7.80000000,125.89200000,1665446443147,True,True
39462157,16.14000000,7.24000000,116.85360000,1665446443283,True,True
39462158,16.14000000,0.56000000,9.03840000,1665446443362,True,True
39462159,16.14000000,5.63000000,90.86820000,1665446443362,True,True
39462160,16.14000000,2.17000000,35.02380000,1665446443362,True,True
39462161,16.14000000,4.02000000,64.88280000,1665446443362,True,True
39462162,16.14000000,3.78000000,61.00920000,1665446443362,True,True
39462163,16.14000000,2.41000000,38.89740000,1665446443362,True,True
39462164,16.14000000,5.39000000,86.99460000,1665446443364,True,True
39462165,16.14000000,0.80000000,12.91200000,1665446443364,True,True
39462166,16.14000000,6.19000000,99.90660000,1665446443364,True,True
39462167,16.14000000,0.81000000,13.07340000,1665446443367,True,True
39462168,16.14000000,5.38000000,86.83320000,1665446443367,True,True
39462169,16.14000000,1.09000000,17.59260000,1665446443425,True,True
39462170,16.14000000,1.09000000,17.59260000,1665446443432,True,True
39462171,16.14000000,0.24000000,3.87360000,1665446443439,True,True
39462172,16.14000000,7.80000000,125.89200000,1665446443439,True,True
39462173,16.14000000,7.72000000,124.60080000,1665446443439,True,True
39462174,16.13000000,3.44000000,55.48720000,1665446443439,True,True
39462175,16.13000000,1.10000000,17.74300000,1665446443439,True,True
39462176,16.13000000,6.20000000,100.00600000,1665446443439,True,True
39462177,16.13000000,4.25000000,68.55250000,1665446443439,True,True
39462178,16.12000000,0.64000000,10.31680000,1665446443473,True,True
39462179,16.12000000,0.69000000,11.12280000,1665446443473,True,True
39462180,16.12000000,1.09000000,17.57080000,1665446443473,True,True
39462181,16.12000000,0.18000000,2.90160000,1665446443473,True,True
39462182,16.12000000,0.95000000,15.31400000,1665446443473,True,True
39462183,16.13000000,9.94000000,160.33220000,1665446443529,False,True
39462184,16.12000000,4.63000000,74.63560000,1665446443581,True,True
39462185,16.12000000,1.10000000,17.73200000,1665446443581,True,True
39462186,16.12000000,0.63000000,10.15560000,1665446443581,True,True
39462187,16.12000000,350.00000000,5642.00000000,1665446443581,True,True
39462188,16.12000000,1.39000000,22.40680000,1665446443581,True,True
39462189,16.12000000,6.16000000,99.29920000,1665446443581,True,True
39462190,16.12000000,20.93000000,337.39160000,1665446443581,True,True
39462191,16.12000000,10.73000000,172.96760000,1665446443581,True,True
39462192,16.12000000,92.00000000,1483.04000000,1665446443581,True,True
39462193,16.11000000,1.87000000,30.12570000,1665446443618,True,True
39462194,16.11000000,5.60000000,90.21600000,1665446443618,True,True
39462195,16.11000000,1.26000000,20.29860000,1665446443618,True,True
39462196,16.11000000,1.51000000,24.32610000,1665446443618,True,True
39462197,16.11000000,1.10000000,17.72100000,1665446443618,True,True
39462198,16.11000000,0.91000000,14.66010000,1665446443618,True,True
39462199,16.11000000,20.11000000,323.97210000,1665446443618,True,True
39462200,16.11000000,0.82000000,13.21020000,1665446443618,True,True
39462201,16.11000000,24.05000000,387.44550000,1665446443618,True,True
39462202,16.11000000,84.36000000,1359.03960000,1665446443627,True,True
39462203,16.11000000,4.03000000,64.92330000,1665446443627,True,True
39462204,16.11000000,15.45000000,248.89950000,1665446443627,True,True
39462205,16.11000000,45.82000000,738.16020000,1665446443640,True,True
39462206,16.11000000,21.84000000,351.84240000,1665446443646,True,True
39462207,16.11000000,8.89000000,143.21790000,1665446443653,True,True
39462208,16.11000000,4.20000000,67.66200000,1665446443653,True,True
39462209,16.11000000,35.07000000,564.97770000,1665446443674,False,True
39462210,16.11000000,92.00000000,1482.12000000,1665446443743,True,True
39462211,16.10000000,6.22000000,100.14200000,1665446443743,True,True
39462212,16.10000000,2.00000000,32.20000000,1665446443743,True,True
39462213,16.10000000,31.05000000,499.90500000,1665446443743,True,True
39462214,16.10000000,1.31000000,21.09100000,1665446443743,True,True
39462215,16.10000000,1.60000000,25.76000000,1665446443743,True,True
39462216,16.10000000,1.00000000,16.10000000,1665446443743,True,True
39462217,16.10000000,31.05000000,499.90500000,1665446443743,True,True
39462218,16.10000000,0.68000000,10.94800000,1665446443743,True,True
39462219,16.10000000,5.00000000,80.50000000,1665446443743,True,True
39462220,16.10000000,22.54000000,362.89400000,1665446443743,True,True
39462221,16.10000000,2.00000000,32.20000000,1665446443743,True,True
39462222,16.10000000,1.31000000,21.09100000,1665446443743,True,True
39462223,16.10000000,12.42000000,199.96200000,1665446443743,True,True
39462224,16.10000000,1.24000000,19.96400000,1665446443743,True,True
39462225,16.10000000,18.63000000,299.94300000,1665446443743,True,True
39462226,16.10000000,6.22000000,100.14200000,1665446443743,True,True
39462227,16.10000000,6.21000000,99.98100000,1665446443743,True,True
39462228,16.10000000,2.48000000,39.92800000,1665446443743,True,True
39462229,16.10000000,3.10000000,49.91000000,1665446443743,True,True
39462230,16.10000000,1.80000000,28.98000000,1665446443743,True,True
39462231,16.10000000,3.00000000,48.30000000,1665446443743,True,True
39462232,16.10000000,15.17000000,244.23700000,1665446443743,True,True
39462233,16.10000000,1.00000000,16.10000000,1665446443743,True,True
39462234,16.10000000,6.21000000,99.98100000,1665446443743,True,True
39462235,16.10000000,0.74000000,11.91400000,1665446443743,True,True
39462236,16.10000000,4.49000000,72.28900000,1665446443743,True,True
39462237,16.10000000,3.00000000,48.30000000,1665446443743,True,True
39462238,16.10000000,3.03000000,48.78300000,1665446443743,True,True
39462239,16.10000000,1.00000000,16.10000000,1665446443743,True,True
39462240,16.10000000,5.00000000,80.50000000,1665446443743,True,True
39462241,16.10000000,31.05000000,499.90500000,1665446443743,True,True
39462242,16.10000000,15.52000000,249.87200000,1665446443743,True,True
39462243,16.10000000,1.30000000,20.93000000,1665446443743,True,True
39462244,16.10000000,1.10000000,17.71000000,1665446443743,True,True
39462245,16.10000000,0.66000000,10.62600000,1665446443743,True,True
39462246,16.10000000,0.70000000,11.27000000,1665446443743,True,True
39462247,16.10000000,2.00000000,32.20000000,1665446443743,True,True
39462248,16.10000000,7.50000000,120.75000000,1665446443743,True,True
39462249,16.10000000,1.24000000,19.96400000,1665446443743,True,True
39462250,16.10000000,16.82000000,270.80200000,1665446443743,True,True
39462251,16.10000000,2.61000000,42.02100000,1665446443743,True,True
39462252,16.10000000,0.64000000,10.30400000,1665446443743,True,True
39462253,16.10000000,2.85000000,45.88500000,1665446443743,True,True
39462254,16.10000000,2.86000000,46.04600000,1665446443743,True,True
39462255,16.10000000,36.33000000,584.91300000,1665446443743,True,True
39462256,16.10000000,1.50000000,24.15000000,1665446443743,True,True
39462257,16.10000000,11.80000000,189.98000000,1665446443743,True,True
39462258,16.10000000,6.21000000,99.98100000,1665446443743,True,True
39462259,16.10000000,3.10000000,49.91000000,1665446443743,True,True
39462260,16.10000000,55.90000000,899.99000000,1665446443743,True,True
39462261,16.10000000,10.00000000,161.00000000,1665446443743,True,True
39462262,16.10000000,0.71000000,11.43100000,1665446443743,True,True
39462263,16.10000000,72.04000000,1159.84400000,1665446443743,True,True
39462264,16.10000000,0.63000000,10.14300000,1665446443743,True,True
39462265,16.10000000,92.30000000,1486.03000000,1665446443743,True,True
39462266,16.10000000,16.20000000,260.82000000,1665446443743,True,True
39462267,16.10000000,4.22000000,67.94200000,1665446443743,True,True
39462268,16.10000000,1.60000000,25.76000000,1665446443743,True,True
39462269,16.10000000,3.40000000,54.74000000,1665446443743,True,True
39462270,16.10000000,11.71000000,188.53100000,1665446443743,True,True
39462271,16.10000000,1.04000000,16.74400000,1665446443743,True,True
39462272,16.10000000,0.51000000,8.21100000,1665446443743,True,True
39462273,16.10000000,1.87000000,30.10700000,1665446443743,True,True
39462274,16.10000000,35.29000000,568.16900000,1665446443743,True,True
39462275,16.10000000,4.08000000,65.68800000,1665446443743,True,True
39462276,16.09000000,0.69000000,11.10210000,1665446443743,True,True
39462277,16.09000000,1.25000000,20.11250000,1665446443743,True,True
39462278,16.09000000,2.91000000,46.82190000,1665446443743,True,True
39462279,16.09000000,0.63000000,10.13670000,1665446443743,True,True
39462280,16.09000000,2.40000000,38.61600000,1665446443743,True,True
39462281,16.09000000,0.69000000,11.10210000,1665446443743,True,True
39462282,16.09000000,2.39000000,38.45510000,1665446443743,True,True
39462283,16.09000000,0.65000000,10.45850000,1665446443743,True,True
39462284,16.09000000,1.10000000,17.69900000,1665446443743,True,True
39462285,16.09000000,0.75000000,12.06750000,1665446443743,True,True
39462286,16.09000000,3.92000000,63.07280000,1665446443743,True,True
39462287,16.09000000,64.32000000,1034.90880000,1665446443743,True,True
39462288,16.09000000,0.67000000,10.78030000,1665446443743,True,True
39462289,16.09000000,54.88000000,883.01920000,1665446443743,True,True
39462290,16.09000000,14.46000000,232.66140000,1665446443743,True,True
39462291,16.09000000,64.35000000,1035.39150000,1665446443743,True,True
39462292,16.09000000,9.40000000,151.24600000,1665446443743,True,True
39462293,16.11000000,7.17000000,115.50870000,1665446443791,False,True
39462294,16.11000000,14.49000000,233.43390000,1665446443791,False,True
39462295,16.11000000,51.32000000,826.76520000,1665446443797,False,True
39462296,16.11000000,337.17000000,5431.80870000,1665446443797,False,True
39462297,16.11000000,1.69000000,27.22590000,1665446443877,False,True
39462298,16.11000000,12.63000000,203.46930000,1665446443919,False,True
39462299,16.11000000,16.02000000,258.08220000,1665446443963,False,True
39462300,16.10000000,3.20000000,51.52000000,1665446444167,True,True
39462301,16.11000000,29.02000000,467.51220000,1665446444203,False,True
39462302,16.11000000,8.52000000,137.25720000,1665446444373,False,True
39462303,16.11000000,12.06000000,194.28660000,1665446444717,False,True
39462304,16.11000000,3.03000000,48.81330000,1665446444718,False,True
39462305,16.11000000,7.85000000,126.46350000,1665446444718,False,True
39462306,16.11000000,22.92000000,369.24120000,1665446444720,False,True
39462307,16.11000000,36.08000000,581.24880000,1665446444721,False,True
39462308,16.11000000,0.94000000,15.14340000,1665446444721,False,True
39462309,16.11000000,11.33000000,182.52630000,1665446444729,False,True
39462310,16.11000000,72.67000000,1170.71370000,1665446444729,False,True
39462311,16.12000000,1.00000000,16.12000000,1665446444752,False,True
39462312,16.11000000,75.74000000,1220.17140000,1665446444837,True,True
39462313,16.11000000,14.32000000,230.69520000,1665446444837,True,True
39462314,16.11000000,34.82000000,560.95020000,1665446444837,True,True
39462315,16.11000000,157.41000000,2535.87510000,1665446444837,True,True
39462316,16.10000000,0.01000000,0.16100000,1665446444837,True,True
39462317,16.12000000,4.98000000,80.27760000,1665446444915,False,True
39462318,16.12000000,2.48000000,39.97760000,1665446445099,False,True
39462319,16.11000000,9.63000000,155.13930000,1665446445624,True,True
39462320,16.11000000,7.91000000,127.43010000,1665446445624,True,True
39462321,16.11000000,1.46000000,23.52060000,1665446446156,True,True
39462322,16.11000000,6.20000000,99.88200000,1665446446157,True,True
39462323,16.11000000,6.20000000,99.88200000,1665446446157,True,True
39462324,16.11000000,0.37000000,5.96070000,1665446446158,True,True
39462325,16.10000000,5.40000000,86.94000000,1665446446162,True,True
39462326,16.10000000,3.30000000,53.13000000,1665446446162,True,True
39462327,16.10000000,33.84000000,544.82400000,1665446446162,True,True
39462328,16.10000000,17.40000000,280.14000000,1665446446162,True,True
39462329,16.10000000,69.27000000,1115.24700000,1665446446178,True,True
39462330,16.10000000,34.47000000,554.96700000,1665446446186,True,True
39462331,16.10000000,14.56000000,234.41600000,1665446446480,False,True
39462332,16.10000000,75.74000000,1219.41400000,1665446446480,False,True
39462333,16.10000000,96.73000000,1557.35300000,1665446446480,False,True
39462334,16.10000000,60.67000000,976.78700000,1665446446482,False,True
39462335,16.10000000,64.32000000,1035.55200000,1665446448396,True,True
39462336,16.11000000,15.15000000,244.06650000,1665446449132,False,True
39462337,16.11000000,15.26000000,245.83860000,1665446450133,False,True
39462338,16.10000000,0.63000000,10.14300000,1665446451045,True,True
39462339,16.10000000,4.23000000,68.10300000,1665446451045,True,True
39462340,16.10000000,0.63000000,10.14300000,1665446451045,True,True
39462341,16.10000000,0.43000000,6.92300000,1665446451045,True,True
39462342,16.09000000,1.35000000,21.72150000,1665446452257,True,True
39462343,16.09000000,3.30000000,53.09700000,1665446452257,True,True
39462344,16.09000000,1.46000000,23.49140000,1665446452257,True,True
39462345,16.08000000,0.96000000,15.43680000,1665446452691,True,True
39462346,16.08000000,0.78000000,12.54240000,1665446452691,True,True
39462347,16.08000000,1.74000000,27.97920000,1665446452691,True,True
39462348,16.08000000,0.75000000,12.06000000,1665446452691,True,True
39462349,16.08000000,1.75000000,28.14000000,1665446452691,True,True
39462350,16.08000000,0.74000000,11.89920000,1665446452691,True,True
39462351,16.08000000,0.70000000,11.25600000,1665446452691,True,True
39462352,16.08000000,2.05000000,32.96400000,1665446452691,True,True
39462353,16.08000000,1.10000000,17.68800000,1665446452691,True,True
39462354,16.08000000,1.80000000,28.94400000,1665446452691,True,True
39462355,16.08000000,1.27000000,20.42160000,1665446452691,True,True
39462356,16.08000000,1.00000000,16.08000000,1665446452691,True,True
39462357,16.08000000,0.79000000,12.70320000,1665446452691,True,True
39462358,16.08000000,38.00000000,611.04000000,1665446452691,True,True
39462359,16.08000000,2.43000000,39.07440000,1665446452691,True,True
39462360,16.08000000,3.50000000,56.28000000,1665446452691,True,True
39462361,16.08000000,1.00000000,16.08000000,1665446452691,True,True
39462362,16.08000000,20.93000000,336.55440000,1665446452691,True,True
39462363,16.08000000,14.39000000,231.39120000,1665446452691,True,True
39462364,16.08000000,2.17000000,34.89360000,1665446452691,True,True
39462365,16.08000000,5.40000000,86.83200000,1665446452691,True,True
39462366,16.08000000,30.66000000,493.01280000,1665446452691,True,True
39462367,16.08000000,43.61000000,701.24880000,1665446452691,True,True
39462368,16.08000000,75.74000000,1217.89920000,1665446452691,True,True
39462369,16.08000000,157.40000000,2530.99200000,1665446452691,True,True
39462370,16.08000000,39.69000000,638.21520000,1665446452691,True,True
39462371,16.08000000,6.22000000,100.01760000,1665446452691,True,True
39462372,16.08000000,2.14000000,34.41120000,1665446452839,False,True
39462373,16.09000000,6.73000000,108.28570000,1665446453137,False,True
39462374,16.08000000,5.04000000,81.04320000,1665446454137,False,True
39462375,16.08000000,280.35000000,4508.02800000,1665446454253,False,True
39462376,16.08000000,75.74000000,1217.89920000,1665446454253,False,True
39462377,16.08000000,14.32000000,230.26560000,1665446454253,False,True
39462378,16.08000000,66.86000000,1075.10880000,1665446454253,False,True
39462379,16.08000000,1.09000000,17.52720000,1665446454253,False,True
39462380,16.08000000,76.36000000,1227.86880000,1665446454253,False,True
39462381,16.09000000,12.61000000,202.89490000,1665446454257,False,True
39462382,16.09000000,14.32000000,230.40880000,1665446454257,False,True
39462383,16.09000000,93.09000000,1497.81810000,1665446454257,False,True
39462384,16.09000000,1.09000000,17.53810000,1665446454257,False,True
39462385,16.09000000,92.00000000,1480.28000000,1665446454257,False,True
39462386,16.09000000,94.71000000,1523.88390000,1665446454257,False,True
39462387,16.09000000,46.62000000,750.11580000,1665446454257,False,True
39462388,16.09000000,18.31000000,294.60790000,1665446454257,False,True
39462389,16.09000000,1.00000000,16.09000000,1665446454287,False,True
39462390,16.07000000,2.11000000,33.90770000,1665446454364,True,True
39462391,16.07000000,0.63000000,10.12410000,1665446454364,True,True
39462392,16.07000000,0.69000000,11.08830000,1665446454364,True,True
39462393,16.07000000,1.85000000,29.72950000,1665446454364,True,True
39462394,16.07000000,0.69000000,11.08830000,1665446454364,True,True
39462395,16.07000000,2.00000000,32.14000000,1665446454364,True,True
39462396,16.07000000,16.01000000,257.28070000,1665446454364,True,True
39462397,16.07000000,1.10000000,17.67700000,1665446454364,True,True
39462398,16.07000000,1.21000000,19.44470000,1665446454364,True,True
39462399,16.07000000,1.30000000,20.89100000,1665446454364,True,True
39462400,16.07000000,2.44000000,39.21080000,1665446454364,True,True
39462401,16.07000000,4.66000000,74.88620000,1665446454364,True,True
39462402,16.07000000,0.67000000,10.76690000,1665446454364,True,True
39462403,16.07000000,5.76000000,92.56320000,1665446454364,True,True
39462404,16.08000000,1.09000000,17.52720000,1665446454384,False,True
39462405,16.09000000,1.00000000,16.09000000,1665446454384,False,True
39462406,16.09000000,136.48000000,2195.96320000,1665446454384,False,True
39462407,16.08000000,34.39000000,552.99120000,1665446454585,False,True
39462408,16.08000000,10.40000000,167.23200000,1665446454588,False,True
39462409,16.08000000,43.18000000,694.33440000,1665446454589,False,True
39462410,16.09000000,5.00000000,80.45000000,1665446455137,False,True
39462411,16.09000000,6.53000000,105.06770000,1665446455174,False,True
39462412,16.09000000,5.21000000,83.82890000,1665446455467,False,True
39462413,16.09000000,1.15000000,18.50350000,1665446455467,False,True
39462414,16.09000000,11.12000000,178.92080000,1665446455477,False,True
39462415,16.09000000,3.10000000,49.87900000,1665446455477,False,True
39462416,16.09000000,0.20000000,3.21800000,1665446455482,False,True
39462417,16.09000000,11.32000000,182.13880000,1665446455482,False,True
39462418,16.09000000,47.94000000,771.35460000,1665446455491,False,True
39462419,16.08000000,12.90000000,207.43200000,1665446455622,True,True
39462420,16.08000000,0.71000000,11.41680000,1665446455627,True,True
39462421,16.09000000,20.68000000,332.74120000,1665446455685,False,True
39462422,16.09000000,14.13000000,227.35170000,1665446455685,False,True
39462423,16.09000000,1.46000000,23.49140000,1665446455685,False,True
39462424,16.09000000,36.27000000,583.58430000,1665446455688,False,True
39462425,16.09000000,36.27000000,583.58430000,1665446455688,False,True
39462426,16.09000000,36.27000000,583.58430000,1665446455689,False,True
39462427,16.09000000,36.27000000,583.58430000,1665446455691,False,True
39462428,16.09000000,36.27000000,583.58430000,1665446455693,False,True
39462429,16.09000000,7.31000000,117.61790000,1665446455740,False,True
39462430,16.09000000,7.08000000,113.91720000,1665446455746,False,True
39462431,16.09000000,0.02000000,0.32180000,1665446455793,False,True
39462432,16.10000000,0.98000000,15.77800000,1665446455793,False,True
39462433,16.10000000,4.43000000,71.32300000,1665446456521,False,True
39462434,16.10000000,3.63000000,58.44300000,1665446457238,False,True
39462435,16.10000000,185.62000000,2988.48200000,1665446457238,False,True
39462436,16.10000000,336.00000000,5409.60000000,1665446457247,False,True
39462437,16.10000000,5.71000000,91.93100000,1665446457249,False,True
39462438,16.10000000,8.13000000,130.89300000,1665446457249,False,True
39462439,16.10000000,6.96000000,112.05600000,1665446457270,False,True
39462440,16.10000000,8.28000000,133.30800000,1665446457270,False,True
39462441,16.10000000,66.77000000,1074.99700000,1665446457293,False,True
39462442,16.11000000,6.65000000,107.13150000,1665446457303,False,True
39462443,16.11000000,1.12000000,18.04320000,1665446457303,False,True
39462444,16.11000000,1.36000000,21.90960000,1665446457303,False,True
39462445,16.11000000,1.60000000,25.77600000,1665446457303,False,True
39462446,16.11000000,0.15000000,2.41650000,1665446457303,False,True
39462447,16.10000000,1.00000000,16.10000000,1665446457379,True,True
39462448,16.11000000,1.00000000,16.11000000,1665446457864,False,True
39462449,16.11000000,6.61000000,106.48710000,1665446457867,False,True
39462450,16.11000000,38.00000000,612.18000000,1665446457901,True,True
39462451,16.12000000,5.05000000,81.40600000,1665446458711,False,True
39462452,16.12000000,2.83000000,45.61960000,1665446458711,False,True
39462453,16.11000000,4.43000000,71.36730000,1665446458955,True,True
39462454,16.11000000,6.95000000,111.96450000,1665446458980,True,True
39462455,16.11000000,2.17000000,34.95870000,1665446459108,True,True
39462456,16.11000000,15.09000000,243.09990000,1665446459543,True,True
39462457,16.11000000,14.66000000,236.17260000,1665446459543,True,True
39462458,16.12000000,11.51000000,185.54120000,1665446461048,False,True
39462459,16.11000000,32.63000000,525.66930000,1665446461163,True,True
39462460,16.11000000,2.47000000,39.79170000,1665446461163,True,True
39462461,16.11000000,20.26000000,326.38860000,1665446461163,True,True
39462462,16.12000000,20.27000000,326.75240000,1665446461705,False,True
39462463,16.12000000,10.73000000,172.96760000,1665446461705,False,True
39462464,16.12000000,1.35000000,21.76200000,1665446461705,False,True
39462465,16.12000000,1.27000000,20.47240000,1665446461705,False,True
39462466,16.12000000,3.30000000,53.19600000,1665446461705,False,True
39462467,16.12000000,1.46000000,23.53520000,1665446461705,False,True
39462468,16.12000000,50.00000000,806.00000000,1665446461705,False,True
39462469,16.12000000,15.31000000,246.79720000,1665446461705,False,True
39462470,16.13000000,7.41000000,119.52330000,1665446463158,False,True
39462471,16.11000000,10.28000000,165.61080000,1665446464254,False,True
39462472,16.12000000,16.12000000,259.85440000,1665446464737,False,True
39462473,16.11000000,0.91000000,14.66010000,1665446469795,True,True
39462474,16.11000000,1.22000000,19.65420000,1665446469795,True,True
39462475,16.11000000,2.37000000,38.18070000,1665446470862,True,True
39462476,16.11000000,8.38000000,135.00180000,1665446472695,True,True
39462477,16.11000000,7.16000000,115.34760000,1665446472695,True,True
39462478,16.11000000,1.10000000,17.72100000,1665446477133,True,True
39462479,16.12000000,1.00000000,16.12000000,1665446480919,False,True
39462480,16.11000000,1.78000000,28.67580000,1665446483846,True,True
39462481,16.12000000,12.44000000,200.53280000,1665446487213,False,True
39462482,16.12000000,1.10000000,17.73200000,1665446487213,False,True
39462483,16.12000000,2.99000000,48.19880000,1665446487213,False,True
39462484,16.13000000,1.00000000,16.13000000,1665446487227,False,True
39462485,16.13000000,1.10000000,17.74300000,1665446492433,False,True
39462486,16.13000000,3.30000000,53.22900000,1665446492433,False,True
39462487,16.13000000,1.75000000,28.22750000,1665446492433,False,True
39462488,16.13000000,1.12000000,18.06560000,1665446492433,False,True
39462489,16.13000000,1.46000000,23.54980000,1665446492433,False,True
39462490,16.14000000,1.10000000,17.75400000,1665446500297,False,True
39462491,16.14000000,3.10000000,50.03400000,1665446500297,False,True
39462492,16.14000000,0.89000000,14.36460000,1665446500297,False,True
39462493,16.14000000,0.94000000,15.17160000,1665446500297,False,True
39462494,16.14000000,10.73000000,173.18220000,1665446500297,False,True
39462495,16.14000000,14.32000000,231.12480000,1665446500297,False,True
39462496,16.14000000,38.89000000,627.68460000,1665446500297,False,True
39462497,16.14000000,92.00000000,1484.88000000,1665446500297,False,True
39462498,16.14000000,9.78000000,157.84920000,1665446500297,False,True
39462499,16.14000000,3.30000000,53.26200000,1665446500297,False,True
39462500,16.14000000,1.46000000,23.56440000,1665446500297,False,True
39462501,16.15000000,1.78000000,28.74700000,1665446500297,False,True
39462502,16.13000000,81.87000000,1320.56310000,1665446501250,True,True
39462503,16.13000000,22.22000000,358.40860000,1665446501254,True,True
39462504,16.13000000,24.83000000,400.50790000,1665446501254,True,True
39462505,16.13000000,17.00000000,274.21000000,1665446501254,True,True
39462506,16.13000000,7.83000000,126.29790000,1665446501258,True,True
39462507,16.13000000,14.32000000,230.98160000,1665446501258,True,True
39462508,16.13000000,17.85000000,287.92050000,1665446501258,True,True
39462509,16.13000000,49.00000000,790.37000000,1665446501260,True,True
39462510,16.13000000,24.83000000,400.50790000,1665446501260,True,True
39462511,16.13000000,5.76000000,92.90880000,1665446501260,True,True
39462512,16.13000000,19.07000000,307.59910000,1665446501261,True,True
39462513,16.13000000,24.83000000,400.50790000,1665446501261,True,True
39462514,16.13000000,24.83000000,400.50790000,1665446501261,True,True
39462515,16.13000000,24.83000000,400.50790000,1665446501261,True,True
39462516,16.13000000,24.83000000,400.50790000,1665446501261,True,True
39462517,16.13000000,24.82000000,400.34660000,1665446501261,True,True
39462518,16.13000000,14.78000000,238.40140000,1665446501261,True,True
39462519,16.12000000,74.74000000,1204.80880000,1665446502868,True,True
39462520,16.12000000,9.26000000,149.27120000,1665446502868,True,True
39462521,16.12000000,1.15000000,18.53800000,1665446504554,False,True
39462522,16.11000000,13.41000000,216.03510000,1665446511836,True,True
39462523,16.11000000,1.59000000,25.61490000,1665446511846,True,True
39462524,16.11000000,3.30000000,53.16300000,1665446511846,True,True
39462525,16.11000000,1.46000000,23.52060000,1665446511846,True,True
39462526,16.10000000,74.74000000,1203.31400000,1665446513178,True,True
39462527,16.10000000,3.01000000,48.46100000,1665446513178,True,True
39462528,16.10000000,84.96000000,1367.85600000,1665446513190,True,True
39462529,16.10000000,66.88000000,1076.76800000,1665446513190,True,True
39462530,16.10000000,14.34000000,230.87400000,1665446513190,True,True
39462531,16.10000000,11.66000000,187.72600000,1665446513190,True,True
39462532,16.10000000,4.20000000,67.62000000,1665446513190,True,True
39462533,16.10000000,92.00000000,1481.20000000,1665446513190,True,True
39462534,16.10000000,1.10000000,17.71000000,1665446513190,True,True
39462535,16.09000000,12.27000000,197.42430000,1665446513755,True,True
39462536,16.09000000,1.10000000,17.69900000,1665446513755,True,True
39462537,16.09000000,33.47000000,538.53230000,1665446513755,True,True
39462538,16.09000000,2.17000000,34.91530000,1665446514068,False,True
39462539,16.09000000,1.24000000,19.95160000,1665446515325,False,True
39462540,16.09000000,2.17000000,34.91530000,1665446520418,True,True
39462541,16.10000000,14.30000000,230.23000000,1665446520888,False,True
39462542,16.10000000,19.36000000,311.69600000,1665446520888,False,True
39462543,16.09000000,47.49000000,764.11410000,1665446520958,True,True
39462544,16.09000000,50.00000000,804.50000000,1665446520958,True,True
39462545,16.09000000,12.43000000,199.99870000,1665446520958,True,True
39462546,16.09000000,205.67000000,3309.23030000,1665446520958,True,True
39462547,16.09000000,12.45000000,200.32050000,1665446520958,True,True
39462548,16.09000000,21.33000000,343.19970000,1665446520958,True,True
39462549,16.09000000,42.01000000,675.94090000,1665446520958,True,True
39462550,16.09000000,336.76000000,5418.46840000,1665446520958,True,True
39462551,16.09000000,43.09000000,693.31810000,1665446520958,True,True
39462552,16.08000000,10.00000000,160.80000000,1665446520958,True,True
39462553,16.08000000,1.27000000,20.42160000,1665446520958,True,True
39462554,16.08000000,1.10000000,17.68800000,1665446520958,True,True
39462555,16.08000000,149.68000000,2406.85440000,1665446520958,True,True
39462556,16.08000000,66.81000000,1074.30480000,1665446520958,True,True
39462557,16.08000000,47.50000000,763.80000000,1665446520958,True,True
39462558,16.08000000,95.33000000,1532.90640000,1665446520958,True,True
39462559,16.10000000,10.73000000,172.75300000,1665446522435,False,True
39462560,16.10000000,12.43000000,200.12300000,1665446522435,False,True
39462561,16.10000000,7.98000000,128.47800000,1665446522435,False,True
39462562,16.10000000,1.46000000,23.50600000,1665446522435,False,True
39462563,16.10000000,3.10000000,49.91000000,1665446522435,False,True
39462564,16.10000000,3.10000000,49.91000000,1665446522435,False,True
39462565,16.10000000,1.19000000,19.15900000,1665446522435,False,True
39462566,16.10000000,9.25000000,148.92500000,1665446522435,False,True
39462567,16.10000000,3.30000000,53.13000000,1665446522435,False,True
39462568,16.11000000,1.00000000,16.11000000,1665446522439,False,True
39462569,16.11000000,9.60000000,154.65600000,1665446528143,False,True
39462570,16.11000000,21.86000000,352.16460000,1665446528143,False,True
39462571,16.11000000,1.36000000,21.90960000,1665446528223,False,True
39462572,16.11000000,7.08000000,114.05880000,1665446529653,True,True
39462573,16.11000000,23.56000000,379.55160000,1665446531646,True,True
39462574,16.11000000,20.00000000,322.20000000,1665446531646,True,True
39462575,16.11000000,16.19000000,260.82090000,1665446531648,True,True
39462576,16.11000000,3.81000000,61.37910000,1665446531648,True,True
39462577,16.11000000,60.00000000,966.60000000,1665446531649,True,True
39462578,16.10000000,3.30000000,53.13000000,1665446534564,True,True
39462579,16.10000000,1.46000000,23.50600000,1665446534564,True,True
39462580,16.09000000,6.21000000,99.91890000,1665446534677,True,True
39462581,16.09000000,19.98000000,321.47820000,1665446535506,True,True
39462582,16.10000000,6.21000000,99.98100000,1665446536250,False,True
39462583,16.10000000,3.10000000,49.91000000,1665446539248,False,True
39462584,16.10000000,35.65000000,573.96500000,1665446540592,False,True
39462585,16.10000000,9.25000000,148.92500000,1665446540592,False,True
39462586,16.10000000,5.91000000,95.15100000,1665446542167,True,True
39462587,16.10000000,34.35000000,553.03500000,1665446545340,True,True
39462588,16.10000000,5.58000000,89.83800000,1665446546798,False,True
39462589,16.10000000,18.57000000,298.97700000,1665446547350,False,True
39462590,16.10000000,7.66000000,123.32600000,1665446547373,True,True
39462591,16.10000000,1.42000000,22.86200000,1665446548307,True,True
39462592,16.10000000,26.45000000,425.84500000,1665446548734,True,True
39462593,16.09000000,3.30000000,53.09700000,1665446550158,True,True
39462594,16.09000000,1.46000000,23.49140000,1665446550158,True,True
39462595,16.09000000,15.41000000,247.94690000,1665446559942,False,True
39462596,16.09000000,33.52000000,539.33680000,1665446559942,False,True
39462597,16.09000000,7.14000000,114.88260000,1665446559942,False,True
39462598,16.09000000,14.35000000,230.89150000,1665446559942,False,True
39462599,16.09000000,33.52000000,539.33680000,1665446563462,True,True
39462600,16.09000000,10.06000000,161.86540000,1665446563462,True,True
39462601,16.09000000,27.35000000,440.06150000,1665446563466,True,True
39462602,16.09000000,14.87000000,239.25830000,1665446563466,True,True
39462603,16.09000000,24.88000000,400.31920000,1665446563466,True,True
39462604,16.09000000,24.88000000,400.31920000,1665446563466,True,True
39462605,16.09000000,3.82000000,61.46380000,1665446563466,True,True
39462606,16.09000000,21.06000000,338.85540000,1665446563466,True,True
39462607,16.09000000,24.88000000,400.31920000,1665446563466,True,True
39462608,16.09000000,21.16000000,340.46440000,1665446563466,True,True
39462609,16.09000000,3.69000000,59.37210000,1665446563469,True,True
39462610,16.09000000,16.31000000,262.42790000,1665446563916,False,True
39462611,16.09000000,42.18000000,678.67620000,1665446563916,False,True
39462612,16.08000000,5.40000000,86.83200000,1665446571217,True,True
39462613,16.08000000,3.30000000,53.06400000,1665446571217,True,True
39462614,16.08000000,1.46000000,23.47680000,1665446571217,True,True
39462615,16.08000000,50.00000000,804.00000000,1665446571217,True,True
39462616,16.08000000,36.51000000,587.08080000,1665446571500,False,True
39462617,16.08000000,5.42000000,87.15360000,1665446571501,False,True
39462618,16.08000000,16.25000000,261.30000000,1665446571501,False,True
39462619,16.09000000,15.83000000,254.70470000,1665446574057,False,True
39462620,16.09000000,33.52000000,539.33680000,1665446576427,False,True
39462621,16.10000000,42.23000000,679.90300000,1665446577708,False,True
39462622,16.10000000,120.74000000,1943.91400000,1665446577708,False,True
39462623,16.10000000,10.25000000,165.02500000,1665446577714,False,True
39462624,16.10000000,3.30000000,53.13000000,1665446578154,False,True
39462625,16.10000000,8.62000000,138.78200000,1665446578154,False,True
39462626,16.10000000,5.80000000,93.38000000,1665446578172,False,True
39462627,16.10000000,1.46000000,23.50600000,1665446578214,False,True
39462628,16.09000000,36.61000000,589.05490000,1665446582916,True,True
39462629,16.09000000,35.14000000,565.40260000,1665446583416,False,True
39462630,16.09000000,7.25000000,116.65250000,1665446583509,False,True
39462631,16.09000000,31.90000000,513.27100000,1665446588336,True,True
39462632,16.09000000,21.27000000,342.23430000,1665446588336,True,True
39462633,16.09000000,2.03000000,32.66270000,1665446588340,True,True
39462634,16.09000000,20.00000000,321.80000000,1665446589160,False,True
39462635,16.09000000,35.14000000,565.40260000,1665446592147,True,True
39462636,16.09000000,32.05000000,515.68450000,1665446592157,True,True
39462637,16.09000000,1.79000000,28.80110000,1665446592171,True,True
39462638,16.08000000,4.98000000,80.07840000,1665446594297,True,True
39462639,16.08000000,51.68000000,831.01440000,1665446594423,True,True
39462640,16.08000000,7.15000000,114.97200000,1665446594423,True,True
39462641,16.08000000,34.60000000,556.36800000,1665446594423,True,True
39462642,16.08000000,66.86000000,1075.10880000,1665446594423,True,True
39462643,16.08000000,1.46000000,23.47680000,1665446594423,True,True
39462644,16.08000000,45.94000000,738.71520000,1665446594423,True,True
39462645,16.08000000,144.11000000,2317.28880000,1665446594423,True,True
39462646,16.08000000,1.80000000,28.94400000,1665446594423,True,True
39462647,16.07000000,12.63000000,202.96410000,1665446601042,True,True
39462648,16.07000000,0.68000000,10.92760000,1665446601042,True,True
39462649,16.07000000,2.71000000,43.54970000,1665446601042,True,True
39462650,16.07000000,0.63000000,10.12410000,1665446601042,True,True
39462651,16.07000000,1.10000000,17.67700000,1665446601042,True,True
39462652,16.07000000,3.30000000,53.03100000,1665446601042,True,True
39462653,16.07000000,1.46000000,23.46220000,1665446601042,True,True
39462654,16.07000000,1.43000000,22.98010000,1665446601042,True,True
39462655,16.07000000,68.46000000,1100.15220000,1665446601848,False,True
39462656,16.07000000,14.32000000,230.12240000,1665446601848,False,True
39462657,16.07000000,41.67000000,669.63690000,1665446601848,False,True
39462658,16.06000000,0.63000000,10.11780000,1665446605016,True,True
39462659,16.06000000,0.73000000,11.72380000,1665446605016,True,True
39462660,16.06000000,1.00000000,16.06000000,1665446605016,True,True
39462661,16.06000000,1.83000000,29.38980000,1665446605016,True,True
39462662,16.06000000,1.36000000,21.84160000,1665446605016,True,True
39462663,16.06000000,0.63000000,10.11780000,1665446605016,True,True
39462664,16.06000000,1.20000000,19.27200000,1665446605016,True,True
39462665,16.06000000,5.60000000,89.93600000,1665446605016,True,True
39462666,16.06000000,1.10000000,17.66600000,1665446605016,True,True
39462667,16.06000000,1.01000000,16.22060000,1665446605016,True,True
39462668,16.06000000,6.22000000,99.89320000,1665446605016,True,True
39462669,16.06000000,0.63000000,10.11780000,1665446605016,True,True
39462670,16.06000000,0.65000000,10.43900000,1665446605016,True,True
39462671,16.06000000,7.18000000,115.31080000,1665446605016,True,True
39462672,16.06000000,5.40000000,86.72400000,1665446605016,True,True
39462673,16.06000000,29.10000000,467.34600000,1665446605016,True,True
39462674,16.06000000,51.90000000,833.51400000,1665446605016,True,True
39462675,16.06000000,1.11000000,17.82660000,1665446605016,True,True
39462676,16.06000000,7.14000000,114.66840000,1665446605016,True,True
39462677,16.06000000,11.70000000,187.90200000,1665446605016,True,True
39462678,16.06000000,5.50000000,88.33000000,1665446605016,True,True
39462679,16.06000000,76.42000000,1227.30520000,1665446605016,True,True
39462680,16.06000000,25.30000000,406.31800000,1665446605144,True,True
39462681,16.06000000,1.46000000,23.44760000,1665446607211,True,True
39462682,16.06000000,3.30000000,52.99800000,1665446607211,True,True
39462683,16.06000000,50.44000000,810.06640000,1665446607211,True,True
39462684,16.06000000,1.55000000,24.89300000,1665446607211,True,True
39462685,16.06000000,2.31000000,37.09860000,1665446607361,False,True
39462686,16.06000000,7.46000000,119.80760000,1665446609502,False,True
39462687,16.06000000,34.43000000,552.94580000,1665446610027,False,True
39462688,16.06000000,9.54000000,153.21240000,1665446614148,False,True
39462689,16.05000000,1.76000000,28.24800000,1665446615628,True,True
39462690,16.05000000,0.64000000,10.27200000,1665446615628,True,True
39462691,16.05000000,54.64000000,876.97200000,1665446615628,True,True
39462692,16.05000000,32.58000000,522.90900000,1665446615628,True,True
39462693,16.05000000,20.00000000,321.00000000,1665446615628,True,True
39462694,16.05000000,3.11000000,49.91550000,1665446615628,True,True
39462695,16.05000000,6.23000000,99.99150000,1665446615628,True,True
39462696,16.05000000,1.15000000,18.45750000,1665446615628,True,True
39462697,16.05000000,1.00000000,16.05000000,1665446615628,True,True
39462698,16.05000000,6.23000000,99.99150000,1665446615628,True,True
39462699,16.05000000,1.00000000,16.05000000,1665446615628,True,True
39462700,16.05000000,1.50000000,24.07500000,1665446615628,True,True
39462701,16.05000000,0.90000000,14.44500000,1665446615628,True,True
39462702,16.05000000,12.46000000,199.98300000,1665446615628,True,True
39462703,16.05000000,0.78000000,12.51900000,1665446615628,True,True
39462704,16.05000000,30.00000000,481.50000000,1665446615628,True,True
39462705,16.05000000,31.15000000,499.95750000,1665446615628,True,True
39462706,16.05000000,10.00000000,160.50000000,1665446615628,True,True
39462707,16.05000000,5.00000000,80.25000000,1665446615628,True,True
39462708,16.05000000,5.90000000,94.69500000,1665446615628,True,True
39462709,16.05000000,0.95000000,15.24750000,1665446615628,True,True
39462710,16.05000000,1.10000000,17.65500000,1665446615628,True,True
39462711,16.05000000,1.87000000,30.01350000,1665446615628,True,True
39462712,16.05000000,1.55000000,24.87750000,1665446615628,True,True
39462713,16.05000000,3.28000000,52.64400000,1665446615628,True,True
39462714,16.05000000,9.34000000,149.90700000,1665446615628,True,True
39462715,16.05000000,30.14000000,483.74700000,1665446615628,True,True
39462716,16.05000000,2.06000000,33.06300000,1665446615628,True,True
39462717,16.05000000,3.18000000,51.03900000,1665446615628,True,True
39462718,16.05000000,17.48000000,280.55400000,1665446615628,True,True
39462719,16.05000000,7.56000000,121.33800000,1665446615640,True,True
39462720,16.05000000,33.05000000,530.45250000,1665446615642,True,True
39462721,16.05000000,17.68000000,283.76400000,1665446615642,True,True
39462722,16.05000000,15.03000000,241.23150000,1665446615645,True,True
39462723,16.05000000,1.23000000,19.74150000,1665446615645,True,True
39462724,16.05000000,8.11000000,130.16550000,1665446615645,True,True
39462725,16.05000000,8.88000000,142.52400000,1665446615645,True,True
39462726,16.05000000,7.47000000,119.89350000,1665446615645,True,True
39462727,16.05000000,2.61000000,41.89050000,1665446615645,True,True
39462728,16.05000000,8.29000000,133.05450000,1665446615645,True,True
39462729,16.05000000,8.81000000,141.40050000,1665446615651,True,True
39462730,16.05000000,13.39000000,214.90950000,1665446616187,True,True
39462731,16.05000000,13.79000000,221.32950000,1665446616491,True,True
39462732,16.05000000,4.67000000,74.95350000,1665446616491,True,True
39462733,16.05000000,1.54000000,24.71700000,1665446616491,True,True
39462734,16.05000000,4.06000000,65.16300000,1665446616492,True,True
39462735,16.05000000,14.95000000,239.94750000,1665446616492,True,True
39462736,16.05000000,0.99000000,15.88950000,1665446616492,True,True
39462737,16.05000000,8.35000000,134.01750000,1665446616494,True,True
39462738,16.05000000,1.03000000,16.53150000,1665446616494,True,True
39462739,16.05000000,10.28000000,164.99400000,1665446616494,True,True
39462740,16.05000000,0.34000000,5.45700000,1665446616494,True,True
39462741,16.05000000,46.39000000,744.55950000,1665446616494,True,True
39462742,16.05000000,1.26000000,20.22300000,1665446616494,True,True
39462743,16.05000000,1.23000000,19.74150000,1665446616494,True,True
39462744,16.05000000,6.23000000,99.99150000,1665446616494,True,True
39462745,16.05000000,3.11000000,49.91550000,1665446616494,True,True
39462746,16.05000000,0.65000000,10.43250000,1665446616494,True,True
39462747,16.05000000,0.63000000,10.11150000,1665446616494,True,True
39462748,16.05000000,0.50000000,8.02500000,1665446616494,True,True
39462749,16.05000000,2.80000000,44.94000000,1665446616503,True,True
39462750,16.05000000,12.46000000,199.98300000,1665446616503,True,True
39462751,16.05000000,1.46000000,23.43300000,1665446616503,True,True
39462752,16.05000000,1.48000000,23.75400000,1665446616503,True,True
39462753,16.05000000,1.46000000,23.43300000,1665446616503,True,True
39462754,16.05000000,7.52000000,120.69600000,1665446616504,True,True
39462755,16.05000000,6.93000000,111.22650000,1665446616507,True,True
39462756,16.05000000,9.01000000,144.61050000,1665446616931,True,True
39462757,16.05000000,24.92000000,399.96600000,1665446616939,True,True
39462758,16.05000000,24.92000000,399.96600000,1665446616943,True,True
39462759,16.05000000,24.92000000,399.96600000,1665446616943,True,True
39462760,16.05000000,15.91000000,255.35550000,1665446616947,True,True
39462761,16.05000000,9.01000000,144.61050000,1665446616948,True,True
39462762,16.05000000,0.01000000,0.16050000,1665446616948,True,True
39462763,16.04000000,0.66000000,10.58640000,1665446617747,True,True
39462764,16.04000000,2.86000000,45.87440000,1665446617747,True,True
39462765,16.04000000,5.77000000,92.55080000,1665446617747,True,True
39462766,16.04000000,3.46000000,55.49840000,1665446617747,True,True
39462767,16.04000000,0.72000000,11.54880000,1665446617747,True,True
39462768,16.04000000,0.63000000,10.10520000,1665446617747,True,True
39462769,16.04000000,0.69000000,11.06760000,1665446617747,True,True
39462770,16.04000000,0.63000000,10.10520000,1665446617747,True,True
39462771,16.04000000,0.69000000,11.06760000,1665446617747,True,True
39462772,16.04000000,0.83000000,13.31320000,1665446617747,True,True
39462773,16.04000000,0.63000000,10.10520000,1665446617747,True,True
39462774,16.04000000,1.37000000,21.97480000,1665446617747,True,True
39462775,16.04000000,1.10000000,17.64400000,1665446617747,True,True
39462776,16.04000000,1.27000000,20.37080000,1665446617747,True,True
39462777,16.04000000,1.63000000,26.14520000,1665446617747,True,True
39462778,16.04000000,1.50000000,24.06000000,1665446617747,True,True
39462779,16.04000000,0.67000000,10.74680000,1665446617747,True,True
39462780,16.04000000,2.17000000,34.80680000,1665446617747,True,True
39462781,16.04000000,5.40000000,86.61600000,1665446617747,True,True
39462782,16.04000000,17.61000000,282.46440000,1665446617747,True,True
39462783,16.04000000,41.82000000,670.79280000,1665446617747,True,True
39462784,16.04000000,37.89000000,607.75560000,1665446617747,True,True
39462785,16.04000000,0.67000000,10.74680000,1665446617747,True,True
39462786,16.03000000,0.69000000,11.06070000,1665446617747,True,True
39462787,16.03000000,0.68000000,10.90040000,1665446617747,True,True
39462788,16.03000000,4.67000000,74.86010000,1665446617747,True,True
39462789,16.03000000,9.18000000,147.15540000,1665446617747,True,True
39462790,16.03000000,2.00000000,32.06000000,1665446617747,True,True
39462791,16.03000000,2.25000000,36.06750000,1665446617747,True,True
39462792,16.03000000,2.00000000,32.06000000,1665446617747,True,True
39462793,16.03000000,3.51000000,56.26530000,1665446617747,True,True
39462794,16.03000000,26.20000000,419.98600000,1665446617747,True,True
39462795,16.03000000,1.10000000,17.63300000,1665446617747,True,True
39462796,16.03000000,6.23000000,99.86690000,1665446617747,True,True
39462797,16.03000000,3.87000000,62.03610000,1665446617747,True,True
39462798,16.03000000,2.99000000,47.92970000,1665446617747,True,True
39462799,16.03000000,0.63000000,10.09890000,1665446617747,True,True
39462800,16.03000000,1.56000000,25.00680000,1665446617747,True,True
39462801,16.03000000,1.35000000,21.64050000,1665446617747,True,True
39462802,16.03000000,128.75000000,2063.86250000,1665446617747,True,True
39462803,16.03000000,138.57000000,2221.27710000,1665446617747,True,True
39462804,16.03000000,163.72000000,2624.43160000,1665446617747,True,True
39462805,16.03000000,10.73000000,172.00190000,1665446617747,True,True
39462806,16.03000000,77.35000000,1239.92050000,1665446617747,True,True
39462807,16.03000000,3.35000000,53.70050000,1665446617747,True,True
39462808,16.03000000,162.60000000,2606.47800000,1665446617747,True,True
39462809,16.03000000,14.97000000,239.96910000,1665446617747,True,True
39462810,16.02000000,2.66000000,42.61320000,1665446617747,True,True
39462811,16.02000000,4.58000000,73.37160000,1665446617747,True,True
39462812,16.02000000,11.70000000,187.43400000,1665446617747,True,True
39462813,16.02000000,62.42000000,999.96840000,1665446617747,True,True
39462814,16.02000000,1.51000000,24.19020000,1665446617747,True,True
39462815,16.02000000,10.00000000,160.20000000,1665446617747,True,True
39462816,16.02000000,5.00000000,80.10000000,1665446617747,True,True
39462817,16.02000000,0.69000000,11.05380000,1665446617747,True,True
39462818,16.02000000,1.10000000,17.62200000,1665446617747,True,True
39462819,16.02000000,194.72000000,3119.41440000,1665446617747,True,True
39462820,16.02000000,1.00000000,16.02000000,1665446617747,True,True
39462821,16.04000000,6.96000000,111.63840000,1665446618010,False,True
39462822,16.04000000,7.00000000,112.28000000,1665446619241,False,True
39462823,16.04000000,3.22000000,51.64880000,1665446619386,False,True
39462824,16.04000000,12.00000000,192.48000000,1665446619386,False,True
39462825,16.04000000,5.68000000,91.10720000,1665446619578,False,True
39462826,16.03000000,0.63000000,10.09890000,1665446619640,True,True
39462827,16.03000000,1.56000000,25.00680000,1665446620176,True,True
39462828,16.03000000,50.29000000,806.14870000,1665446621170,True,True
39462829,16.03000000,7.18000000,115.09540000,1665446621170,True,True
39462830,16.03000000,47.53000000,761.90590000,1665446621170,True,True
39462831,16.03000000,3.54000000,56.74620000,1665446621170,True,True
39462832,16.03000000,3.30000000,52.89900000,1665446621170,True,True
39462833,16.03000000,0.70000000,11.22100000,1665446621170,True,True
39462834,16.03000000,94.99000000,1522.68970000,1665446621170,True,True
39462835,16.03000000,1.46000000,23.40380000,1665446621170,True,True
39462836,16.03000000,12.47000000,199.89410000,1665446621170,True,True
39462837,16.03000000,48.33000000,774.72990000,1665446621249,False,True
39462838,16.03000000,18.04000000,289.18120000,1665446621495,False,True
39462839,16.03000000,45.00000000,721.35000000,1665446621587,False,True
39462840,16.03000000,7.15000000,114.61450000,1665446621722,False,True
39462841,16.03000000,36.17000000,579.80510000,1665446621735,False,True
39462842,16.03000000,60.00000000,961.80000000,1665446621775,False,True
39462843,16.03000000,92.40000000,1481.17200000,1665446621796,False,True
39462844,16.03000000,17.86000000,286.29580000,1665446621850,False,True
39462845,16.03000000,9.01000000,144.43030000,1665446621862,False,True
39462846,16.03000000,22.04000000,353.30120000,1665446621989,False,True
39462847,16.03000000,13.46000000,215.76380000,1665446622650,False,True
39462848,16.02000000,68.72000000,1100.89440000,1665446623413,True,True
39462849,16.02000000,20.00000000,320.40000000,1665446623413,True,True
39462850,16.02000000,19.76000000,316.55520000,1665446623413,True,True
39462851,16.02000000,5.40000000,86.50800000,1665446623413,True,True
39462852,16.02000000,0.67000000,10.73340000,1665446623413,True,True
39462853,16.02000000,12.48000000,199.92960000,1665446623413,True,True
39462854,16.02000000,4.82000000,77.21640000,1665446623413,True,True
39462855,16.02000000,7.66000000,122.71320000,1665446623414,True,True
39462856,16.02000000,11.70000000,187.43400000,1665446623414,True,True
39462857,16.02000000,23.98000000,384.15960000,1665446623432,True,True
39462858,16.02000000,16.98000000,272.01960000,1665446623572,False,True
39462859,16.01000000,0.66000000,10.56660000,1665446623716,True,True
39462860,16.01000000,0.02000000,0.32020000,1665446623716,True,True
39462861,16.01000000,3.12000000,49.95120000,1665446623716,True,True
39462862,16.01000000,0.09000000,1.44090000,1665446623716,True,True
39462863,16.01000000,0.91000000,14.56910000,1665446623716,True,True
39462864,16.01000000,1.00000000,16.01000000,1665446623716,True,True
39462865,16.01000000,1.25000000,20.01250000,1665446623716,True,True
39462866,16.01000000,0.63000000,10.08630000,1665446623716,True,True
39462867,16.01000000,6.24000000,99.90240000,1665446623716,True,True
39462868,16.01000000,1.58000000,25.29580000,1665446623716,True,True
39462869,16.01000000,6.24000000,99.90240000,1665446623716,True,True
39462870,16.01000000,7.15000000,114.47150000,1665446623716,True,True
39462871,16.01000000,16.70000000,267.36700000,1665446623716,True,True
39462872,16.01000000,26.15000000,418.66150000,1665446623716,True,True
39462873,16.01000000,2.48000000,39.70480000,1665446623716,True,True
39462874,16.01000000,0.68000000,10.88680000,1665446623716,True,True
39462875,16.01000000,0.96000000,15.36960000,1665446623716,True,True
39462876,16.01000000,1.24000000,19.85240000,1665446623716,True,True
39462877,16.01000000,2.55000000,40.82550000,1665446623716,True,True
39462878,16.01000000,6.24000000,99.90240000,1665446623716,True,True
39462879,16.01000000,6.24000000,99.90240000,1665446623716,True,True
39462880,16.01000000,0.75000000,12.00750000,1665446623716,True,True
39462881,16.01000000,1.24000000,19.85240000,1665446623716,True,True
39462882,16.01000000,1.10000000,17.61100000,1665446623716,True,True
39462883,16.01000000,0.75000000,12.00750000,1665446623716,True,True
39462884,16.01000000,2.89000000,46.26890000,1665446623716,True,True
39462885,16.01000000,2.91000000,46.58910000,1665446623716,True,True
39462886,16.01000000,41.04000000,657.05040000,1665446623728,True,True
39462887,16.01000000,19.20000000,307.39200000,1665446623728,True,True
39462888,16.01000000,7.18000000,114.95180000,1665446623728,True,True
39462889,16.02000000,8.16000000,130.72320000,1665446623758,False,True
39462890,16.02000000,6.44000000,103.16880000,1665446624029,False,True
39462891,16.02000000,17.62000000,282.27240000,1665446624038,False,True
39462892,16.02000000,43.56000000,697.83120000,1665446624544,False,True
39462893,16.02000000,0.41000000,6.56820000,1665446624544,False,True
39462894,16.02000000,21.45000000,343.62900000,1665446625046,False,True
39462895,16.01000000,12.82000000,205.24820000,1665446627113,True,True
39462896,16.01000000,0.91000000,14.56910000,1665446627113,True,True
39462897,16.01000000,5.65000000,90.45650000,1665446627113,True,True
39462898,16.01000000,0.69000000,11.04690000,1665446627113,True,True
39462899,16.01000000,3.30000000,52.83300000,1665446627113,True,True
39462900,16.01000000,20.60000000,329.80600000,1665446627113,True,True
39462901,16.02000000,60.00000000,961.20000000,1665446627219,False,True
39462902,16.01000000,1.46000000,23.37460000,1665446627779,True,True
39462903,16.01000000,50.30000000,805.30300000,1665446627838,False,True
39462904,16.01000000,19.05000000,304.99050000,1665446627838,False,True
39462905,16.01000000,33.19000000,531.37190000,1665446627838,False,True
39462906,16.01000000,50.00000000,800.50000000,1665446627843,False,True
39462907,16.02000000,25.26000000,404.66520000,1665446628249,False,True
39462908,16.02000000,7.18000000,115.02360000,1665446628249,False,True
39462909,16.02000000,7.63000000,122.23260000,1665446628249,False,True
39462910,16.00000000,0.65000000,10.40000000,1665446629216,True,True
39462911,16.00000000,0.80000000,12.80000000,1665446629216,True,True
39462912,16.00000000,6.25000000,100.00000000,1665446629216,True,True
39462913,16.00000000,1.56000000,24.96000000,1665446629216,True,True
39462914,16.00000000,0.63000000,10.08000000,1665446629216,True,True
39462915,16.00000000,0.63000000,10.08000000,1665446629216,True,True
39462916,16.00000000,3.43000000,54.88000000,1665446629216,True,True
39462917,16.00000000,7.81000000,124.96000000,1665446629216,True,True
39462918,16.00000000,0.65000000,10.40000000,1665446629216,True,True
39462919,16.00000000,3.12000000,49.92000000,1665446629216,True,True
39462920,16.00000000,10.64000000,170.24000000,1665446629216,True,True
39462921,16.00000000,1.36000000,21.76000000,1665446629216,True,True
39462922,16.00000000,6.00000000,96.00000000,1665446629216,True,True
39462923,16.00000000,13.25000000,212.00000000,1665446629216,True,True
39462924,16.00000000,5.05000000,80.80000000,1665446629216,True,True
39462925,16.00000000,7.81000000,124.96000000,1665446629216,True,True
39462926,16.00000000,0.65000000,10.40000000,1665446629216,True,True
39462927,16.00000000,1.00000000,16.00000000,1665446629216,True,True
39462928,16.00000000,0.54000000,8.64000000,1665446629216,True,True
39462929,16.00000000,0.46000000,7.36000000,1665446629216,True,True
39462930,16.00000000,6.25000000,100.00000000,1665446629216,True,True
39462931,16.00000000,3.12000000,49.92000000,1665446629216,True,True
39462932,16.00000000,3.00000000,48.00000000,1665446629216,True,True
39462933,16.00000000,2.00000000,32.00000000,1665446629216,True,True
39462934,16.00000000,0.17000000,2.72000000,1665446629216,True,True
39462935,16.00000000,0.51000000,8.16000000,1665446629216,True,True
39462936,16.00000000,3.00000000,48.00000000,1665446629216,True,True
39462937,16.00000000,1.00000000,16.00000000,1665446629216,True,True
39462938,16.00000000,0.68000000,10.88000000,1665446629216,True,True
39462939,16.00000000,1.25000000,20.00000000,1665446629216,True,True
39462940,16.00000000,6.25000000,100.00000000,1665446629216,True,True
39462941,16.00000000,11.81000000,188.96000000,1665446629216,True,True
39462942,16.00000000,2.87000000,45.92000000,1665446629216,True,True
39462943,16.00000000,1.56000000,24.96000000,1665446629216,True,True
39462944,16.00000000,1.88000000,30.08000000,1665446629216,True,True
39462945,16.00000000,0.85000000,13.60000000,1665446629216,True,True
39462946,16.00000000,1.25000000,20.00000000,1665446629216,True,True
39462947,16.00000000,19.32000000,309.12000000,1665446629216,True,True
39462948,16.00000000,3.99000000,63.84000000,1665446629216,True,True
39462949,16.00000000,39.19000000,627.04000000,1665446629216,True,True
39462950,16.00000000,12.00000000,192.00000000,1665446629216,True,True
39462951,16.00000000,6.25000000,100.00000000,1665446629216,True,True
39462952,16.00000000,12.50000000,200.00000000,1665446629216,True,True
39462953,16.00000000,1.87000000,29.92000000,1665446629216,True,True
39462954,16.00000000,4.49000000,71.84000000,1665446629216,True,True
39462955,16.00000000,1.60000000,25.60000000,1665446629216,True,True
39462956,16.00000000,1.00000000,16.00000000,1665446629216,True,True
39462957,16.00000000,0.63000000,10.08000000,1665446629216,True,True
39462958,16.00000000,20.00000000,320.00000000,1665446629216,True,True
39462959,16.00000000,1.00000000,16.00000000,1665446629216,True,True
39462960,16.00000000,10.00000000,160.00000000,1665446629216,True,True
39462961,16.00000000,2.00000000,32.00000000,1665446629216,True,True
39462962,16.00000000,3.12000000,49.92000000,1665446629216,True,True
39462963,16.00000000,3.12000000,49.92000000,1665446629216,True,True
39462964,16.00000000,198.50000000,3176.00000000,1665446629216,True,True
39462965,16.00000000,12.50000000,200.00000000,1665446629216,True,True
39462966,16.00000000,1.00000000,16.00000000,1665446629216,True,True
39462967,16.00000000,2.37000000,37.92000000,1665446629216,True,True
39462968,16.00000000,9.37000000,149.92000000,1665446629216,True,True
39462969,16.00000000,0.63000000,10.08000000,1665446629216,True,True
39462970,16.00000000,33.64000000,538.24000000,1665446629216,True,True
39462971,16.00000000,1.25000000,20.00000000,1665446629216,True,True
39462972,16.00000000,0.63000000,10.08000000,1665446629216,True,True
39462973,16.00000000,2.81000000,44.96000000,1665446629216,True,True
39462974,16.00000000,0.68000000,10.88000000,1665446629216,True,True
39462975,16.00000000,1.00000000,16.00000000,1665446629216,True,True
39462976,16.00000000,0.63000000,10.08000000,1665446629216,True,True
39462977,16.00000000,10.00000000,160.00000000,1665446629216,True,True
39462978,16.00000000,5.00000000,80.00000000,1665446629216,True,True
39462979,16.00000000,2.00000000,32.00000000,1665446629216,True,True
39462980,16.00000000,1.00000000,16.00000000,1665446629216,True,True
39462981,16.00000000,0.68000000,10.88000000,1665446629216,True,True
39462982,16.00000000,2.00000000,32.00000000,1665446629216,True,True
39462983,16.00000000,0.65000000,10.40000000,1665446629216,True,True
39462984,16.00000000,2.00000000,32.00000000,1665446629216,True,True
39462985,16.00000000,6.67000000,106.72000000,1665446629216,True,True
39462986,16.00000000,5.62000000,89.92000000,1665446629216,True,True
39462987,16.00000000,5.00000000,80.00000000,1665446629216,True,True
39462988,16.00000000,1.00000000,16.00000000,1665446629216,True,True
39462989,16.00000000,43.75000000,700.00000000,1665446629216,True,True
39462990,16.00000000,0.65000000,10.40000000,1665446629216,True,True
39462991,16.00000000,3.12000000,49.92000000,1665446629216,True,True
39462992,16.00000000,3.12000000,49.92000000,1665446629216,True,True
39462993,16.00000000,6.25000000,100.00000000,1665446629216,True,True
39462994,16.00000000,8.75000000,140.00000000,1665446629216,True,True
39462995,16.00000000,1.46000000,23.36000000,1665446629216,True,True
39462996,16.00000000,19.99000000,319.84000000,1665446629216,True,True
39462997,16.00000000,1.25000000,20.00000000,1665446629216,True,True
39462998,16.00000000,1.00000000,16.00000000,1665446629216,True,True
39462999,16.00000000,1.75000000,28.00000000,1665446629216,True,True
39463000,16.00000000,9.67000000,154.72000000,1665446629216,True,True
39463001,16.00000000,0.92000000,14.72000000,1665446629216,True,True
39463002,16.00000000,0.99000000,15.84000000,1665446629216,True,True
39463003,16.00000000,0.63000000,10.08000000,1665446629216,True,True
39463004,16.00000000,4.00000000,64.00000000,1665446629216,True,True
39463005,16.00000000,6.25000000,100.00000000,1665446629216,True,True
39463006,16.00000000,1.00000000,16.00000000,1665446629216,True,True
39463007,16.00000000,62.50000000,1000.00000000,1665446629216,True,True
39463008,16.00000000,2.50000000,40.00000000,1665446629216,True,True
39463009,16.00000000,4.68000000,74.88000000,1665446629216,True,True
39463010,16.00000000,1.25000000,20.00000000,1665446629216,True,True
39463011,16.00000000,0.77000000,12.32000000,1665446629216,True,True
39463012,16.00000000,1.56000000,24.96000000,1665446629216,True,True
39463013,16.00000000,20.00000000,320.00000000,1665446629216,True,True
39463014,16.00000000,1.87000000,29.92000000,1665446629216,True,True
39463015,16.00000000,1.27000000,20.32000000,1665446629216,True,True
39463016,16.00000000,2.00000000,32.00000000,1665446629216,True,True
39463017,16.00000000,0.70000000,11.20000000,1665446629216,True,True
39463018,16.00000000,1.36000000,21.76000000,1665446629216,True,True
39463019,16.00000000,6.00000000,96.00000000,1665446629216,True,True
39463020,16.00000000,6.25000000,100.00000000,1665446629216,True,True
39463021,16.00000000,0.64000000,10.24000000,1665446629216,True,True
39463022,16.00000000,1.56000000,24.96000000,1665446629216,True,True
39463023,16.00000000,20.00000000,320.00000000,1665446629216,True,True
39463024,16.00000000,0.63000000,10.08000000,1665446629216,True,True
39463025,16.00000000,0.63000000,10.08000000,1665446629216,True,True
39463026,16.00000000,0.63000000,10.08000000,1665446629216,True,True
39463027,16.00000000,6.25000000,100.00000000,1665446629216,True,True
39463028,16.00000000,15.63000000,250.08000000,1665446629216,True,True
39463029,16.00000000,1.50000000,24.00000000,1665446629216,True,True
39463030,16.00000000,6.44000000,103.04000000,1665446629216,True,True
39463031,16.00000000,1.12000000,17.92000000,1665446629216,True,True
39463032,16.00000000,1.00000000,16.00000000,1665446629216,True,True
39463033,16.00000000,2.00000000,32.00000000,1665446629216,True,True
39463034,16.00000000,2.00000000,32.00000000,1665446629216,True,True
39463035,16.00000000,4.00000000,64.00000000,1665446629216,True,True
39463036,16.00000000,2.10000000,33.60000000,1665446629216,True,True
39463037,16.00000000,25.00000000,400.00000000,1665446629216,True,True
39463038,16.00000000,0.63000000,10.08000000,1665446629216,True,True
39463039,16.00000000,1.00000000,16.00000000,1665446629216,True,True
39463040,16.00000000,1.00000000,16.00000000,1665446629216,True,True
39463041,16.00000000,5.37000000,85.92000000,1665446629216,True,True
39463042,16.00000000,6.25000000,100.00000000,1665446629216,True,True
39463043,16.00000000,1.00000000,16.00000000,1665446629216,True,True
39463044,16.00000000,12.50000000,200.00000000,1665446629216,True,True
39463045,16.00000000,1.25000000,20.00000000,1665446629216,True,True
39463046,16.00000000,2.81000000,44.96000000,1665446629216,True,True
39463047,16.00000000,5.00000000,80.00000000,1665446629216,True,True
39463048,16.00000000,2.00000000,32.00000000,1665446629216,True,True
39463049,16.00000000,1.00000000,16.00000000,1665446629216,True,True
39463050,16.00000000,6.25000000,100.00000000,1665446629216,True,True
39463051,16.00000000,15.00000000,240.00000000,1665446629216,True,True
39463052,16.00000000,6.25000000,100.00000000,1665446629216,True,True
39463053,16.00000000,25.00000000,400.00000000,1665446629216,True,True
39463054,16.00000000,0.65000000,10.40000000,1665446629216,True,True
39463055,16.00000000,5.00000000,80.00000000,1665446629216,True,True
39463056,16.00000000,1.25000000,20.00000000,1665446629216,True,True
39463057,16.00000000,0.63000000,10.08000000,1665446629216,True,True
39463058,16.00000000,5.00000000,80.00000000,1665446629216,True,True
39463059,16.00000000,0.68000000,10.88000000,1665446629216,True,True
39463060,16.00000000,3.50000000,56.00000000,1665446629216,True,True
39463061,16.00000000,1.00000000,16.00000000,1665446629216,True,True
39463062,16.00000000,3.00000000,48.00000000,1665446629216,True,True
39463063,16.00000000,3.12000000,49.92000000,1665446629216,True,True
39463064,16.00000000,0.64000000,10.24000000,1665446629216,True,True
39463065,16.00000000,1.25000000,20.00000000,1665446629216,True,True
39463066,16.00000000,1.00000000,16.00000000,1665446629216,True,True
39463067,16.00000000,2.00000000,32.00000000,1665446629216,True,True
39463068,16.00000000,1.88000000,30.08000000,1665446629216,True,True
39463069,16.00000000,12.50000000,200.00000000,1665446629216,True,True
39463070,16.00000000,2.00000000,32.00000000,1665446629216,True,True
39463071,16.00000000,1.00000000,16.00000000,1665446629216,True,True
39463072,16.00000000,3.12000000,49.92000000,1665446629216,True,True
39463073,16.00000000,4.14000000,66.24000000,1665446629216,True,True
39463074,16.00000000,0.68000000,10.88000000,1665446629216,True,True
39463075,16.00000000,0.32000000,5.12000000,1665446629216,True,True
39463076,16.00000000,3.19000000,51.04000000,1665446629216,True,True
39463077,16.00000000,10.00000000,160.00000000,1665446629216,True,True
39463078,16.00000000,1.00000000,16.00000000,1665446629216,True,True
39463079,16.00000000,6.25000000,100.00000000,1665446629216,True,True
39463080,16.00000000,50.00000000,800.00000000,1665446629216,True,True
39463081,16.00000000,6.25000000,100.00000000,1665446629216,True,True
39463082,16.00000000,3.00000000,48.00000000,1665446629216,True,True
39463083,16.00000000,1.00000000,16.00000000,1665446629216,True,True
39463084,16.00000000,1.00000000,16.00000000,1665446629216,True,True
39463085,16.00000000,1.00000000,16.00000000,1665446629216,True,True
39463086,16.00000000,1.25000000,20.00000000,1665446629216,True,True
39463087,16.00000000,1.04000000,16.64000000,1665446629216,True,True
39463088,16.00000000,1.83000000,29.28000000,1665446629216,True,True
39463089,16.00000000,1.17000000,18.72000000,1665446629216,True,True
39463090,16.00000000,62.50000000,1000.00000000,1665446629216,True,True
39463091,16.00000000,7.62000000,121.92000000,1665446629216,True,True
39463092,16.00000000,1.00000000,16.00000000,1665446629216,True,True
39463093,16.00000000,1.00000000,16.00000000,1665446629216,True,True
39463094,16.00000000,1.00000000,16.00000000,1665446629216,True,True
39463095,16.00000000,0.63000000,10.08000000,1665446629216,True,True
39463096,16.00000000,47.24000000,755.84000000,1665446629216,True,True
39463097,16.00000000,3.12000000,49.92000000,1665446629216,True,True
39463098,16.00000000,4.12000000,65.92000000,1665446629216,True,True
39463099,16.00000000,10.00000000,160.00000000,1665446629216,True,True
39463100,16.00000000,17.59000000,281.44000000,1665446629216,True,True
39463101,16.00000000,1.00000000,16.00000000,1665446629216,True,True
39463102,16.00000000,3.00000000,48.00000000,1665446629216,True,True
39463103,16.00000000,1.25000000,20.00000000,1665446629216,True,True
39463104,16.00000000,4.00000000,64.00000000,1665446629216,True,True
39463105,16.00000000,1.85000000,29.60000000,1665446629216,True,True
39463106,16.00000000,1.12000000,17.92000000,1665446629216,True,True
39463107,16.00000000,1.75000000,28.00000000,1665446629216,True,True
39463108,16.00000000,15.00000000,240.00000000,1665446629216,True,True
39463109,16.00000000,2.00000000,32.00000000,1665446629216,True,True
39463110,16.00000000,20.14000000,322.24000000,1665446629216,True,True
39463111,16.00000000,2.00000000,32.00000000,1665446629216,True,True
39463112,16.00000000,3.12000000,49.92000000,1665446629216,True,True
39463113,16.00000000,43.75000000,700.00000000,1665446629216,True,True
39463114,16.00000000,2.00000000,32.00000000,1665446629216,True,True
39463115,16.00000000,11.00000000,176.00000000,1665446629216,True,True
39463116,16.00000000,3.12000000,49.92000000,1665446629216,True,True
39463117,16.00000000,1.54000000,24.64000000,1665446629216,True,True
39463118,16.00000000,0.75000000,12.00000000,1665446629216,True,True
39463119,16.00000000,3.12000000,49.92000000,1665446629216,True,True
39463120,16.00000000,4.00000000,64.00000000,1665446629216,True,True
39463121,16.00000000,0.90000000,14.40000000,1665446629216,True,True
39463122,16.00000000,15.62000000,249.92000000,1665446629216,True,True
39463123,16.00000000,2.00000000,32.00000000,1665446629216,True,True
39463124,16.00000000,6.25000000,100.00000000,1665446629216,True,True
39463125,16.00000000,132.21000000,2115.36000000,1665446629216,True,True
39463126,16.00000000,60.28000000,964.48000000,1665446629216,True,True
39463127,16.00000000,3.12000000,49.92000000,1665446629216,True,True
39463128,16.00000000,2.00000000,32.00000000,1665446629216,True,True
39463129,16.00000000,15.62000000,249.92000000,1665446629216,True,True
39463130,16.00000000,1.00000000,16.00000000,1665446629216,True,True
39463131,16.00000000,1.00000000,16.00000000,1665446629216,True,True
39463132,16.00000000,12.50000000,200.00000000,1665446629216,True,True
39463133,16.00000000,0.63000000,10.08000000,1665446629216,True,True
39463134,16.00000000,0.82000000,13.12000000,1665446629216,True,True
39463135,16.00000000,2.50000000,40.00000000,1665446629216,True,True
39463136,16.00000000,3.50000000,56.00000000,1665446629216,True,True
39463137,16.00000000,1.00000000,16.00000000,1665446629216,True,True
39463138,16.00000000,0.63000000,10.08000000,1665446629216,True,True
39463139,16.00000000,1.69000000,27.04000000,1665446629216,True,True
39463140,16.00000000,2.00000000,32.00000000,1665446629216,True,True
39463141,16.00000000,0.75000000,12.00000000,1665446629216,True,True
39463142,16.00000000,0.68000000,10.88000000,1665446629216,True,True
39463143,16.00000000,5.60000000,89.60000000,1665446629216,True,True
39463144,16.00000000,0.65000000,10.40000000,1665446629216,True,True
39463145,16.00000000,0.63000000,10.08000000,1665446629216,True,True
39463146,16.00000000,100.00000000,1600.00000000,1665446629216,True,True
39463147,16.00000000,2.00000000,32.00000000,1665446629216,True,True
39463148,16.00000000,0.70000000,11.20000000,1665446629216,True,True
39463149,16.00000000,2.99000000,47.84000000,1665446629216,True,True
39463150,16.00000000,48.68000000,778.88000000,1665446629216,True,True
39463151,16.00000000,72.59000000,1161.44000000,1665446629216,True,True
39463152,16.00000000,2.93000000,46.88000000,1665446629216,True,True
39463153,16.00000000,55.77000000,892.32000000,1665446629216,True,True
39463154,16.00000000,4.57000000,73.12000000,1665446629216,True,True
39463155,16.00000000,0.43000000,6.88000000,1665446629216,True,True
39463156,16.00000000,2.70000000,43.20000000,1665446629216,True,True
39463157,16.00000000,0.65000000,10.40000000,1665446629216,True,True
39463158,16.00000000,0.70000000,11.20000000,1665446629216,True,True
39463159,16.00000000,1.00000000,16.00000000,1665446629216,True,True
39463160,16.00000000,1.25000000,20.00000000,1665446629216,True,True
39463161,16.00000000,0.63000000,10.08000000,1665446629216,True,True
39463162,16.00000000,110.34000000,1765.44000000,1665446629216,True,True
39463163,16.00000000,14.66000000,234.56000000,1665446629216,True,True
39463164,16.00000000,6.50000000,104.00000000,1665446629216,True,True
39463165,16.00000000,0.71000000,11.36000000,1665446629216,True,True
39463166,16.00000000,5.37000000,85.92000000,1665446629216,True,True
39463167,16.00000000,1.00000000,16.00000000,1665446629216,True,True
39463168,16.00000000,1.73000000,27.68000000,1665446629216,True,True
39463169,16.00000000,0.27000000,4.32000000,1665446629216,True,True
39463170,16.00000000,1.87000000,29.92000000,1665446629216,True,True
39463171,16.00000000,1.00000000,16.00000000,1665446629216,True,True
39463172,16.00000000,1.95000000,31.20000000,1665446629216,True,True
39463173,16.00000000,8.05000000,128.80000000,1665446629216,True,True
39463174,16.00000000,1.56000000,24.96000000,1665446629216,True,True
39463175,16.00000000,14.28000000,228.48000000,1665446629216,True,True
39463176,16.00000000,1.42000000,22.72000000,1665446629216,True,True
39463177,16.00000000,0.98000000,15.68000000,1665446629216,True,True
39463178,16.00000000,1.02000000,16.32000000,1665446629216,True,True
39463179,16.00000000,8.84000000,141.44000000,1665446629216,True,True
39463180,16.00000000,57.28000000,916.48000000,1665446629216,True,True
39463181,16.00000000,5.63000000,90.08000000,1665446629216,True,True
39463182,16.00000000,0.68000000,10.88000000,1665446629216,True,True
39463183,16.00000000,159.90000000,2558.40000000,1665446629216,True,True
39463184,16.00000000,10.00000000,160.00000000,1665446629216,True,True
39463185,16.00000000,105.43000000,1686.88000000,1665446629216,True,True
39463186,16.00000000,3.00000000,48.00000000,1665446629216,True,True
39463187,16.00000000,0.68000000,10.88000000,1665446629216,True,True
39463188,16.00000000,1.68000000,26.88000000,1665446629216,True,True
39463189,16.00000000,1.00000000,16.00000000,1665446629216,True,True
39463190,16.00000000,1.28000000,20.48000000,1665446629216,True,True
39463191,16.00000000,6.25000000,100.00000000,1665446629216,True,True
39463192,16.00000000,2.00000000,32.00000000,1665446629216,True,True
39463193,16.00000000,1.10000000,17.60000000,1665446629216,True,True
39463194,16.00000000,100.00000000,1600.00000000,1665446629216,True,True
39463195,16.00000000,0.67000000,10.72000000,1665446629216,True,True
39463196,16.00000000,0.63000000,10.08000000,1665446629216,True,True
39463197,16.00000000,62.50000000,1000.00000000,1665446629216,True,True
39463198,16.00000000,1.21000000,19.36000000,1665446629216,True,True
39463199,16.00000000,11.91000000,190.56000000,1665446629216,True,True
39463200,16.00000000,54.02000000,864.32000000,1665446629216,True,True
39463201,16.00000000,0.63000000,10.08000000,1665446629216,True,True
39463202,16.00000000,9.37000000,149.92000000,1665446629216,True,True
39463203,16.00000000,8.00000000,128.00000000,1665446629216,True,True
39463204,16.00000000,19.46000000,311.36000000,1665446629216,True,True
39463205,16.00000000,1.00000000,16.00000000,1665446629216,True,True
39463206,16.00000000,3.75000000,60.00000000,1665446629216,True,True
39463207,16.00000000,1.00000000,16.00000000,1665446629216,True,True
39463208,16.00000000,15.62000000,249.92000000,1665446629216,True,True
39463209,16.00000000,3.44000000,55.04000000,1665446629216,True,True
39463210,16.00000000,12.50000000,200.00000000,1665446629216,True,True
39463211,16.00000000,2.50000000,40.00000000,1665446629216,True,True
39463212,16.00000000,0.77000000,12.32000000,1665446629216,True,True
39463213,16.00000000,3.80000000,60.80000000,1665446629216,True,True
39463214,16.00000000,4.37000000,69.92000000,1665446629216,True,True
39463215,16.00000000,5.00000000,80.00000000,1665446629216,True,True
39463216,16.00000000,4.63000000,74.08000000,1665446629216,True,True
39463217,16.00000000,6.25000000,100.00000000,1665446629216,True,True
39463218,16.00000000,5.00000000,80.00000000,1665446629216,True,True
39463219,16.00000000,1.27000000,20.32000000,1665446629216,True,True
39463220,16.00000000,1.25000000,20.00000000,1665446629216,True,True
39463221,16.00000000,62.50000000,1000.00000000,1665446629216,True,True
39463222,16.00000000,1.48000000,23.68000000,1665446629216,True,True
39463223,16.00000000,3.00000000,48.00000000,1665446629216,True,True
39463224,16.00000000,1.00000000,16.00000000,1665446629216,True,True
39463225,16.00000000,0.93000000,14.88000000,1665446629216,True,True
39463226,16.00000000,1.00000000,16.00000000,1665446629216,True,True
39463227,16.00000000,1.00000000,16.00000000,1665446629216,True,True
39463228,16.00000000,31.54000000,504.64000000,1665446629216,True,True
39463229,16.00000000,3.12000000,49.92000000,1665446629216,True,True
39463230,16.00000000,1.80000000,28.80000000,1665446629216,True,True
39463231,16.00000000,4.23000000,67.68000000,1665446629216,True,True
39463232,16.00000000,1.00000000,16.00000000,1665446629216,True,True
39463233,16.00000000,0.75000000,12.00000000,1665446629216,True,True
39463234,16.00000000,1.00000000,16.00000000,1665446629216,True,True
39463235,16.00000000,0.63000000,10.08000000,1665446629216,True,True
39463236,16.00000000,258.39000000,4134.24000000,1665446629216,True,True
39463237,16.00000000,31.54000000,504.64000000,1665446629216,True,True
39463238,16.00000000,119.23000000,1907.68000000,1665446629216,True,True
39463239,16.00000000,48.24000000,771.84000000,1665446629216,True,True
39463240,16.00000000,89.35000000,1429.60000000,1665446629218,True,True
39463241,16.00000000,34.68000000,554.88000000,1665446629228,True,True
39463242,16.00000000,51.90000000,830.40000000,1665446629228,True,True
39463243,16.00000000,244.10000000,3905.60000000,1665446629231,True,True
39463244,16.00000000,5.45000000,87.20000000,1665446629233,True,True
39463245,16.00000000,17.02000000,272.32000000,1665446629234,True,True
39463246,16.00000000,18.81000000,300.96000000,1665446629237,True,True
39463247,16.00000000,70.03000000,1120.48000000,1665446629237,True,True
39463248,16.00000000,655.89000000,10494.24000000,1665446629237,True,True
39463249,16.00000000,13.41000000,214.56000000,1665446629240,True,True
39463250,16.00000000,12.83000000,205.28000000,1665446629242,True,True
39463251,16.00000000,161.46000000,2583.36000000,1665446629243,True,True
39463252,16.00000000,3.16000000,50.56000000,1665446629243,True,True
39463253,16.00000000,0.99000000,15.84000000,1665446629243,True,True
39463254,16.00000000,1.00000000,16.00000000,1665446629243,True,True
39463255,16.00000000,1.25000000,20.00000000,1665446629243,True,True
39463256,16.00000000,1.00000000,16.00000000,1665446629243,True,True
39463257,16.00000000,1.00000000,16.00000000,1665446629243,True,True
39463258,16.00000000,12.50000000,200.00000000,1665446629243,True,True
39463259,16.00000000,88.87000000,1421.92000000,1665446629243,True,True
39463260,16.00000000,6.25000000,100.00000000,1665446629243,True,True
39463261,16.00000000,0.63000000,10.08000000,1665446629243,True,True
39463262,16.00000000,1.22000000,19.52000000,1665446629243,True,True
39463263,16.00000000,6.25000000,100.00000000,1665446629243,True,True
39463264,16.00000000,6.25000000,100.00000000,1665446629243,True,True
39463265,16.00000000,15.62000000,249.92000000,1665446629243,True,True
39463266,16.00000000,46.87000000,749.92000000,1665446629243,True,True
39463267,16.00000000,3.70000000,59.20000000,1665446629243,True,True
39463268,16.00000000,20.00000000,320.00000000,1665446629243,True,True
39463269,16.00000000,2.00000000,32.00000000,1665446629243,True,True
39463270,16.00000000,6.25000000,100.00000000,1665446629243,True,True
39463271,16.00000000,79.31000000,1268.96000000,1665446629243,True,True
39463272,16.00000000,0.68000000,10.88000000,1665446629243,True,True
39463273,16.00000000,3.14000000,50.24000000,1665446629243,True,True
39463274,16.00000000,1.56000000,24.96000000,1665446629243,True,True
39463275,16.00000000,1.07000000,17.12000000,1665446629243,True,True
39463276,16.00000000,16.79000000,268.64000000,1665446629243,True,True
39463277,16.00000000,183.21000000,2931.36000000,1665446629243,True,True
39463278,16.00000000,100.00000000,1600.00000000,1665446629243,True,True
39463279,16.00000000,6.25000000,100.00000000,1665446629243,True,True
39463280,16.00000000,2.00000000,32.00000000,1665446629243,True,True
39463281,16.00000000,0.63000000,10.08000000,1665446629243,True,True
39463282,16.00000000,10.73000000,171.68000000,1665446629243,True,True
39463283,16.00000000,20.01000000,320.16000000,1665446629243,True,True
39463284,16.00000000,12.44000000,199.04000000,1665446629243,True,True
39463285,16.00000000,4.20000000,67.20000000,1665446629243,True,True
39463286,16.00000000,2.18000000,34.88000000,1665446629243,True,True
39463287,16.00000000,204.24000000,3267.84000000,1665446629243,True,True
39463288,16.00000000,80.50000000,1288.00000000,1665446629244,True,True
39463289,16.00000000,27.45000000,439.20000000,1665446629244,True,True
39463290,16.00000000,11.70000000,187.20000000,1665446629244,True,True
39463291,16.00000000,2.50000000,40.00000000,1665446629244,True,True
39463292,16.00000000,10.00000000,160.00000000,1665446629244,True,True
39463293,16.00000000,8.74000000,139.84000000,1665446629244,True,True
39463294,16.00000000,0.89000000,14.24000000,1665446629244,True,True
39463295,16.00000000,5.62000000,89.92000000,1665446629244,True,True
39463296,16.00000000,20.65000000,330.40000000,1665446629244,True,True
39463297,16.00000000,1.25000000,20.00000000,1665446629244,True,True
39463298,16.00000000,2.00000000,32.00000000,1665446629244,True,True
39463299,15.99000000,0.66000000,10.55340000,1665446629245,True,True
39463300,15.99000000,5.60000000,89.54400000,1665446629245,True,True
39463301,15.99000000,0.24000000,3.83760000,1665446629245,True,True
39463302,15.99000000,1.11000000,17.74890000,1665446629255,True,True
39463303,15.99000000,4.34000000,69.39660000,1665446629255,True,True
39463304,15.99000000,6.66000000,106.49340000,1665446629271,True,True
39463305,15.99000000,5.00000000,79.95000000,1665446629271,True,True
39463306,15.99000000,1.11000000,17.74890000,1665446629271,True,True
39463307,15.99000000,2.53000000,40.45470000,1665446629271,True,True
39463308,15.99000000,1.04000000,16.62960000,1665446629271,True,True
39463309,15.99000000,1.90000000,30.38100000,1665446629271,True,True
39463310,15.99000000,0.67000000,10.71330000,1665446629271,True,True
39463311,15.99000000,5.92000000,94.66080000,1665446629271,True,True
39463312,15.99000000,4.81000000,76.91190000,1665446629275,True,True
39463313,15.98000000,0.69000000,11.02620000,1665446629275,True,True
39463314,15.98000000,1.49000000,23.81020000,1665446629275,True,True
39463315,15.98000000,0.69000000,11.02620000,1665446629275,True,True
39463316,15.98000000,6.25000000,99.87500000,1665446629275,True,True
39463317,15.98000000,0.70000000,11.18600000,1665446629275,True,True
39463318,15.98000000,1.11000000,17.73780000,1665446629275,True,True
39463319,15.98000000,1.87000000,29.88260000,1665446629275,True,True
39463320,15.98000000,0.53000000,8.46940000,1665446629275,True,True
39463321,15.98000000,0.14000000,2.23720000,1665446629275,True,True
39463322,15.98000000,1.50000000,23.97000000,1665446629275,True,True
39463323,15.98000000,5.07000000,81.01860000,1665446629275,True,True
39463324,15.98000000,6.21000000,99.23580000,1665446629275,True,True
39463325,15.98000000,10.00000000,159.80000000,1665446629275,True,True
39463326,15.98000000,55.06000000,879.85880000,1665446629275,True,True
39463327,15.98000000,12.00000000,191.76000000,1665446629275,True,True
39463328,15.98000000,4.13000000,65.99740000,1665446629275,True,True
39463329,15.98000000,9.11000000,145.57780000,1665446629275,True,True
39463330,15.98000000,0.02000000,0.31960000,1665446629275,True,True
39463331,15.98000000,17.98000000,287.32040000,1665446629298,False,True
39463332,15.98000000,2.70000000,43.14600000,1665446629315,False,True
39463333,15.99000000,66.83000000,1068.61170000,1665446629315,False,True
39463334,16.00000000,55.39000000,886.24000000,1665446629315,False,True
39463335,15.98000000,9.00000000,143.82000000,1665446629362,True,True
39463336,15.98000000,28.80000000,460.22400000,1665446629367,True,True
39463337,15.98000000,39.28000000,627.69440000,1665446629367,True,True
39463338,15.98000000,39.28000000,627.69440000,1665446629367,True,True
39463339,15.99000000,17.55000000,280.62450000,1665446629380,False,True
39463340,16.00000000,2.84000000,45.44000000,1665446629380,False,True
39463341,15.98000000,4.09000000,65.35820000,1665446629468,True,True
39463342,15.98000000,21.26000000,339.73480000,1665446629592,False,True
39463343,15.98000000,28.74000000,459.26520000,1665446629600,False,True
39463344,15.97000000,8.50000000,135.74500000,1665446629769,True,True
39463345,15.97000000,9.39000000,149.95830000,1665446629769,True,True
39463346,15.97000000,2.91000000,46.47270000,1665446629769,True,True
39463347,15.97000000,4.30000000,68.67100000,1665446629769,True,True
39463348,15.97000000,2.88000000,45.99360000,1665446629769,True,True
39463349,15.97000000,1.07000000,17.08790000,1665446629769,True,True
39463350,15.97000000,1.19000000,19.00430000,1665446629769,True,True
39463351,15.97000000,1.94000000,30.98180000,1665446629769,True,True
39463352,15.97000000,0.77000000,12.29690000,1665446629769,True,True
39463353,15.97000000,1.11000000,17.72670000,1665446629769,True,True
39463354,15.97000000,0.93000000,14.85210000,1665446629769,True,True
39463355,15.97000000,1.51000000,24.11470000,1665446629769,True,True
39463356,15.97000000,60.65000000,968.58050000,1665446629769,True,True
39463357,15.97000000,0.72000000,11.49840000,1665446629786,True,True
39463358,15.98000000,14.32000000,228.83360000,1665446629812,False,True
39463359,15.98000000,21.32000000,340.69360000,1665446629812,False,True
39463360,15.98000000,23.43000000,374.41140000,1665446629830,False,True
39463361,15.97000000,10.73000000,171.35810000,1665446630198,True,True
39463362,15.97000000,3.30000000,52.70100000,1665446630198,True,True
39463363,15.96000000,1.32000000,21.06720000,1665446630198,True,True
39463364,15.96000000,1.00000000,15.96000000,1665446630198,True,True
39463365,15.96000000,1.11000000,17.71560000,1665446630198,True,True
39463366,15.96000000,1.00000000,15.96000000,1665446630198,True,True
39463367,15.96000000,1.27000000,20.26920000,1665446630198,True,True
39463368,15.96000000,2.07000000,33.03720000,1665446630198,True,True
39463369,15.96000000,6.14000000,97.99440000,1665446630198,True,True
39463370,15.96000000,1.00000000,15.96000000,1665446630198,True,True
39463371,15.96000000,23.56000000,376.01760000,1665446630198,True,True
39463372,15.96000000,102.00000000,1627.92000000,1665446630198,True,True
39463373,15.96000000,45.50000000,726.18000000,1665446630198,True,True
39463374,15.97000000,17.68000000,282.34960000,1665446630307,False,True
39463375,15.97000000,21.61000000,345.11170000,1665446630343,True,True
39463376,15.97000000,12.52000000,199.94440000,1665446630459,True,True
39463377,15.97000000,21.49000000,343.19530000,1665446630492,False,True
39463378,15.96000000,2.70000000,43.09200000,1665446631572,True,True
39463379,15.96000000,2.70000000,43.09200000,1665446631573,True,True
39463380,15.96000000,1.46000000,23.30160000,1665446631573,True,True
39463381,15.96000000,2.70000000,43.09200000,1665446631573,True,True
39463382,15.96000000,16.85000000,268.92600000,1665446631617,False,True
39463383,15.95000000,1.71000000,27.27450000,1665446631794,True,True
39463384,15.95000000,11.43000000,182.30850000,1665446631794,True,True
39463385,15.95000000,62.69000000,999.90550000,1665446631794,True,True
39463386,15.95000000,1.52000000,24.24400000,1665446631794,True,True
39463387,15.95000000,3.48000000,55.50600000,1665446631794,True,True
39463388,15.95000000,1.81000000,28.86950000,1665446631794,True,True
39463389,15.95000000,15.00000000,239.25000000,1665446631794,True,True
39463390,15.95000000,6.26000000,99.84700000,1665446631794,True,True
39463391,15.95000000,0.63000000,10.04850000,1665446631794,True,True
39463392,15.95000000,1.11000000,17.70450000,1665446631794,True,True
39463393,15.95000000,0.70000000,11.16500000,1665446631794,True,True
39463394,15.95000000,12.54000000,200.01300000,1665446631794,True,True
39463395,15.95000000,7.50000000,119.62500000,1665446631794,True,True
39463396,15.95000000,1.26000000,20.09700000,1665446631794,True,True
39463397,15.95000000,1.26000000,20.09700000,1665446631794,True,True
39463398,15.95000000,0.94000000,14.99300000,1665446631794,True,True
39463399,15.95000000,1.46000000,23.28700000,1665446631794,True,True
39463400,15.95000000,0.95000000,15.15250000,1665446631794,True,True
39463401,15.95000000,52.84000000,842.79800000,1665446631794,True,True
39463402,15.95000000,32.22000000,513.90900000,1665446632369,True,True
39463403,15.95000000,2.40000000,38.28000000,1665446632855,False,True
39463404,15.95000000,14.38000000,229.36100000,1665446632960,False,True
39463405,15.94000000,10.00000000,159.40000000,1665446633142,True,True
39463406,15.94000000,1.74000000,27.73560000,1665446633142,True,True
39463407,15.94000000,0.78000000,12.43320000,1665446633142,True,True
39463408,15.94000000,4.07000000,64.87580000,1665446633142,True,True
39463409,15.94000000,5.65000000,90.06100000,1665446633142,True,True
39463410,15.94000000,1.11000000,17.69340000,1665446633142,True,True
39463411,15.94000000,0.67000000,10.67980000,1665446633142,True,True
39463412,15.94000000,2.29000000,36.50260000,1665446633142,True,True
39463413,15.94000000,10.73000000,171.03620000,1665446633142,True,True
39463414,15.94000000,39.29000000,626.28260000,1665446633142,True,True
39463415,15.94000000,60.58000000,965.64520000,1665446633161,True,True
39463416,15.94000000,14.57000000,232.24580000,1665446633343,False,True
39463417,15.94000000,2.70000000,43.03800000,1665446633343,False,True
39463418,15.94000000,60.58000000,965.64520000,1665446633347,False,True
39463419,15.94000000,14.57000000,232.24580000,1665446633683,False,True
39463420,15.94000000,18.72000000,298.39680000,1665446633683,False,True
39463421,15.94000000,55.09000000,878.13460000,1665446633908,False,True
39463422,15.94000000,66.88000000,1066.06720000,1665446633908,False,True
39463423,15.94000000,15.13000000,241.17220000,1665446633908,False,True
39463424,15.94000000,95.12000000,1516.21280000,1665446633908,False,True
39463425,15.94000000,53.65000000,855.18100000,1665446633955,True,True
39463426,15.94000000,66.86000000,1065.74840000,1665446633955,True,True
39463427,15.94000000,44.52000000,709.64880000,1665446634069,True,True
39463428,15.94000000,38.30000000,610.50200000,1665446634069,True,True
39463429,15.94000000,22.28000000,355.14320000,1665446634069,True,True
39463430,15.93000000,0.96000000,15.29280000,1665446634909,True,True
39463431,15.93000000,9.41000000,149.90130000,1665446634909,True,True
39463432,15.93000000,1.56000000,24.85080000,1665446634909,True,True
39463433,15.93000000,3.00000000,47.79000000,1665446634909,True,True
39463434,15.93000000,1.26000000,20.07180000,1665446634909,True,True
39463435,15.93000000,4.18000000,66.58740000,1665446634909,True,True
39463436,15.93000000,1.77000000,28.19610000,1665446634909,True,True
39463437,15.93000000,1.65000000,26.28450000,1665446634909,True,True
39463438,15.93000000,2.26000000,36.00180000,1665446634909,True,True
39463439,15.93000000,0.69000000,10.99170000,1665446634909,True,True
39463440,15.93000000,1.00000000,15.93000000,1665446634909,True,True
39463441,15.93000000,1.11000000,17.68230000,1665446634909,True,True
39463442,15.93000000,1.01000000,16.08930000,1665446634909,True,True
39463443,15.93000000,0.75000000,11.94750000,1665446634909,True,True
39463444,15.93000000,0.95000000,15.13350000,1665446634909,True,True
39463445,15.93000000,0.70000000,11.15100000,1665446634909,True,True
39463446,15.93000000,4.41000000,70.25130000,1665446634909,True,True
39463447,15.93000000,4.08000000,64.99440000,1665446634909,True,True
39463448,15.93000000,60.58000000,965.03940000,1665446634909,True,True
39463449,15.94000000,60.00000000,956.40000000,1665446634946,False,True
39463450,15.93000000,34.18000000,544.48740000,1665446634964,True,True
39463451,15.93000000,34.33000000,546.87690000,1665446635047,True,True
39463452,15.93000000,2.70000000,43.01100000,1665446635211,True,True
39463453,15.93000000,25.43000000,405.09990000,1665446635244,False,True
39463454,15.93000000,34.70000000,552.77100000,1665446635417,False,True
39463455,15.93000000,170.63000000,2718.13590000,1665446635444,False,True
39463456,15.93000000,66.80000000,1064.12400000,1665446635444,False,True
39463457,15.93000000,85.12000000,1355.96160000,1665446635444,False,True
39463458,15.92000000,0.72000000,11.46240000,1665446635503,True,True
39463459,15.92000000,0.69000000,10.98480000,1665446635503,True,True
39463460,15.92000000,6.28000000,99.97760000,1665446635503,True,True
39463461,15.92000000,2.85000000,45.37200000,1665446635503,True,True
39463462,15.92000000,2.74000000,43.62080000,1665446635503,True,True
39463463,15.92000000,1.37000000,21.81040000,1665446635503,True,True
39463464,15.92000000,1.11000000,17.67120000,1665446635503,True,True
39463465,15.92000000,1.21000000,19.26320000,1665446635503,True,True
39463466,15.92000000,1.27000000,20.21840000,1665446635503,True,True
39463467,15.92000000,1.50000000,23.88000000,1665446635503,True,True
39463468,15.92000000,0.64000000,10.18880000,1665446635503,True,True
39463469,15.92000000,31.75000000,505.46000000,1665446635503,True,True
39463470,15.92000000,17.41000000,277.16720000,1665446635503,True,True
39463471,15.93000000,60.00000000,955.80000000,1665446636174,False,True
39463472,15.92000000,16.42000000,261.40640000,1665446636611,True,True
39463473,15.92000000,14.32000000,227.97440000,1665446636611,True,True
