1395972,28.76690000,0.73000000,20.99983700,1617235216205,False,True
1395973,28.76740000,3.28000000,94.35707200,1617235216382,False,True
1395974,28.76780000,0.45000000,12.94551000,1617235254240,False,True
1395975,28.73750000,0.61000000,17.52987500,1617235263849,True,True
1395976,28.78240000,0.70000000,20.14768000,1617235268147,False,True
1395977,28.78240000,0.06000000,1.72694400,1617235268313,False,True
1395978,28.78300000,0.48000000,13.81584000,1617235268313,False,True
1395979,28.78300000,0.48000000,13.81584000,1617235268313,False,True
1395980,28.78300000,0.36000000,10.36188000,1617235268313,False,True
1395981,28.78300000,0.12000000,3.45396000,1617235268635,False,True
1395982,28.78300000,0.48000000,13.81584000,1617235268635,False,True
1395983,28.78300000,0.48000000,13.81584000,1617235268635,False,True
1395984,28.78300000,0.48000000,13.81584000,1617235268635,False,True
1395985,28.78300000,0.48000000,13.81584000,1617235268635,False,True
1395986,28.78300000,0.48000000,13.81584000,1617235268635,False,True
1395987,28.78300000,0.33000000,9.49839000,1617235268635,False,True
1395988,28.78310000,14.00000000,402.96340000,1617235268635,False,True
1395989,28.78310000,33.60000000,967.11216000,1617235268679,False,True
1395990,28.78310000,16.70000000,480.67777000,1617235269089,False,True
1395991,28.78370000,0.80000000,23.02696000,1617235270207,False,True
1395992,28.78820000,0.73000000,21.01538600,1617235293543,False,True
1395993,28.79740000,6.19000000,178.25590600,1617235293581,False,True
1395994,28.80680000,0.40000000,11.52272000,1617235310100,False,True
1395995,28.81370000,0.59000000,17.00008300,1617235310141,False,True
1395996,28.81830000,1.20000000,34.58196000,1617235316784,False,True
1395997,28.81830000,0.01000000,0.28818300,1617235337045,False,True
1395998,28.82090000,0.77000000,22.19209300,1617235337087,False,True
1395999,28.82310000,1.06000000,30.55248600,1617235337159,False,True
1396000,28.83460000,2.03000000,58.53423800,1617235338087,False,True
1396001,28.83570000,0.58000000,16.72470600,1617235338187,False,True
1396002,28.84190000,0.87000000,25.09245300,1617235339141,False,True
1396003,28.85110000,0.69000000,19.90725900,1617235341056,False,True
1396004,28.85440000,1.45000000,41.83888000,1617235341168,False,True
1396005,28.86000000,12.09000000,348.91740000,1617235344920,False,True
1396006,28.86000000,59.07000000,1704.76020000,1617235347000,False,True
1396007,28.88110000,0.80000000,23.10488000,1617235371093,False,True
1396008,28.80000000,0.70000000,20.16000000,1617235382701,True,True
1396009,28.78460000,0.40000000,11.51384000,1617235385392,True,True
1396010,28.83860000,18.40000000,530.63024000,1617235415947,False,True
1396011,28.84440000,22.68000000,654.19099200,1617235428641,True,True
1396012,28.84430000,15.35000000,442.76000500,1617235428641,True,True
1396013,28.88110000,0.04000000,1.15524400,1617235431518,False,True
1396014,28.88120000,0.61000000,17.61753200,1617235432961,False,True
1396015,28.81460000,0.45000000,12.96657000,1617235460041,True,True
1396016,28.81630000,11.80000000,340.03234000,1617235526619,False,True
1396017,28.86330000,0.78000000,22.51337400,1617235580115,False,True
1396018,28.81040000,12.59000000,362.72293600,1617235719215,True,True
1396019,28.81010000,6.29000000,181.21552900,1617235719248,True,True
1396020,28.81000000,7.86000000,226.44660000,1617235719304,True,True
1396021,28.85620000,17.32000000,499.78938400,1617235725447,False,True
1396022,28.80030000,17.34000000,499.39720200,1617235990881,True,True
1396023,28.80000000,2.23000000,64.22400000,1617235990881,True,True
1396024,28.79980000,26.43000000,761.17871400,1617235990881,True,True
1396025,28.85580000,2.60000000,75.02508000,1617236047803,False,True
1396026,28.85580000,3.69000000,106.47790200,1617236047812,False,True
1396027,28.85620000,5.49000000,158.42053800,1617236048834,False,True
1396028,28.85620000,9.17000000,264.61135400,1617236104797,True,True
1396029,28.79360000,9.10000000,262.02176000,1617236104812,True,True
1396030,28.86170000,36.23000000,1045.65939100,1617236121922,True,True
1396031,28.85190000,9.10000000,262.55229000,1617236372587,False,True
1396032,28.86170000,10.00000000,288.61700000,1617236418220,False,True
1396033,28.88120000,0.95000000,27.43714000,1617236420776,False,True
1396034,28.88630000,0.76000000,21.95358800,1617236420819,False,True
1396035,28.89080000,0.72000000,20.80137600,1617236421198,False,True
1396036,28.89080000,2.12000000,61.24849600,1617236421198,False,True
1396037,28.90000000,7.49000000,216.46100000,1617236421828,False,True
1396038,28.90870000,101.09000000,2922.38048300,1617236422225,False,True
1396039,28.90880000,0.70000000,20.23616000,1617236422246,False,True
1396040,28.90940000,2.85000000,82.39179000,1617236422270,False,True
1396041,28.91010000,1.05000000,30.35560500,1617236422295,False,True
1396042,28.91120000,1.80000000,52.04016000,1617236422328,False,True
1396043,28.92120000,57.85000000,1673.09142000,1617236422478,False,True
1396044,28.92360000,0.74000000,21.40346400,1617236422501,False,True
1396045,28.92380000,146.60000000,4240.22908000,1617236422519,False,True
1396046,28.92410000,23.06000000,666.98974600,1617236422533,False,True
1396047,28.92420000,0.39000000,11.28043800,1617236422911,False,True
1396048,28.92850000,30.00000000,867.85500000,1617236422911,False,True
1396049,28.92910000,2.01000000,58.14749100,1617236422911,False,True
1396050,28.92910000,0.02000000,0.57858200,1617236448495,False,True
1396051,28.92910000,110.58000000,3198.97987800,1617236448503,True,True
1396052,28.94030000,3.28000000,94.92418400,1617236475079,False,True
1396053,28.94360000,0.52000000,15.05067200,1617236475091,False,True
1396054,28.94740000,0.59000000,17.07896600,1617236475104,False,True
1396055,28.97450000,0.49000000,14.19750500,1617236475644,False,True
1396056,28.97450000,0.55000000,15.93597500,1617236491678,False,True
1396057,28.97450000,1.31000000,37.95659500,1617236491678,False,True
1396058,28.97450000,1.65000000,47.80792500,1617236493341,True,True
1396059,28.94260000,4.19000000,121.26949400,1617236494681,True,True
1396060,28.94090000,15.31000000,443.08517900,1617236548254,True,True
1396061,28.97670000,0.38000000,11.01114600,1617236549383,False,True
1396062,28.97670000,1.04000000,30.13576800,1617236550032,False,True
1396063,28.98350000,15.30000000,443.44755000,1617236564667,False,True
1396064,28.98350000,0.01000000,0.28983500,1617236564673,False,True
1396065,28.98610000,0.40000000,11.59444000,1617236564684,False,True
1396066,28.99060000,0.76000000,22.03285600,1617236564725,False,True
1396067,28.99390000,0.72000000,20.87560800,1617236564736,False,True
1396068,29.00000000,2.00000000,58.00000000,1617236565125,False,True
1396069,29.00000000,7.55000000,218.95000000,1617236565125,False,True
1396070,29.00000000,10.00000000,290.00000000,1617236565125,False,True
1396071,29.00000000,6.56000000,190.24000000,1617236565125,False,True
1396072,29.00000000,3.24000000,93.96000000,1617236565125,False,True
1396073,29.00000000,6.17000000,178.93000000,1617236565125,False,True
1396074,28.96990000,8.36000000,242.18836400,1617236574546,True,True
1396075,28.96830000,3.52000000,101.96841600,1617236574546,True,True
1396076,28.99990000,8.36000000,242.43916400,1617236678726,False,True
1396077,29.00000000,10.00000000,290.00000000,1617236679724,False,True
1396078,29.00630000,1.20000000,34.80756000,1617236698500,False,True
1396079,29.00660000,6.94000000,201.30580400,1617236698539,False,True
1396080,28.98700000,9.80000000,284.07260000,1617236700547,False,True
1396081,28.98700000,21.20000000,614.52440000,1617236700565,False,True
1396082,29.02390000,24.95000000,724.14630500,1617236713306,False,True
1396083,29.02400000,2.02000000,58.62848000,1617236713318,False,True
1396084,29.02680000,0.69000000,20.02849200,1617236713342,False,True
1396085,29.04020000,0.43000000,12.48728600,1617236713374,False,True
1396086,29.04370000,5.08000000,147.54199600,1617236713402,False,True
1396087,29.04640000,13.31000000,386.60758400,1617236713458,False,True
1396088,29.05400000,0.80000000,23.24320000,1617236713718,False,True
1396089,29.05630000,1.05000000,30.50911500,1617236715437,False,True
1396090,29.05720000,1.13000000,32.83463600,1617236717923,False,True
1396091,29.05720000,0.84000000,24.40804800,1617236717923,False,True
1396092,29.05720000,18.83000000,547.14707600,1617236717923,False,True
1396093,29.05720000,19.00000000,552.08680000,1617236717998,False,True
1396094,29.05720000,0.05000000,1.45286000,1617236719044,False,True
1396095,29.05720000,35.30000000,1025.71916000,1617236719044,False,True
1396096,29.05720000,35.20000000,1022.81344000,1617236719064,False,True
1396097,29.05720000,24.60000000,714.80712000,1617236719942,False,True
1396098,29.05720000,4.80000000,139.47456000,1617236720681,False,True
1396099,29.05720000,7.45000000,216.47614000,1617236720698,False,True
1396100,29.05720000,116.72000000,3391.55638400,1617236720698,False,True
1396101,29.05760000,1.00000000,29.05760000,1617236720885,False,True
1396102,29.04750000,4.00000000,116.19000000,1617236722619,True,True
1396103,29.04750000,4.01000000,116.48047500,1617236722647,True,True
1396104,29.05760000,0.07000000,2.03403200,1617236722688,False,True
1396105,29.04750000,4.01000000,116.48047500,1617236722730,True,True
1396106,29.04750000,17.97000000,521.98357500,1617236722926,True,True
1396107,29.04750000,6.00000000,174.28500000,1617236723340,True,True
1396108,29.06160000,64.10000000,1862.84856000,1617236723716,False,True
1396109,29.06180000,0.60000000,17.43708000,1617236731622,False,True
1396110,29.08750000,0.99000000,28.79662500,1617236740324,False,True
1396111,29.08850000,0.78000000,22.68903000,1617236752406,False,True
1396112,29.09520000,6.88000000,200.17497600,1617236764626,False,True
1396113,29.09520000,19.61000000,570.55687200,1617236775922,False,True
1396114,29.09530000,0.75000000,21.82147500,1617236775984,False,True
1396115,29.04790000,2.02000000,58.67675800,1617236785824,True,True
1396116,29.01530000,5.94000000,172.35088200,1617236828275,True,True
1396117,28.96600000,2.81000000,81.39446000,1617236833571,True,True
1396118,28.97900000,6.28000000,181.98812000,1617236858437,True,True
1396119,28.97900000,6.28000000,181.98812000,1617236858437,True,True
1396120,28.97890000,12.51000000,362.52603900,1617236858463,True,True
1396121,28.97850000,6.29000000,182.27476500,1617236858492,True,True
1396122,28.94280000,6.90000000,199.70532000,1617236858725,False,True
1396123,28.94270000,2.84000000,82.19726800,1617236858794,True,True
1396124,28.94260000,144.69000000,4187.70479400,1617236858813,True,True
1396125,28.94080000,10.10000000,292.30208000,1617236858826,True,True
1396126,28.94080000,0.16000000,4.63052800,1617236858826,True,True
1396127,28.94080000,7.01000000,202.87500800,1617236858827,True,True
1396128,28.93330000,0.75000000,21.69997500,1617236860098,True,True
1396129,28.91470000,0.48000000,13.87905600,1617236864659,True,True
1396130,28.91470000,0.45000000,13.01161500,1617236864659,True,True
1396131,28.94420000,53.38000000,1545.04139600,1617236879566,False,True
1396132,28.94470000,29.50000000,853.86865000,1617236879566,False,True
1396133,28.95330000,29.80000000,862.80834000,1617236879566,False,True
1396134,28.95590000,36.11000000,1045.59754900,1617236879566,False,True
1396135,28.95940000,29.10000000,842.71854000,1617236879566,False,True
1396136,28.96730000,30.20000000,874.81246000,1617236879566,False,True
1396137,28.97900000,17.65000000,511.47935000,1617236879566,False,True
1396138,28.91410000,180.00000000,5204.53800000,1617236879667,True,True
1396139,28.91400000,0.39000000,11.27646000,1617236881198,True,True
1396140,28.90020000,0.48000000,13.87209600,1617236935669,True,True
1396141,28.90020000,0.48000000,13.87209600,1617236935669,True,True
1396142,28.90020000,0.48000000,13.87209600,1617236935669,True,True
1396143,28.90020000,0.48000000,13.87209600,1617236935669,True,True
1396144,28.90020000,0.48000000,13.87209600,1617236935669,True,True
1396145,28.90020000,0.48000000,13.87209600,1617236935669,True,True
1396146,28.90020000,0.48000000,13.87209600,1617236935669,True,True
1396147,28.90020000,0.09000000,2.60101800,1617236935669,True,True
1396148,28.90020000,0.39000000,11.27107800,1617236935670,True,True
1396149,28.90020000,0.30000000,8.67006000,1617236935670,True,True
1396150,28.90000000,69.20000000,1999.88000000,1617236935682,True,True
1396151,28.87200000,2.02000000,58.32144000,1617236936032,True,True
1396152,28.85110000,0.69000000,19.90725900,1617236936396,True,True
1396153,28.83350000,12.07000000,348.02034500,1617236936396,True,True
1396154,28.83340000,10.78000000,310.82405200,1617236936592,True,True
1396155,28.83330000,0.72000000,20.75997600,1617236936607,True,True
1396156,28.82920000,0.76000000,21.91019200,1617236936762,True,True
1396157,28.78920000,17.54000000,504.96256800,1617236941476,True,True
1396158,28.78370000,0.80000000,23.02696000,1617236941753,True,True
1396159,28.77760000,2.00000000,57.55520000,1617236941834,True,True
1396160,28.79040000,17.71000000,509.87798400,1617236942439,False,True
1396161,28.79040000,1.48000000,42.60979200,1617236942451,False,True
1396162,28.79040000,17.46000000,502.68038400,1617236949596,False,True
1396163,28.79500000,17.48000000,503.33660000,1617237000850,True,True
1396164,28.77760000,0.03000000,0.86332800,1617237178719,True,True
1396165,28.76870000,1.05000000,30.20713500,1617237179721,True,True
1396166,28.76740000,3.28000000,94.35707200,1617237184399,True,True
1396167,28.76330000,0.76000000,21.86010800,1617237184492,True,True
1396168,28.76090000,1.20000000,34.51308000,1617237185811,True,True
1396169,28.75790000,0.47000000,13.51621300,1617237186067,True,True
1396170,28.73080000,0.72000000,20.68617600,1617237271513,True,True
1396171,28.73080000,1.22000000,35.05157600,1617237271513,True,True
1396172,28.72570000,73.05000000,2098.41238500,1617237271513,True,True
1396173,28.72570000,7.00000000,201.07990000,1617237440355,True,True
1396174,28.72550000,0.76000000,21.83138000,1617237440382,True,True
1396175,28.71200000,0.52000000,14.93024000,1617237557915,True,True
1396176,28.71200000,66.51000000,1909.63512000,1617237630713,True,True
1396177,28.71200000,0.02000000,0.57424000,1617237630714,True,True
1396178,28.68980000,9.40000000,269.68412000,1617237630743,True,True
1396179,28.68980000,29.44000000,844.62771200,1617237630749,True,True
1396180,28.68970000,6.86000000,196.81134200,1617237630749,True,True
1396181,28.68700000,0.41000000,11.76167000,1617237631074,True,True
1396182,28.68360000,2.03000000,58.22770800,1617237631090,True,True
1396183,28.67650000,0.69000000,19.78678500,1617237631658,True,True
1396184,28.66910000,30.10000000,862.93991000,1617237660327,True,True
1396185,28.66590000,46.05000000,1320.06469500,1617237660327,True,True
1396186,28.66580000,5.47000000,156.80192600,1617237697805,True,True
1396187,28.66570000,0.70000000,20.06599000,1617237697850,True,True
1396188,28.66570000,0.04000000,1.14662800,1617237703935,True,True
1396189,28.65790000,0.48000000,13.75579200,1617237703959,True,True
1396190,28.65790000,0.48000000,13.75579200,1617237703959,True,True
1396191,28.65790000,0.48000000,13.75579200,1617237703959,True,True
1396192,28.65790000,0.48000000,13.75579200,1617237703959,True,True
1396193,28.65790000,0.48000000,13.75579200,1617237703959,True,True
1396194,28.65790000,0.48000000,13.75579200,1617237703959,True,True
1396195,28.65790000,0.48000000,13.75579200,1617237703959,True,True
1396196,28.65790000,0.12000000,3.43894800,1617237703959,True,True
1396197,28.65790000,0.36000000,10.31684400,1617237703959,True,True
1396198,28.65790000,0.34000000,9.74368600,1617237703959,True,True
1396199,28.65780000,0.43000000,12.32285400,1617237707022,True,True
1396200,28.65780000,59.05000000,1692.24309000,1617237708159,True,True
1396201,28.63820000,4.32000000,123.71702400,1617237710635,True,True
1396202,28.63100000,2.34000000,66.99654000,1617237716122,True,True
1396203,28.62900000,1.05000000,30.06045000,1617237716122,True,True
1396204,28.62880000,0.73000000,20.89902400,1617237716122,True,True
1396205,28.62220000,0.21000000,6.01066200,1617237716122,True,True
1396206,28.62220000,0.55000000,15.74221000,1617237716292,True,True
1396207,28.62030000,0.07000000,2.00342100,1617237716292,True,True
1396208,28.62030000,0.41000000,11.73432300,1617237716786,True,True
1396209,28.62030000,0.48000000,13.73774400,1617237716786,True,True
1396210,28.62030000,0.48000000,13.73774400,1617237716786,True,True
1396211,28.62030000,0.48000000,13.73774400,1617237716786,True,True
1396212,28.62030000,0.48000000,13.73774400,1617237716786,True,True
1396213,28.62030000,0.01000000,0.28620300,1617237716786,True,True
1396214,28.62030000,3.74000000,107.03992200,1617237782133,False,True
1396215,28.60000000,1.33000000,38.03800000,1617237874166,True,True
1396216,28.59550000,3.28000000,93.79324000,1617237874233,True,True
1396217,28.62590000,6.28000000,179.77065200,1617237892321,False,True
1396218,28.62940000,15.35000000,439.46129000,1617237942125,False,True
1396219,28.62960000,13.85000000,396.51996000,1617237942140,False,True
1396220,28.59680000,6.35000000,181.58968000,1617238020434,True,True
1396221,28.59680000,0.48000000,13.72646400,1617238020434,True,True
1396222,28.59680000,0.48000000,13.72646400,1617238020434,True,True
1396223,28.59680000,0.48000000,13.72646400,1617238020434,True,True
1396224,28.59680000,0.48000000,13.72646400,1617238020434,True,True
1396225,28.59680000,0.48000000,13.72646400,1617238020434,True,True
1396226,28.59680000,0.48000000,13.72646400,1617238020434,True,True
1396227,28.59680000,0.48000000,13.72646400,1617238020434,True,True
1396228,28.59680000,0.48000000,13.72646400,1617238020434,True,True
1396229,28.59680000,0.35000000,10.00888000,1617238020434,True,True
1396230,28.59670000,28.50000000,815.00595000,1617238020434,True,True
1396231,28.59540000,34.37000000,982.82389800,1617238020434,True,True
1396232,28.58990000,4.31000000,123.22246900,1617238020434,True,True
1396233,28.58980000,2.04000000,58.32319200,1617238020434,True,True
1396234,28.58940000,31.50000000,900.56610000,1617238020434,True,True
1396235,28.57460000,23.06000000,658.93027600,1617238020434,True,True
1396236,28.57450000,1.21000000,34.57514500,1617238020434,True,True
1396237,28.57140000,30.00000000,857.14200000,1617238020434,True,True
1396238,28.56840000,1.80000000,51.42312000,1617238020434,True,True
1396239,28.56000000,36.30000000,1036.72800000,1617238020434,True,True
1396240,28.55380000,31.72000000,905.72653600,1617238020434,True,True
1396241,28.55050000,24.17000000,690.06558500,1617238020434,True,True
1396242,28.53790000,27.00000000,770.52330000,1617238020434,True,True
1396243,28.53780000,1.06000000,30.25006800,1617238020434,True,True
1396244,28.53050000,0.70000000,19.97135000,1617238020434,True,True
1396245,28.52700000,0.73000000,20.82471000,1617238020434,True,True
1396246,28.52420000,0.87000000,24.81605400,1617238020434,True,True
1396247,28.51930000,0.77000000,21.95986100,1617238020434,True,True
1396248,28.51350000,0.80000000,22.81080000,1617238020434,True,True
1396249,28.51230000,1.45000000,41.34283500,1617238020434,True,True
1396250,28.51060000,0.56000000,15.96593600,1617238020434,True,True
1396251,28.50290000,0.69000000,19.66700100,1617238020434,True,True
1396252,28.50010000,146.60000000,4178.11466000,1617238020434,True,True
1396253,28.50000000,0.70000000,19.95000000,1617238020434,True,True
1396254,28.50000000,648.30000000,18476.55000000,1617238020441,False,True
1396255,28.50000000,0.08000000,2.28000000,1617238020442,False,True
1396256,28.58490000,31.39000000,897.28001100,1617238030292,True,True
1396257,28.58410000,109.82000000,3139.10586200,1617238030292,True,True
1396258,28.58070000,6.38000000,182.34486600,1617238030292,True,True
1396259,28.57440000,30.60000000,874.37664000,1617238030292,True,True
1396260,28.56470000,3.34000000,95.40609800,1617238030292,True,True
1396261,28.66440000,0.48000000,13.75891200,1617238074977,False,True
1396262,28.66440000,0.48000000,13.75891200,1617238074977,False,True
1396263,28.66440000,0.48000000,13.75891200,1617238074977,False,True
1396264,28.66440000,0.48000000,13.75891200,1617238074977,False,True
1396265,28.66440000,0.48000000,13.75891200,1617238074977,False,True
1396266,28.66440000,0.48000000,13.75891200,1617238074977,False,True
1396267,28.66440000,0.48000000,13.75891200,1617238074977,False,True
1396268,28.66440000,0.48000000,13.75891200,1617238074977,False,True
1396269,28.66440000,0.35000000,10.03254000,1617238074977,False,True
1396270,28.66450000,21.00000000,601.95450000,1617238074977,False,True
1396271,28.67650000,0.69000000,19.78678500,1617238079337,False,True
1396272,28.67900000,0.77000000,22.08283000,1617238082900,False,True
1396273,28.68420000,0.59000000,16.92367800,1617238083831,False,True
1396274,28.68590000,0.20000000,5.73718000,1617238083831,False,True
1396275,28.68590000,0.53000000,15.20352700,1617238085101,False,True
1396276,28.73900000,0.10000000,2.87390000,1617238096786,False,True
1396277,28.62680000,0.59000000,16.88981200,1617238274928,True,True
1396278,28.68900000,0.59000000,16.92651000,1617238455492,False,True
1396279,28.71070000,0.48000000,13.78113600,1617238599371,False,True
1396280,28.71070000,0.56000000,16.07799200,1617238599371,False,True
1396281,28.71070000,0.64000000,18.37484800,1617238599371,False,True
1396282,28.67880000,0.48000000,13.76582400,1617238705535,False,True
1396283,28.67880000,0.48000000,13.76582400,1617238705535,False,True
1396284,28.67880000,0.48000000,13.76582400,1617238705535,False,True
1396285,28.67880000,0.48000000,13.76582400,1617238705535,False,True
1396286,28.67880000,0.48000000,13.76582400,1617238705535,False,True
1396287,28.67880000,0.48000000,13.76582400,1617238705535,False,True
1396288,28.67880000,0.48000000,13.76582400,1617238705535,False,True
1396289,28.67880000,0.48000000,13.76582400,1617238705535,False,True
1396290,28.67880000,0.34000000,9.75079200,1617238705535,False,True
1396291,28.67890000,22.93000000,657.60717700,1617238705535,False,True
1396292,28.67900000,30.00000000,860.37000000,1617238705535,False,True
1396293,28.67900000,1.98000000,56.78442000,1617238705535,False,True
1396294,28.69560000,6.93000000,198.86050800,1617238705535,False,True
1396295,28.70470000,30.10000000,864.01147000,1617238705535,False,True
1396296,28.70810000,6.29000000,180.57394900,1617238705535,False,True
1396297,28.71370000,29.10000000,835.56867000,1617238705535,False,True
1396298,28.72370000,15.00000000,430.85550000,1617238705535,False,True
1396299,28.74030000,2.04000000,58.63021200,1617238705535,False,True
1396300,28.74140000,10.78000000,309.83229200,1617238705535,False,True
1396301,28.75260000,132.38000000,3806.26918800,1617238705535,False,True
1396302,28.76670000,27.00000000,776.70090000,1617238705535,False,True
1396303,28.76730000,146.60000000,4217.28618000,1617238705535,False,True
1396304,28.76740000,3.28000000,94.35707200,1617238705535,False,True
1396305,28.77670000,115.12000000,3312.77370400,1617238705535,False,True
1396306,28.78240000,0.76000000,21.87462400,1617238705535,False,True
1396307,28.78370000,0.80000000,23.02696000,1617238705535,False,True
1396308,28.78820000,0.73000000,21.01538600,1617238705535,False,True
1396309,28.81170000,100.00000000,2881.17000000,1617238705535,False,True
1396310,28.81180000,27.00000000,777.91860000,1617238705535,False,True
1396311,28.81830000,1.21000000,34.87014300,1617238705535,False,True
1396312,28.82310000,1.06000000,30.55248600,1617238705535,False,True
1396313,28.83460000,2.03000000,58.53423800,1617238705535,False,True
1396314,28.84190000,0.87000000,25.09245300,1617238705535,False,True
1396315,28.84630000,60.00000000,1730.77800000,1617238705535,False,True
1396316,28.84640000,27.00000000,778.85280000,1617238705535,False,True
1396317,28.84970000,20.75000000,598.63127500,1617238705535,False,True
1396318,28.70070000,37.25000000,1069.10107500,1617238705567,False,True
1396319,28.70060000,30.90000000,886.84854000,1617238705573,False,True
1396320,28.70520000,30.90000000,886.99068000,1617238705589,False,True
1396321,28.72270000,39.09000000,1122.77034300,1617238705610,False,True
1396322,28.68360000,2.03000000,58.22770800,1617238714821,True,True
1396323,28.68360000,6.79000000,194.76164400,1617238714821,True,True
1396324,28.68360000,8.53000000,244.67110800,1617238714821,True,True
1396325,28.68800000,1.62000000,46.47456000,1617238916159,False,True
1396326,28.63160000,0.59000000,16.89264400,1617238977646,True,True
1396327,28.62880000,0.73000000,20.89902400,1617238977674,True,True
1396328,28.62220000,0.76000000,21.75287200,1617238977674,True,True
1396329,28.60990000,0.48000000,13.73275200,1617238977674,True,True
1396330,28.60990000,0.48000000,13.73275200,1617238977674,True,True
1396331,28.60990000,0.48000000,13.73275200,1617238977674,True,True
1396332,28.60990000,0.48000000,13.73275200,1617238977674,True,True
1396333,28.60990000,0.48000000,13.73275200,1617238977674,True,True
1396334,28.60990000,0.48000000,13.73275200,1617238977674,True,True
1396335,28.60990000,0.48000000,13.73275200,1617238977674,True,True
1396336,28.60990000,0.02000000,0.57219800,1617238977674,True,True
1396337,28.60450000,0.48000000,13.73016000,1617238980094,True,True
1396338,28.60450000,0.48000000,13.73016000,1617238980094,True,True
1396339,28.60450000,0.48000000,13.73016000,1617238980094,True,True
1396340,28.60450000,0.48000000,13.73016000,1617238980094,True,True
1396341,28.60450000,0.48000000,13.73016000,1617238980094,True,True
1396342,28.60450000,0.26000000,7.43717000,1617238980094,True,True
1396343,28.65860000,38.40000000,1100.49024000,1617238984530,False,True
1396344,28.65860000,0.48000000,13.75612800,1617238994306,True,True
1396345,28.66430000,0.48000000,13.75886400,1617239022909,False,True
1396346,28.66430000,15.32000000,439.13707600,1617239022909,False,True
1396347,28.66430000,0.48000000,13.75886400,1617239022910,False,True
1396348,28.66430000,0.48000000,13.75886400,1617239022910,False,True
1396349,28.66430000,0.48000000,13.75886400,1617239022910,False,True
1396350,28.66430000,0.48000000,13.75886400,1617239022910,False,True
1396351,28.66430000,0.48000000,13.75886400,1617239022910,False,True
1396352,28.66430000,0.48000000,13.75886400,1617239022910,False,True
1396353,28.66430000,0.48000000,13.75886400,1617239022910,False,True
1396354,28.66430000,0.35000000,10.03250500,1617239022910,False,True
1396355,28.61420000,101.09000000,2892.60947800,1617239058646,True,True
1396356,28.61410000,6.29000000,179.98268900,1617239058646,True,True
1396357,28.61270000,31.00000000,886.99370000,1617239058646,True,True
1396358,28.60790000,109.82000000,3141.71957800,1617239058646,True,True
1396359,28.60560000,1.80000000,51.49008000,1617239058646,True,True
1396360,28.61000000,1.49000000,42.62890000,1617239076093,False,True
1396361,28.59550000,3.28000000,93.79324000,1617239310298,True,True
1396362,28.58980000,2.04000000,58.32319200,1617239365413,True,True
1396363,28.57450000,1.21000000,34.57514500,1617239396454,True,True
1396364,28.59500000,9.90000000,283.09050000,1617239899572,False,True
1396365,28.53780000,1.06000000,30.25006800,1617239913296,True,True
1396366,28.53490000,6.00000000,171.20940000,1617239914407,False,True
1396367,28.52700000,0.73000000,20.82471000,1617239914416,True,True
1396368,28.52420000,0.87000000,24.81605400,1617239914416,True,True
1396369,28.51930000,0.77000000,21.95986100,1617239914965,True,True
1396370,28.57110000,10.30000000,294.28233000,1617239964724,True,True
1396371,28.57110000,20.50000000,585.70755000,1617239964731,True,True
1396372,28.56230000,20.50000000,585.52715000,1617239964749,True,True
1396373,28.56230000,10.69000000,305.33098700,1617239964797,True,True
1396374,28.56180000,1.09000000,31.13236200,1617239964873,True,True
1396375,28.56180000,0.99000000,28.27618200,1617240175699,False,True
1396376,28.57000000,0.53000000,15.14210000,1617240179783,False,True
1396377,28.59550000,1.37000000,39.17583500,1617240182043,False,True
1396378,28.61730000,6.03000000,172.56231900,1617240201625,False,True
1396379,28.57450000,4.42000000,126.29929000,1617240348449,True,True
1396380,28.51830000,0.49000000,13.97396700,1617240429381,True,True
1396381,28.51830000,0.49000000,13.97396700,1617240429381,True,True
1396382,28.51830000,0.49000000,13.97396700,1617240429381,True,True
1396383,28.51830000,0.49000000,13.97396700,1617240429381,True,True
1396384,28.51830000,0.49000000,13.97396700,1617240429381,True,True
1396385,28.51830000,0.49000000,13.97396700,1617240429381,True,True
1396386,28.51830000,0.49000000,13.97396700,1617240429381,True,True
1396387,28.51830000,0.49000000,13.97396700,1617240429381,True,True
1396388,28.51830000,0.28000000,7.98512400,1617240429381,True,True
1396389,28.51820000,5.80000000,165.40556000,1617240429381,True,True
1396390,28.55020000,23.51000000,671.21520200,1617240475104,True,True
1396391,28.55010000,30.87000000,881.34158700,1617240475104,True,True
1396392,28.53000000,23.00000000,656.19000000,1617240475104,True,True
1396393,28.52280000,14.05000000,400.74534000,1617240475104,True,True
1396394,28.64340000,0.48000000,13.74883200,1617240771771,False,True
1396395,28.64340000,0.48000000,13.74883200,1617240771771,False,True
1396396,28.64340000,0.48000000,13.74883200,1617240771771,False,True
1396397,28.64340000,0.48000000,13.74883200,1617240771771,False,True
1396398,28.64340000,0.48000000,13.74883200,1617240771771,False,True
1396399,28.64340000,0.48000000,13.74883200,1617240771771,False,True
1396400,28.64340000,0.48000000,13.74883200,1617240771771,False,True
1396401,28.64340000,0.13000000,3.72364200,1617240771771,False,True
1396402,28.64340000,0.35000000,10.02519000,1617240771771,False,True
1396403,28.64340000,0.35000000,10.02519000,1617240771771,False,True
1396404,28.64350000,23.00000000,658.80050000,1617240771775,False,True
1396405,28.67900000,0.77000000,22.08283000,1617240822363,False,True
1396406,28.68590000,0.73000000,20.94070700,1617240828698,False,True
1396407,28.74030000,2.04000000,58.63021200,1617240862709,False,True
1396408,28.76740000,3.28000000,94.35707200,1617240905082,False,True
1396409,28.73220000,101.09000000,2904.53809800,1617241144628,False,True
1396410,28.73230000,31.10000000,893.57453000,1617241144628,False,True
1396411,28.74240000,27.70000000,796.16448000,1617241144628,False,True
1396412,28.74240000,56.34000000,1619.34681600,1617241144628,False,True
1396413,28.74250000,45.48000000,1307.20890000,1617241144628,False,True
1396414,28.67420000,1.36000000,38.99691200,1617241184505,False,True
1396415,28.64650000,0.48000000,13.75032000,1617241339922,True,True
1396416,28.64650000,0.38000000,10.88567000,1617241339922,True,True
1396417,28.72750000,0.48000000,13.78920000,1617241364818,False,True
1396418,28.72750000,0.48000000,13.78920000,1617241364818,False,True
1396419,28.72750000,0.07000000,2.01092500,1617241364818,False,True
1396420,28.72750000,0.41000000,11.77827500,1617241364901,False,True
1396421,28.72750000,0.23000000,6.60732500,1617241364901,False,True
1396422,28.66000000,57.11000000,1636.77260000,1617241520978,True,True
1396423,28.62920000,0.48000000,13.74201600,1617241521008,True,True
1396424,28.62920000,11.02000000,315.49378400,1617241521008,True,True
1396425,28.64100000,5.54000000,158.67114000,1617242380333,True,True
1396426,28.62930000,0.48000000,13.74206400,1617242398771,True,True
1396427,28.62930000,0.48000000,13.74206400,1617242398771,True,True
1396428,28.62930000,0.48000000,13.74206400,1617242398771,True,True
1396429,28.62930000,0.48000000,13.74206400,1617242398771,True,True
1396430,28.62930000,0.48000000,13.74206400,1617242398771,True,True
1396431,28.62930000,0.48000000,13.74206400,1617242398771,True,True
1396432,28.62930000,0.48000000,13.74206400,1617242398771,True,True
1396433,28.62930000,0.13000000,3.72180900,1617242398771,True,True
1396434,28.62930000,0.35000000,10.02025500,1617242398773,True,True
1396435,28.62930000,0.34000000,9.73396200,1617242398773,True,True
1396436,28.62920000,3.16000000,90.46827200,1617242398977,True,True
1396437,28.62920000,7.94000000,227.31584800,1617242398977,True,True
1396438,28.62920000,5.54000000,158.60576800,1617242399077,True,True
1396439,28.59550000,3.28000000,93.79324000,1617242400128,True,True
1396440,28.58980000,2.04000000,58.32319200,1617242401431,True,True
1396441,28.58980000,3.49000000,99.77840200,1617242401531,True,True
1396442,28.58980000,1.52000000,43.45649600,1617242401539,True,True
1396443,28.60720000,5.01000000,143.32207200,1617242428486,False,True
1396444,28.62400000,2.66000000,76.13984000,1617242428576,False,True
1396445,28.62400000,4.24000000,121.36576000,1617242428583,False,True
1396446,28.62400000,11.69000000,334.61456000,1617242429383,False,True
1396447,28.62400000,4.47000000,127.94928000,1617242429682,False,True
1396448,28.62950000,32.24000000,923.01508000,1617242609052,True,True
1396449,28.60650000,4.49000000,128.44318500,1617242609063,True,True
1396450,28.61390000,4.69000000,134.19919100,1617242615069,True,True
1396451,28.60380000,13.12000000,375.28185600,1617242644470,True,True
1396452,28.60400000,4.58000000,131.00632000,1617242646548,True,True
1396453,28.60440000,13.16000000,376.43390400,1617242649832,True,True
1396454,28.61330000,1.41000000,40.34475300,1617242662210,True,True
1396455,28.61330000,18.46000000,528.20151800,1617242668397,True,True
1396456,28.61330000,6.55000000,187.41711500,1617242670558,True,True
1396457,28.58970000,4.14000000,118.36135800,1617242683927,True,True
1396458,28.58310000,15.69000000,448.46883900,1617242685544,True,True
1396459,28.54750000,2.18000000,62.23355000,1617242719667,True,True
1396460,28.56020000,11.14000000,318.16062800,1617242738073,True,True
1396461,28.60460000,0.87000000,24.88600200,1617242759052,True,True
1396462,28.60460000,29.03000000,830.39153800,1617242759681,True,True
1396463,28.59180000,3.11000000,88.92049800,1617242760552,True,True
1396464,28.60610000,6.28000000,179.64630800,1617242877187,True,True
1396465,28.60610000,6.28000000,179.64630800,1617242877190,True,True
1396466,28.61400000,22.90000000,655.26060000,1617242881480,False,True
1396467,28.61400000,4.00000000,114.45600000,1617242882043,False,True
1396468,28.61390000,55.70000000,1593.79423000,1617242883222,False,True
1396469,28.61400000,7.24000000,207.16536000,1617242883232,False,True
1396470,28.63970000,7.36000000,210.78819200,1617242898289,True,True
1396471,28.63980000,8.16000000,233.70076800,1617242900763,True,True
1396472,28.65180000,4.99000000,142.97248200,1617243039148,True,True
1396473,28.68030000,2.62000000,75.14238600,1617243214334,False,True
1396474,28.64720000,2.83000000,81.07157600,1617243415570,False,True
1396475,28.55790000,6.29000000,179.62919100,1617243745645,False,True
1396476,28.55790000,6.28000000,179.34361200,1617243745647,False,True
1396477,28.53110000,22.92000000,653.93281200,1617243773745,True,True
1396478,28.52730000,59.04000000,1684.25179200,1617243774465,True,True
1396479,28.52700000,0.73000000,20.82471000,1617243774480,True,True
1396480,28.51930000,0.70000000,19.96351000,1617243774508,True,True
1396481,28.54510000,1.22000000,34.82502200,1617243774912,False,True
1396482,28.51930000,0.07000000,1.99635100,1617243775510,True,True
1396483,28.52610000,61.90000000,1765.76559000,1617243833981,True,True
1396484,28.52600000,38.50000000,1098.25100000,1617243833981,True,True
1396485,28.51370000,20.33000000,579.68352100,1617243833981,True,True
1396486,28.51350000,0.80000000,22.81080000,1617243833981,True,True
1396487,28.50300000,22.53000000,642.17259000,1617243833981,True,True
1396488,28.56620000,0.12000000,3.42794400,1617243940376,False,True
1396489,28.56790000,11.58000000,330.81628200,1617244433929,True,True
1396490,28.57690000,0.35000000,10.00191500,1617244494028,True,True
1396491,28.57690000,0.62000000,17.71767800,1617244494035,False,True
1396492,28.62180000,34.40000000,984.58992000,1617244725074,True,True
1396493,28.62960000,20.33000000,582.03976800,1617244731602,False,True
1396494,28.62990000,11.10000000,317.79189000,1617244731643,False,True
1396495,28.62990000,11.29000000,323.23157100,1617244735090,False,True
1396496,28.63000000,19.36000000,554.27680000,1617244735107,False,True
1396497,28.63500000,0.88000000,25.19880000,1617244818484,False,True
1396498,28.57350000,0.69000000,19.71571500,1617245432625,True,True
1396499,28.59690000,0.35000000,10.00891500,1617245508869,False,True
1396500,28.63500000,1.02000000,29.20770000,1617245549281,False,True
1396501,28.65170000,3.00000000,85.95510000,1617245570283,False,True
1396502,28.67900000,0.77000000,22.08283000,1617245593085,False,True
1396503,28.67900000,1.50000000,43.01850000,1617245593092,True,True
1396504,28.67900000,6.97000000,199.89263000,1617245593098,True,True
1396505,28.63970000,8.47000000,242.57825900,1617245593111,True,True
1396506,28.67960000,0.59000000,16.92096400,1617245783596,False,True
1396507,28.68590000,0.73000000,20.94070700,1617245783659,False,True
1396508,28.64090000,0.35000000,10.02431500,1617245807650,True,True
1396509,28.64080000,0.78000000,22.33982400,1617245807650,True,True
1396510,28.66110000,17.55000000,503.00230500,1617245922161,True,True
1396511,28.63960000,0.35000000,10.02386000,1617246032912,True,True
1396512,28.62220000,0.59000000,16.88709800,1617246033216,True,True
1396513,28.61000000,15.35000000,439.16350000,1617246033531,True,True
1396514,28.61000000,6.29000000,179.95690000,1617246033533,True,True
1396515,28.61000000,5.59000000,159.92990000,1617246033538,True,True
1396516,28.61000000,7.72000000,220.86920000,1617246033623,True,True
1396517,28.52700000,0.73000000,20.82471000,1617246080701,True,True
1396518,28.51930000,0.77000000,21.95986100,1617246080714,True,True
1396519,28.51020000,0.73000000,20.81244600,1617246081270,True,True
1396520,28.50290000,0.69000000,19.66700100,1617246083106,True,True
1396521,28.50000000,5.00000000,142.50000000,1617246087275,True,True
1396522,28.50000000,1.45000000,41.32500000,1617246087275,True,True
1396523,28.50000000,3.50000000,99.75000000,1617246087275,True,True
1396524,28.50000000,3.50000000,99.75000000,1617246087275,True,True
1396525,28.50000000,0.40000000,11.40000000,1617246087275,True,True
1396526,28.49870000,0.77000000,21.94399900,1617246087311,True,True
1396527,28.49640000,2.05000000,58.41762000,1617246094884,True,True
1396528,28.48240000,0.52000000,14.81084800,1617246173655,True,True
1396529,28.48000000,0.80000000,22.78400000,1617246173684,False,True
1396530,28.48000000,1.90000000,54.11200000,1617246174219,False,True
1396531,28.48000000,0.33000000,9.39840000,1617246174356,False,True
1396532,28.60070000,101.09000000,2891.24476300,1617246333246,False,True
1396533,28.60080000,9.34000000,267.13147200,1617246333246,False,True
1396534,28.58110000,0.55000000,15.71960500,1617246342734,True,True
1396535,28.63290000,0.35000000,10.02151500,1617246438061,False,True
1396536,28.64640000,2.05000000,58.72512000,1617246438171,False,True
1396537,28.66110000,96.73000000,2772.38820300,1617246438263,False,True
1396538,28.66740000,23.06000000,661.07024400,1617246438338,False,True
1396539,28.67620000,6.29000000,180.37329800,1617246438365,False,True
1396540,28.67630000,6.28000000,180.08716400,1617246438369,False,True
1396541,28.67650000,0.69000000,19.78678500,1617246438415,False,True
1396542,28.67900000,0.77000000,22.08283000,1617246438430,False,True
1396543,28.68590000,0.73000000,20.94070700,1617246438509,False,True
1396544,28.71200000,146.60000000,4209.17920000,1617246438824,False,True
1396545,28.71210000,0.52000000,14.93029200,1617246438835,False,True
1396546,28.74030000,2.04000000,58.63021200,1617246445802,False,True
1396547,28.76740000,3.28000000,94.35707200,1617246471882,False,True
1396548,28.78240000,0.76000000,21.87462400,1617246472570,False,True
1396549,28.78370000,0.80000000,23.02696000,1617246472860,False,True
1396550,28.78820000,0.73000000,21.01538600,1617246473076,False,True
1396551,28.79580000,0.59000000,16.98952200,1617246478343,False,True
1396552,28.79780000,1.42000000,40.89287600,1617246480923,False,True
1396553,28.81830000,1.21000000,34.87014300,1617246500704,False,True
1396554,28.82090000,0.77000000,22.19209300,1617246502129,False,True
1396555,28.82310000,1.06000000,30.55248600,1617246503123,False,True
1396556,28.83460000,2.03000000,58.53423800,1617246504183,False,True
1396557,28.84190000,0.44000000,12.69043600,1617246523595,False,True
1396558,28.85110000,0.69000000,19.90725900,1617246526750,False,True
1396559,28.85440000,1.45000000,41.83888000,1617246527494,False,True
1396560,28.88630000,0.76000000,21.95358800,1617246554259,False,True
1396561,28.89080000,0.72000000,20.80137600,1617246555975,False,True
1396562,28.90390000,6.04000000,174.57955600,1617246555975,False,True
1396563,28.90410000,11.47000000,331.53002700,1617246558604,False,True
1396564,28.90420000,1.42000000,41.04396400,1617246558619,False,True
1396565,28.90880000,0.70000000,20.23616000,1617246558982,False,True
1396566,28.91120000,1.80000000,52.04016000,1617246561290,False,True
1396567,28.92360000,0.74000000,21.40346400,1617246561290,False,True
1396568,28.92850000,1.50000000,43.39275000,1617246561290,False,True
1396569,28.92840000,0.48000000,13.88563200,1617246566428,False,True
1396570,28.92840000,0.48000000,13.88563200,1617246566428,False,True
1396571,28.92840000,0.48000000,13.88563200,1617246566428,False,True
1396572,28.92840000,0.48000000,13.88563200,1617246566428,False,True
1396573,28.92840000,0.48000000,13.88563200,1617246566428,False,True
1396574,28.92840000,0.48000000,13.88563200,1617246566428,False,True
1396575,28.92840000,0.48000000,13.88563200,1617246566428,False,True
1396576,28.92840000,0.03000000,0.86785200,1617246566428,False,True
1396577,28.92840000,0.45000000,13.01778000,1617246567216,False,True
1396578,28.92840000,0.31000000,8.96780400,1617246567216,False,True
1396579,28.92850000,4.30000000,124.39255000,1617246567216,False,True
1396580,28.92850000,1.68000000,48.59988000,1617246577901,False,True
1396581,28.92850000,22.52000000,651.46982000,1617246585228,False,True
1396582,28.92910000,2.03000000,58.72607300,1617246585255,False,True
1396583,28.94030000,3.28000000,94.92418400,1617246590392,False,True
1396584,28.94360000,0.52000000,15.05067200,1617246590498,False,True
1396585,28.99060000,0.76000000,22.03285600,1617246657683,False,True
1396586,28.99390000,0.72000000,20.87560800,1617246657723,False,True
1396587,29.00000000,1.00000000,29.00000000,1617246678768,False,True
1396588,29.00000000,1.51000000,43.79000000,1617246680655,False,True
1396589,29.00000000,2.37000000,68.73000000,1617246691262,True,True
1396590,29.00000000,116.67000000,3383.43000000,1617246691719,True,True
1396591,29.00000000,6.80000000,197.20000000,1617246691719,True,True
1396592,28.96780000,6.28000000,181.91778400,1617246692383,True,True
1396593,28.96780000,6.29000000,182.20746200,1617246692388,True,True
1396594,29.00630000,0.48000000,13.92302400,1617246744757,False,True
1396595,28.95220000,9.23000000,267.22880600,1617246781050,False,True
1396596,29.00000000,0.90000000,26.10000000,1617246796849,True,True
1396597,29.00630000,0.70000000,20.30441000,1617246815522,False,True
1396598,29.00000000,0.74000000,21.46000000,1617246816083,True,True
1396599,29.00000000,178.36000000,5172.44000000,1617246821321,True,True
1396600,29.00630000,0.02000000,0.58012600,1617246853555,False,True
1396601,29.01380000,0.79000000,22.92090200,1617246853659,False,True
1396602,29.01470000,1.00000000,29.01470000,1617246853679,False,True
1396603,29.01470000,0.03000000,0.87044100,1617246855148,False,True
1396604,29.01810000,1.20000000,34.82172000,1617246855163,False,True
1396605,29.01810000,0.02000000,0.58036200,1617246856129,False,True
1396606,29.02400000,2.02000000,58.62848000,1617246858923,False,True
1396607,29.02680000,0.69000000,20.02849200,1617246861173,False,True
1396608,28.96190000,1.90000000,55.02761000,1617246937782,True,True
1396609,29.03180000,0.38000000,11.03208400,1617246964317,False,True
1396610,29.04690000,2.09000000,60.70802100,1617247022679,False,True
1396611,29.04690000,6.38000000,185.31922200,1617247052370,False,True
1396612,29.04690000,25.49000000,740.40548100,1617247052415,True,True
1396613,29.04690000,1.74000000,50.54160600,1617247052451,True,True
1396614,29.04690000,2.51000000,72.90771900,1617247053402,True,True
1396615,29.04690000,115.52000000,3355.49788800,1617247055350,True,True
1396616,29.05390000,6.29000000,182.74903100,1617247055933,False,True
1396617,29.05390000,6.28000000,182.45849200,1617247055945,False,True
1396618,29.04690000,3.19000000,92.65961100,1617247057590,True,True
1396619,29.04690000,8.20000000,238.18458000,1617247064634,True,True
1396620,29.04690000,8.80000000,255.61272000,1617247079331,True,True
1396621,29.05390000,1.04000000,30.21605600,1617247083993,False,True
1396622,29.04690000,6.28000000,182.41453200,1617247092058,True,True
1396623,29.04690000,6.28000000,182.41453200,1617247092062,True,True
1396624,29.04690000,87.19000000,2532.59921100,1617247092260,True,True
1396625,29.04690000,588.53000000,17094.97205700,1617247092263,True,True
1396626,29.00000000,10.32000000,299.28000000,1617247158468,True,True
1396627,28.91710000,0.39000000,11.27766900,1617247220237,True,True
1396628,28.88350000,4.12000000,119.00002000,1617247220237,True,True
1396629,28.87670000,34.75000000,1003.46532500,1617247220461,False,True
1396630,28.87200000,2.02000000,58.32144000,1617247220496,True,True
1396631,28.85420000,4.64000000,133.88348800,1617247220662,False,True
1396632,28.85420000,27.52000000,794.06758400,1617247220673,False,True
1396633,28.85150000,6.89000000,198.78683500,1617247220901,False,True
1396634,28.85150000,32.92000000,949.79138000,1617247220979,False,True
1396635,28.85110000,0.69000000,19.90725900,1617247373193,True,True
1396636,28.83330000,0.72000000,20.75997600,1617247433285,True,True
1396637,28.82920000,0.76000000,21.91019200,1617247433756,True,True
1396638,28.77760000,2.03000000,58.41852800,1617247590234,True,True
1396639,28.77750000,6.80000000,195.68700000,1617247606914,False,True
1396640,28.77750000,23.40000000,673.39350000,1617247703480,False,True
1396641,28.77750000,0.03000000,0.86332500,1617247703486,False,True
1396642,28.84520000,4.98000000,143.64909600,1617247705321,False,True
1396643,28.84520000,0.48000000,13.84569600,1617247705321,False,True
1396644,28.84520000,0.48000000,13.84569600,1617247705321,False,True
1396645,28.84520000,0.48000000,13.84569600,1617247705321,False,True
1396646,28.84520000,0.48000000,13.84569600,1617247705321,False,True
1396647,28.84520000,0.48000000,13.84569600,1617247705321,False,True
1396648,28.84520000,0.48000000,13.84569600,1617247705321,False,True
1396649,28.84520000,0.48000000,13.84569600,1617247705321,False,True
1396650,28.84520000,0.48000000,13.84569600,1617247705321,False,True
1396651,28.84520000,0.32000000,9.23046400,1617247705321,False,True
1396652,28.84530000,30.30000000,874.01259000,1617247705321,False,True
1396653,28.85000000,37.08000000,1069.75800000,1617247705321,False,True
1396654,28.85000000,2.35000000,67.79750000,1617247705321,False,True
1396655,28.85150000,6.28000000,181.18742000,1617247705328,False,True
1396656,28.85150000,6.28000000,181.18742000,1617247705329,False,True
1396657,28.85000000,21.01000000,606.13850000,1617247705329,True,True
1396658,28.85000000,29.40000000,848.19000000,1617247705332,True,True
1396659,28.85000000,12.35000000,356.29750000,1617247705332,True,True
1396660,28.85000000,18.40000000,530.84000000,1617247705333,True,True
1396661,28.85000000,107.77000000,3109.16450000,1617247705335,True,True
1396662,28.85000000,32.20000000,928.97000000,1617247705338,True,True
1396663,28.77520000,4.78000000,137.54545600,1617247705352,True,True
1396664,28.92910000,2.03000000,58.72607300,1617248039464,False,True
1396665,28.98050000,4.78000000,138.52679000,1617248165261,False,True
1396666,28.98060000,0.48000000,13.91068800,1617248165270,False,True
1396667,28.98060000,0.48000000,13.91068800,1617248165270,False,True
1396668,28.98060000,0.48000000,13.91068800,1617248165270,False,True
1396669,28.98060000,0.48000000,13.91068800,1617248165270,False,True
1396670,28.98060000,0.48000000,13.91068800,1617248165270,False,True
1396671,28.98060000,0.48000000,13.91068800,1617248165270,False,True
1396672,28.98060000,0.48000000,13.91068800,1617248165270,False,True
1396673,28.98060000,0.09000000,2.60825400,1617248165270,False,True
1396674,28.98060000,0.39000000,11.30243400,1617248165270,False,True
1396675,28.98060000,0.30000000,8.69418000,1617248165270,False,True
1396676,28.99060000,0.76000000,22.03285600,1617248165335,False,True
1396677,29.00000000,15.32000000,444.28000000,1617248165382,False,True
1396678,29.00610000,139.82000000,4055.63290200,1617248165429,False,True
1396679,29.00800000,133.59000000,3875.17872000,1617248165451,False,True
1396680,29.02400000,2.02000000,58.62848000,1617248165508,False,True
1396681,29.02680000,0.69000000,20.02849200,1617248165537,False,True
1396682,29.04530000,58.07000000,1686.66057100,1617248165601,False,True
1396683,29.05400000,0.80000000,23.24320000,1617248165626,False,True
1396684,29.05630000,1.05000000,30.50911500,1617248165640,False,True
1396685,29.05390000,30.90000000,897.76551000,1617248165642,True,True
1396686,29.08850000,0.76000000,22.10726000,1617248165813,False,True
1396687,29.09530000,0.75000000,21.82147500,1617248165841,False,True
1396688,29.09730000,0.72000000,20.95005600,1617248165862,False,True
1396689,29.10350000,0.76000000,22.11866000,1617248165901,False,True
1396690,29.10510000,0.87000000,25.32143700,1617248165924,False,True
1396691,29.10760000,0.38000000,11.06088800,1617248165990,False,True
1396692,29.11430000,3.28000000,95.49490400,1617248166010,False,True
1396693,29.10750000,1.10000000,32.01825000,1617248166010,True,True
1396694,29.11900000,0.87000000,25.33353000,1617248166053,False,True
1396695,29.11910000,2.01000000,58.52939100,1617248166074,False,True
1396696,29.11950000,0.39000000,11.35660500,1617248166175,False,True
1396697,29.12980000,0.73000000,21.26475400,1617248166235,False,True
1396698,29.12600000,2.01000000,58.54326000,1617248166274,True,True
1396699,29.12600000,33.74000000,982.71124000,1617248166283,True,True
1396700,29.14070000,0.38000000,11.07346600,1617248167078,False,True
1396701,29.14070000,0.35000000,10.19924500,1617248177651,True,True
1396702,29.10340000,0.98000000,28.52133200,1617248177651,True,True
1396703,29.10660000,0.64000000,18.62822400,1617248213095,True,True
1396704,29.14410000,1.44000000,41.96750400,1617248233103,False,True
1396705,29.11390000,0.74000000,21.54428600,1617248234513,True,True
1396706,29.15020000,0.43000000,12.53458600,1617248244727,False,True
1396707,29.16320000,0.50000000,14.58160000,1617248244803,False,True
1396708,29.16870000,0.51000000,14.87603700,1617248250924,False,True
1396709,29.16870000,2.19000000,63.87945300,1617248250942,False,True
1396710,29.17630000,0.61000000,17.79754300,1617248251145,False,True
1396711,29.17700000,0.51000000,14.88027000,1617248251189,False,True
1396712,29.19550000,0.48000000,14.01384000,1617248251628,False,True
1396713,29.19550000,0.72000000,21.02076000,1617248280950,False,True
1396714,29.19550000,0.50000000,14.59775000,1617248280950,False,True
1396715,29.19900000,14.85000000,433.60515000,1617248281004,False,True
1396716,29.20000000,100.00000000,2920.00000000,1617248281047,False,True
1396717,29.20000000,31.46000000,918.63200000,1617248281056,False,True
1396718,29.20000000,65.00000000,1898.00000000,1617248281057,False,True
1396719,29.20000000,20.00000000,584.00000000,1617248281063,False,True
1396720,29.20000000,5.00000000,146.00000000,1617248281072,False,True
1396721,29.20000000,5.00000000,146.00000000,1617248281083,False,True
1396722,29.20000000,65.23000000,1904.71600000,1617248281289,False,True
1396723,29.20000000,0.83000000,24.23600000,1617248281289,False,True
1396724,29.20040000,0.75000000,21.90030000,1617248281308,False,True
1396725,29.20090000,0.72000000,21.02464800,1617248281322,False,True
1396726,29.20210000,1.78000000,51.97973800,1617248281347,False,True
1396727,29.20360000,0.69000000,20.15048400,1617248281359,False,True
1396728,29.20450000,11.06000000,323.00177000,1617248281426,False,True
1396729,29.20450000,10.00000000,292.04500000,1617248281440,False,True
1396730,29.20450000,5.00000000,146.02250000,1617248281445,False,True
1396731,29.20450000,5.00000000,146.02250000,1617248281512,False,True
1396732,29.20450000,16.53000000,482.75038500,1617248281523,False,True
1396733,29.20450000,10.00000000,292.04500000,1617248286406,False,True
1396734,29.17750000,0.41000000,11.96277500,1617248286442,True,True
1396735,29.21460000,2.01000000,58.72134600,1617248298224,False,True
1396736,29.22060000,0.38000000,11.10382800,1617248300238,False,True
1396737,29.22060000,35.30000000,1031.48718000,1617248325952,True,True
1396738,29.22060000,0.01000000,0.29220600,1617248332412,True,True
1396739,29.22060000,0.89000000,26.00633400,1617248332412,True,True
1396740,29.23520000,0.38000000,11.10937600,1617248345082,False,True
1396741,29.23520000,1.16000000,33.91283200,1617248400546,False,True
1396742,29.16740000,101.09000000,2948.53246600,1617248432830,True,True
1396743,29.16730000,123.13000000,3591.36964900,1617248432840,True,True
1396744,29.16740000,2.35000000,68.54339000,1617248432907,False,True
1396745,29.13650000,18.96000000,552.42804000,1617248432937,True,True
1396746,29.13640000,0.49000000,14.27683600,1617248432937,True,True
1396747,29.13640000,5.14000000,149.76109600,1617248432937,True,True
1396748,29.12210000,5.00000000,145.61050000,1617248432983,True,True
1396749,29.12210000,5.00000000,145.61050000,1617248432984,True,True
1396750,29.12210000,25.00000000,728.05250000,1617248432985,True,True
1396751,29.12210000,6.53000000,190.16731300,1617248432986,True,True
1396752,29.12210000,5.00000000,145.61050000,1617248432988,True,True
1396753,29.12210000,38.95000000,1134.30579500,1617248433007,True,True
1396754,29.12210000,31.53000000,918.21981300,1617248433080,True,True
1396755,29.11880000,10.78000000,313.90066400,1617248433088,True,True
1396756,29.07370000,30.10000000,875.11837000,1617248433216,False,True
1396757,29.06430000,0.39000000,11.33507700,1617248433281,True,True
1396758,29.06160000,2.01000000,58.41381600,1617248433330,True,True
1396759,29.03930000,2.37000000,68.82314100,1617248433345,True,True
1396760,29.03920000,0.72000000,20.90822400,1617248433345,True,True
1396761,29.03780000,0.75000000,21.77835000,1617248433345,True,True
1396762,29.02680000,0.69000000,20.02849200,1617248433345,True,True
1396763,29.05340000,1.40000000,40.67476000,1617248433440,False,True
1396764,29.00870000,14.20000000,411.92354000,1617248435421,True,True
1396765,29.00870000,0.36000000,10.44313200,1617248435481,True,True
1396766,29.06430000,6.29000000,182.81444700,1617248436557,False,True
1396767,29.06440000,1.99000000,57.83815600,1617248436581,False,True
1396768,29.05120000,3.90000000,113.29968000,1617248454868,False,True
1396769,29.01560000,0.89000000,25.82388400,1617248511987,False,True
1396770,29.05120000,4.99000000,144.96548800,1617248522101,False,True
1396771,29.05120000,1.33000000,38.63809600,1617248543251,True,True
1396772,29.05120000,6.68000000,194.06201600,1617248613131,True,True
1396773,29.07750000,5.00000000,145.38750000,1617248619147,False,True
1396774,29.15020000,5.77000000,168.19665400,1617248699557,True,True
1396775,29.15010000,0.47000000,13.70054700,1617248699571,True,True
1396776,29.15010000,0.47000000,13.70054700,1617248700109,True,True
1396777,29.15010000,0.47000000,13.70054700,1617248700109,True,True
1396778,29.15010000,0.47000000,13.70054700,1617248700109,True,True
1396779,29.15010000,0.47000000,13.70054700,1617248700109,True,True
1396780,29.15010000,0.47000000,13.70054700,1617248700109,True,True
1396781,29.15010000,0.47000000,13.70054700,1617248700109,True,True
1396782,29.15010000,0.47000000,13.70054700,1617248700109,True,True
1396783,29.15010000,0.35000000,10.20253500,1617248700109,True,True
1396784,29.15000000,7.66000000,223.28900000,1617248700109,True,True
1396785,29.15000000,67.34000000,1962.96100000,1617248700124,True,True
1396786,29.15040000,0.35000000,10.20264000,1617248741843,False,True
1396787,29.15040000,0.13000000,3.78955200,1617248744102,False,True
1396788,29.15040000,0.48000000,13.99219200,1617248744102,False,True
1396789,29.15040000,0.48000000,13.99219200,1617248744102,False,True
1396790,29.15040000,0.48000000,13.99219200,1617248744102,False,True
1396791,29.15040000,0.48000000,13.99219200,1617248744102,False,True
1396792,29.15040000,0.48000000,13.99219200,1617248744102,False,True
1396793,29.15040000,0.48000000,13.99219200,1617248744102,False,True
1396794,29.15040000,0.48000000,13.99219200,1617248744102,False,True
1396795,29.15040000,0.27000000,7.87060800,1617248744102,False,True
1396796,29.15050000,9.38000000,273.43169000,1617248744102,False,True
1396797,29.05880000,4.54000000,131.92695200,1617248780786,False,True
1396798,29.05870000,10.80000000,313.83396000,1617248784432,True,True
1396799,29.05870000,1.39000000,40.39159300,1617248784453,True,True
1396800,29.05870000,10.80000000,313.83396000,1617248785854,True,True
1396801,29.07950000,0.35000000,10.17782500,1617248802679,False,True
1396802,29.03000000,50.00000000,1451.50000000,1617248837140,True,True
1396803,28.99930000,0.48000000,13.91966400,1617248890942,True,True
1396804,28.99930000,0.48000000,13.91966400,1617248890942,True,True
1396805,28.99930000,0.48000000,13.91966400,1617248890942,True,True
1396806,28.99930000,0.48000000,13.91966400,1617248890942,True,True
1396807,28.99930000,0.08000000,2.31994400,1617248890942,True,True
1396808,29.05330000,72.56000000,2108.10744800,1617248906675,False,True
1396809,29.05330000,0.01000000,0.29053300,1617248906679,False,True
1396810,29.10010000,0.48000000,13.96804800,1617248941507,True,True
1396811,29.10010000,0.48000000,13.96804800,1617248945410,True,True
1396812,29.10010000,0.48000000,13.96804800,1617248945410,True,True
1396813,29.10010000,0.48000000,13.96804800,1617248945410,True,True
1396814,29.10010000,0.48000000,13.96804800,1617248945410,True,True
1396815,29.10010000,0.48000000,13.96804800,1617248945410,True,True
1396816,29.10010000,0.48000000,13.96804800,1617248945410,True,True
1396817,29.10010000,0.48000000,13.96804800,1617248945410,True,True
1396818,29.10010000,0.07000000,2.03700700,1617248945410,True,True
1396819,29.10010000,0.21000000,6.11102100,1617248945411,True,True
1396820,29.10000000,50.00000000,1455.00000000,1617248945488,True,True
1396821,29.05750000,18.63000000,541.34122500,1617248945557,True,True
1396822,29.05740000,31.37000000,911.53063800,1617248945557,True,True
1396823,29.10000000,3.92000000,114.07200000,1617248978827,False,True
1396824,29.11670000,35.12000000,1022.57850400,1617248992816,False,True
1396825,29.20040000,0.75000000,21.90030000,1617249060955,False,True
1396826,29.20090000,0.72000000,21.02464800,1617249060961,False,True
1396827,29.20360000,0.69000000,20.15048400,1617249061774,False,True
1396828,29.21460000,2.01000000,58.72134600,1617249067825,False,True
1396829,29.23520000,363.58000000,10629.33401600,1617249110206,False,True
1396830,29.22850000,6.79000000,198.46151500,1617249128287,True,True
1396831,29.22850000,21.41000000,625.78218500,1617249128300,True,True
1396832,29.20010000,0.47000000,13.72404700,1617249131612,True,True
1396833,29.20010000,0.47000000,13.72404700,1617249131612,True,True
1396834,29.20010000,0.47000000,13.72404700,1617249131612,True,True
1396835,29.20010000,0.47000000,13.72404700,1617249131612,True,True
1396836,29.20010000,0.47000000,13.72404700,1617249131612,True,True
1396837,29.20010000,0.47000000,13.72404700,1617249131612,True,True
1396838,29.20010000,0.47000000,13.72404700,1617249131612,True,True
1396839,29.20010000,0.13000000,3.79601300,1617249131612,True,True
1396840,29.20010000,0.34000000,9.92803400,1617249131615,True,True
1396841,29.20010000,0.13000000,3.79601300,1617249131615,True,True
1396842,29.20010000,0.21000000,6.13202100,1617249132112,True,True
1396843,29.20000000,85.24000000,2489.00800000,1617249132127,True,True
1396844,29.15000000,22.88000000,666.95200000,1617249136322,True,True
1396845,29.15000000,52.50000000,1530.37500000,1617249136327,True,True
1396846,29.15000000,10.00000000,291.50000000,1617249136327,True,True
1396847,29.09260000,1.95000000,56.73057000,1617249139509,True,True
1396848,29.18840000,2.50000000,72.97100000,1617249212303,True,True
1396849,29.24510000,0.47000000,13.74519700,1617249242828,False,True
1396850,29.24510000,0.47000000,13.74519700,1617249242828,False,True
1396851,29.24510000,0.47000000,13.74519700,1617249242828,False,True
1396852,29.24510000,0.47000000,13.74519700,1617249242828,False,True
1396853,29.24510000,0.47000000,13.74519700,1617249242828,False,True
1396854,29.24510000,0.47000000,13.74519700,1617249242828,False,True
1396855,29.24510000,0.47000000,13.74519700,1617249242828,False,True
1396856,29.24510000,0.47000000,13.74519700,1617249242828,False,True
1396857,29.24510000,0.34000000,9.94333400,1617249242828,False,True
1396858,29.24520000,3.93000000,114.93363600,1617249242828,False,True
1396859,29.21750000,6.29000000,183.77807500,1617249261321,True,True
1396860,29.21750000,6.28000000,183.48590000,1617249261331,True,True
1396861,29.25200000,1.33000000,38.90516000,1617249369642,False,True
1396862,29.26020000,0.43000000,12.58188600,1617249371576,False,True
1396863,29.24060000,0.72000000,21.05323200,1617249380546,True,True
1396864,29.26780000,0.39000000,11.41444200,1617249390563,False,True
1396865,29.28440000,6.88000000,201.47667200,1617249393904,False,True
1396866,29.28570000,7.65000000,224.03560500,1617249393943,False,True
1396867,29.28570000,22.35000000,654.53539500,1617249394284,False,True
1396868,29.28700000,0.70000000,20.50090000,1617249394321,False,True
1396869,29.28930000,3.28000000,96.06890400,1617249394363,False,True
1396870,29.29080000,0.63000000,18.45320400,1617249394400,False,True
1396871,29.29150000,1.04000000,30.46316000,1617249394445,False,True
1396872,29.29290000,53.46000000,1565.99843400,1617249394485,False,True
1396873,29.20980000,2.62000000,76.52967600,1617249424609,True,True
1396874,29.18060000,0.39000000,11.38043400,1617249446644,True,True
1396875,29.22050000,0.47000000,13.73363500,1617249485623,False,True
1396876,29.22050000,0.47000000,13.73363500,1617249485623,False,True
1396877,29.22050000,0.47000000,13.73363500,1617249485623,False,True
1396878,29.22050000,0.47000000,13.73363500,1617249485623,False,True
1396879,29.22050000,0.47000000,13.73363500,1617249485623,False,True
1396880,29.22050000,0.47000000,13.73363500,1617249485623,False,True
1396881,29.22050000,0.47000000,13.73363500,1617249485623,False,True
1396882,29.22050000,0.47000000,13.73363500,1617249485623,False,True
1396883,29.22050000,0.35000000,10.22717500,1617249485623,False,True
1396884,29.22060000,2.74000000,80.06444400,1617249485623,False,True
1396885,29.25000000,54.68000000,1599.39000000,1617249592775,False,True
1396886,29.25000000,31.72000000,927.81000000,1617249592778,False,True
1396887,29.29760000,3.99000000,116.89742400,1617249603094,False,True
1396888,29.30000000,10.00000000,293.00000000,1617249603112,False,True
1396889,29.30090000,1.04000000,30.47293600,1617249603130,False,True
1396890,29.30510000,0.71000000,20.80662100,1617249603142,False,True
1396891,29.30570000,0.75000000,21.97927500,1617249603151,False,True
1396892,29.31040000,2.00000000,58.62080000,1617249603171,False,True
1396893,29.31330000,0.45000000,13.19098500,1617249603184,False,True
1396894,29.32430000,0.80000000,23.45944000,1617249603272,False,True
1396895,29.33330000,2.00000000,58.66660000,1617249603647,False,True
1396896,29.33740000,0.73000000,21.41630200,1617249603670,False,True
1396897,29.33520000,5.70000000,167.21064000,1617249603873,True,True
1396898,29.33510000,1.66000000,48.69626600,1617249603873,True,True
1396899,29.34450000,10.78000000,316.33371000,1617249604002,False,True
1396900,29.35000000,2.82000000,82.76700000,1617249604230,False,True
1396901,29.35000000,0.18000000,5.28300000,1617249604898,False,True
1396902,29.35810000,1.12000000,32.88107200,1617249605548,False,True
1396903,29.35810000,2.40000000,70.45944000,1617249610524,False,True
1396904,29.31750000,14.88000000,436.24440000,1617249627114,True,True
1396905,29.26760000,0.43000000,12.58506800,1617249641246,True,True
1396906,29.26750000,0.47000000,13.75572500,1617249641246,True,True
1396907,29.26750000,0.47000000,13.75572500,1617249641246,True,True
1396908,29.26750000,0.47000000,13.75572500,1617249641246,True,True
1396909,29.26750000,0.47000000,13.75572500,1617249641246,True,True
1396910,29.26750000,0.47000000,13.75572500,1617249641246,True,True
1396911,29.26750000,0.47000000,13.75572500,1617249641246,True,True
1396912,29.26750000,0.47000000,13.75572500,1617249641246,True,True
1396913,29.26750000,0.47000000,13.75572500,1617249641246,True,True
1396914,29.26750000,0.33000000,9.65827500,1617249641246,True,True
1396915,29.26740000,22.50000000,658.51650000,1617249641246,True,True
1396916,29.27330000,0.43000000,12.58751900,1617249664955,False,True
1396917,29.27340000,0.60000000,17.56404000,1617249664955,False,True
1396918,29.20410000,0.47000000,13.72592700,1617249683623,True,True
1396919,29.20410000,0.47000000,13.72592700,1617249683623,True,True
1396920,29.20410000,0.47000000,13.72592700,1617249683623,True,True
1396921,29.20410000,0.47000000,13.72592700,1617249683623,True,True
1396922,29.20410000,0.47000000,13.72592700,1617249683623,True,True
1396923,29.20410000,0.43000000,12.55776300,1617249683623,True,True
1396924,29.20410000,0.04000000,1.16816400,1617249683810,True,True
1396925,29.20410000,0.47000000,13.72592700,1617249683810,True,True
1396926,29.20410000,0.47000000,13.72592700,1617249683810,True,True
1396927,29.20410000,0.34000000,9.92939400,1617249683810,True,True
1396928,29.20400000,3.06000000,89.36424000,1617249683810,True,True
1396929,29.20400000,32.62000000,952.63448000,1617249684143,True,True
1396930,29.20400000,20.00000000,584.08000000,1617249684144,True,True
1396931,29.20400000,73.46000000,2145.32584000,1617249684148,True,True
1396932,29.20470000,14.88000000,434.56593600,1617249695687,False,True
1396933,29.20480000,15.79000000,461.14379200,1617249695687,False,True
1396934,29.20890000,6.51000000,190.14993900,1617249695687,False,True
1396935,29.15700000,0.60000000,17.49420000,1617249768649,True,True
1396936,29.15690000,0.60000000,17.49414000,1617249778250,True,True
1396937,29.15690000,1.40000000,40.81966000,1617249802222,True,True
1396938,29.15010000,0.47000000,13.70054700,1617249802328,True,True
1396939,29.15010000,0.47000000,13.70054700,1617249802328,True,True
1396940,29.15010000,0.47000000,13.70054700,1617249802328,True,True
1396941,29.15010000,0.47000000,13.70054700,1617249802328,True,True
1396942,29.15010000,0.47000000,13.70054700,1617249802328,True,True
1396943,29.15010000,0.47000000,13.70054700,1617249802328,True,True
1396944,29.15010000,0.47000000,13.70054700,1617249802328,True,True
1396945,29.15010000,0.14000000,4.08101400,1617249802328,True,True
1396946,29.15010000,0.33000000,9.61953300,1617249802328,True,True
1396947,29.15010000,0.35000000,10.20253500,1617249802328,True,True
1396948,29.15000000,49.74000000,1449.92100000,1617249802345,True,True
1396949,29.14280000,0.71000000,20.69138800,1617249802383,True,True
1396950,29.14260000,0.75000000,21.85695000,1617249802397,True,True
1396951,29.11430000,3.28000000,95.49490400,1617249802760,True,True
1396952,29.10180000,10.78000000,313.71740400,1617249803018,True,True
1396953,29.07580000,0.73000000,21.22533400,1617249806359,True,True
1396954,29.08040000,30.84000000,896.83953600,1617249809174,False,True
1396955,29.09740000,37.51000000,1091.44347400,1617249823237,False,True
1396956,29.11230000,14.93000000,434.64663900,1617249878674,True,True
1396957,29.11220000,3.63000000,105.67728600,1617249878675,True,True
1396958,29.20850000,1.22000000,35.63437000,1617250065765,False,True
1396959,29.20850000,13.71000000,400.44853500,1617250077345,False,True
1396960,29.16370000,30.00000000,874.91100000,1617250293288,True,True
1396961,29.16370000,2.28000000,66.49323600,1617250293740,True,True
1396962,29.16370000,24.65000000,718.88520500,1617250294180,True,True
1396963,29.13000000,9.10000000,265.08300000,1617250312172,True,True
1396964,29.13000000,34.28000000,998.57640000,1617250312321,True,True
1396965,29.12990000,0.86000000,25.05171400,1617250346888,False,True
1396966,29.09020000,1.20000000,34.90824000,1617250410078,True,True
1396967,29.09000000,10.90000000,317.08100000,1617250412787,True,True
1396968,29.09000000,32.54000000,946.58860000,1617250412993,True,True
1396969,29.09110000,0.87000000,25.30925700,1617250471275,True,True
1396970,29.09100000,5.81000000,169.01871000,1617250471275,True,True
1396971,29.19990000,0.47000000,13.72395300,1617250765945,False,True
1396972,29.19990000,0.22000000,6.42397800,1617250765945,False,True
1396973,29.20850000,0.96000000,28.04016000,1617251089326,False,True
1396974,29.16460000,0.48000000,13.99900800,1617251219256,False,True
1396975,29.16460000,2.61000000,76.11960600,1617251219256,False,True
1396976,29.14760000,0.65000000,18.94594000,1617251279597,False,True
1396977,29.11070000,9.42000000,274.22279400,1617251322760,True,True
1396978,29.11070000,59.26000000,1725.10008200,1617251322760,True,True
1396979,29.08880000,7.93000000,230.67418400,1617251325373,True,True
1396980,29.06170000,3.26000000,94.74114200,1617251325391,True,True
1396981,29.06160000,2.01000000,58.41381600,1617251325391,True,True
1396982,29.05400000,0.80000000,23.24320000,1617251325391,True,True
1396983,29.03920000,0.72000000,20.90822400,1617251325391,True,True
1396984,29.03890000,1.14000000,33.10434600,1617251325391,True,True
1396985,29.03890000,11.03000000,320.29906700,1617251467714,False,True
1396986,29.03890000,11.35000000,329.59151500,1617251467720,False,True
1396987,29.15600000,6.29000000,183.39124000,1617251570969,False,True
1396988,29.15600000,4.49000000,130.91044000,1617251570970,False,True
1396989,29.03890000,406.55000000,11805.76479500,1617251651482,True,True
1396990,29.03780000,0.75000000,21.77835000,1617251651974,True,True
1396991,29.02680000,0.69000000,20.02849200,1617251665974,True,True
1396992,29.02300000,0.47000000,13.64081000,1617251666064,True,True
1396993,29.02300000,1.34000000,38.89082000,1617251794887,True,True
1396994,29.01320000,4.32000000,125.33702400,1617251796011,True,True
1396995,29.00150000,1.04000000,30.16156000,1617251862788,True,True
1396996,29.00000000,3.15000000,91.35000000,1617251862788,True,True
1396997,29.01320000,2.00000000,58.02640000,1617251876535,False,True
1396998,29.01320000,3.31000000,96.03369200,1617251886028,True,True
1396999,29.00020000,1.40000000,40.60028000,1617251886028,True,True
1397000,29.04460000,0.63000000,18.29809800,1617251905507,False,True
1397001,29.00490000,1.53000000,44.37749700,1617252096317,True,True
1397002,29.00490000,15.68000000,454.79683200,1617252096344,True,True
1397003,29.00000000,14.09000000,408.61000000,1617252097274,True,True
1397004,28.99850000,0.75000000,21.74887500,1617252134711,True,True
1397005,29.07600000,18.41000000,535.28916000,1617252205716,False,True
1397006,28.98060000,16.68000000,483.39640800,1617252255351,True,True
1397007,28.98050000,2.00000000,57.96100000,1617252255392,True,True
1397008,28.96680000,5.99000000,173.51113200,1617252270350,True,True
1397009,28.96660000,2.01000000,58.22286600,1617252276165,True,True
1397010,28.94850000,1.20000000,34.73820000,1617252305767,True,True
1397011,28.94350000,0.51000000,14.76118500,1617252328411,True,True
1397012,28.94290000,0.41000000,11.86658900,1617252328411,True,True
1397013,28.94030000,3.28000000,94.92418400,1617252328411,True,True
1397014,28.93610000,0.58000000,16.78293800,1617252328411,True,True
1397015,28.93610000,0.14000000,4.05105400,1617252328818,True,True
1397016,28.93330000,0.75000000,21.69997500,1617252328818,True,True
1397017,28.92850000,11.05000000,319.65992500,1617252328818,True,True
1397018,28.92900000,19.12000000,553.12248000,1617252359543,True,True
1397019,28.92870000,16.19000000,468.35565300,1617252359543,True,True
1397020,28.95150000,1.77000000,51.24415500,1617252417250,True,True
1397021,28.98990000,1.34000000,38.84646600,1617252470994,False,True
1397022,28.98970000,1.30000000,37.68661000,1617252472507,False,True
1397023,28.98730000,1.07000000,31.01641100,1617252479877,False,True
1397024,28.98870000,0.97000000,28.11903900,1617252535418,False,True
1397025,29.00020000,1.28000000,37.12025600,1617252535880,False,True
1397026,29.00000000,1.28000000,37.12000000,1617252537212,False,True
1397027,28.99920000,1.21000000,35.08903200,1617252540976,False,True
1397028,28.95270000,1.30000000,37.63851000,1617252594401,True,True
1397029,28.92890000,0.69000000,19.96094100,1617252625336,True,True
1397030,28.92850000,10.26000000,296.80641000,1617252625336,True,True
1397031,28.92850000,4.95000000,143.19607500,1617252625419,True,True
1397032,28.92850000,3.74000000,108.19259000,1617252625884,True,True
1397033,28.92220000,0.69000000,19.95631800,1617252625986,True,True
1397034,28.92220000,0.35000000,10.12277000,1617252626054,True,True
1397035,28.91140000,4.75000000,137.32915000,1617252626054,True,True
1397036,28.91140000,3.37000000,97.43141800,1617252626591,True,True
1397037,28.91140000,2.54000000,73.43495600,1617252626596,True,True
1397038,28.91140000,8.87000000,256.44411800,1617252626643,True,True
1397039,28.91140000,3.53000000,102.05724200,1617252626647,True,True
1397040,28.91140000,10.78000000,311.66489200,1617252626647,True,True
1397041,28.91110000,1.35000000,39.02998500,1617252627196,True,True
1397042,28.90880000,0.70000000,20.23616000,1617252627196,True,True
1397043,28.87820000,9.70000000,280.11854000,1617252628330,False,True
1397044,28.87200000,2.02000000,58.32144000,1617252628896,True,True
1397045,28.87000000,0.73000000,21.07510000,1617252629770,True,True
1397046,28.85590000,1.78000000,51.36350200,1617252630118,True,True
1397047,28.87340000,0.83000000,23.96492200,1617252630526,False,True
1397048,28.85110000,0.69000000,19.90725900,1617252631545,True,True
1397049,28.83330000,0.69000000,19.89497700,1617252633027,True,True
1397050,28.85110000,0.64000000,18.46470400,1617252634647,False,True
1397051,28.85120000,0.71000000,20.48435200,1617252638020,False,True
1397052,28.85110000,0.65000000,18.75321500,1617252638751,False,True
1397053,28.85120000,16.19000000,467.10092800,1617252639916,False,True
1397054,28.85120000,21.69000000,625.78252800,1617252639917,False,True
1397055,28.83330000,0.03000000,0.86499900,1617252653581,True,True
1397056,28.82920000,0.76000000,21.91019200,1617252653760,True,True
1397057,28.82390000,1.54000000,44.38880600,1617252653927,True,True
1397058,28.79860000,1.44000000,41.46998400,1617252654341,True,True
1397059,28.78450000,0.87000000,25.04251500,1617252655458,True,True
1397060,28.78370000,0.80000000,23.02696000,1617252655858,True,True
1397061,28.77760000,2.03000000,58.41852800,1617252656109,True,True
1397062,28.77340000,0.56000000,16.11310400,1617252656381,True,True
1397063,28.76870000,1.05000000,30.20713500,1617252656659,True,True
1397064,28.76750000,3.28000000,94.35740000,1617252656854,True,True
1397065,28.76750000,1.62000000,46.60335000,1617252657011,True,True
1397066,28.76740000,3.28000000,94.35707200,1617252657157,True,True
1397067,28.76330000,0.76000000,21.86010800,1617252657323,True,True
1397068,28.76090000,1.20000000,34.51308000,1617252657682,True,True
1397069,28.75510000,0.50000000,14.37755000,1617252660999,True,True
1397070,28.74590000,31.05000000,892.56019500,1617252662409,False,True
1397071,28.73080000,0.70000000,20.11156000,1617252667870,True,True
1397072,28.73080000,0.02000000,0.57461600,1617252670504,True,True
1397073,28.73080000,0.95000000,27.29426000,1617252674691,True,True
1397074,28.72560000,4.14000000,118.92398400,1617252674786,True,True
1397075,28.72550000,0.76000000,21.83138000,1617252675785,True,True
1397076,28.72550000,16.88000000,484.88644000,1617252682253,True,True
1397077,28.72550000,233.87000000,6718.03268500,1617252682613,True,True
1397078,28.72550000,49.05000000,1408.98577500,1617252682623,True,True
1397079,28.72550000,233.87000000,6718.03268500,1617252685812,True,True
1397080,28.71200000,0.52000000,14.93024000,1617252685812,True,True
1397081,28.68370000,19.58000000,561.62684600,1617252685812,True,True
1397082,28.68360000,2.03000000,58.22770800,1617252685812,True,True
1397083,28.68360000,38.37000000,1100.58973200,1617252685812,True,True
1397084,28.68360000,0.03000000,0.86050800,1617252685812,True,True
1397085,28.67650000,0.69000000,19.78678500,1617252685876,True,True
1397086,28.67390000,10.20000000,292.47378000,1617252686105,False,True
1397087,28.68890000,33.84000000,970.83237600,1617252695878,False,True
1397088,28.68890000,0.82000000,23.52489800,1617252695878,False,True
1397089,28.66660000,2.00000000,57.33320000,1617252704438,True,True
1397090,28.66570000,0.74000000,21.21261800,1617252705194,True,True
1397091,28.65350000,0.44000000,12.60754000,1617252705943,True,True
1397092,28.64630000,2.00000000,57.29260000,1617252707449,True,True
1397093,28.63000000,9.84000000,281.71920000,1617252732809,True,True
1397094,28.62880000,0.73000000,20.89902400,1617252736584,True,True
1397095,28.62220000,0.76000000,21.75287200,1617252737595,True,True
1397096,28.59560000,0.35000000,10.00846000,1617252742566,True,True
1397097,28.59550000,3.28000000,93.79324000,1617252742693,True,True
1397098,28.58980000,2.04000000,58.32319200,1617252742753,True,True
1397099,28.58880000,0.70000000,20.01216000,1617252742753,True,True
1397100,28.57520000,0.54000000,15.43060800,1617252742753,True,True
1397101,28.57520000,0.51000000,14.57335200,1617252746050,True,True
1397102,28.57450000,1.21000000,34.57514500,1617252746050,True,True
1397103,28.57140000,5.49000000,156.85698600,1617252746050,True,True
1397104,28.57140000,0.75000000,21.42855000,1617252749686,True,True
1397105,28.57140000,2.69000000,76.85706600,1617252749713,True,True
1397106,28.57140000,0.75000000,21.42855000,1617252749757,True,True
1397107,28.57140000,2.34000000,66.85707600,1617252749875,True,True
1397108,28.57140000,0.75000000,21.42855000,1617252749909,True,True
1397109,28.57140000,17.23000000,492.28522200,1617252751148,True,True
1397110,28.56840000,1.80000000,51.42312000,1617252751413,True,True
1397111,28.55780000,0.36000000,10.28080800,1617252751451,True,True
1397112,28.53780000,1.06000000,30.25006800,1617252751451,True,True
1397113,28.53050000,0.38000000,10.84159000,1617252751451,True,True
1397114,28.56620000,20.33000000,580.75084600,1617252753263,False,True
1397115,28.62220000,0.37000000,10.59021400,1617252755411,False,True
1397116,28.68450000,4.04000000,115.88538000,1617252781641,True,True
1397117,28.69680000,4.08000000,117.08294400,1617252787440,True,True
1397118,28.69680000,30.00000000,860.90400000,1617252787442,True,True
1397119,28.71820000,0.35000000,10.05137000,1617252818185,False,True
1397120,28.74030000,2.04000000,58.63021200,1617252820370,False,True
1397121,28.76740000,3.28000000,94.35707200,1617252867209,False,True
1397122,28.78240000,0.76000000,21.87462400,1617252868088,False,True
1397123,28.78810000,10.78000000,310.33571800,1617252868236,False,True
1397124,28.78820000,0.73000000,21.01538600,1617252868302,False,True
1397125,28.78820000,0.34000000,9.78798800,1617252891378,False,True
1397126,28.73590000,0.35000000,10.05756500,1617252893500,True,True
1397127,28.72180000,0.50000000,14.36090000,1617252896398,True,True
1397128,28.81750000,0.12000000,3.45810000,1617252966101,False,True
1397129,28.81830000,1.21000000,34.87014300,1617253034696,False,True
1397130,28.82310000,1.06000000,30.55248600,1617253035129,False,True
1397131,28.83370000,96.24000000,2774.95528800,1617253035376,False,True
1397132,28.83460000,2.03000000,58.53423800,1617253035583,False,True
1397133,28.85110000,0.69000000,19.90725900,1617253036124,False,True
1397134,28.86540000,0.50000000,14.43270000,1617253037476,False,True
1397135,28.88630000,0.76000000,21.95358800,1617253177111,False,True
1397136,28.89080000,0.72000000,20.80137600,1617253177111,False,True
1397137,28.90000000,298.52000000,8627.22800000,1617253177117,True,True
1397138,28.91120000,1.80000000,52.04016000,1617253181833,False,True
1397139,28.92360000,0.74000000,21.40346400,1617253182125,False,True
1397140,28.92850000,30.00000000,867.85500000,1617253182143,False,True
1397141,28.92910000,2.03000000,58.72607300,1617253182336,False,True
1397142,28.94030000,3.28000000,94.92418400,1617253182444,False,True
1397143,28.94360000,0.52000000,15.05067200,1617253183967,False,True
1397144,28.91850000,6.51000000,188.25943500,1617253187341,True,True
1397145,28.91850000,0.83000000,24.00235500,1617253187341,True,True
1397146,28.91850000,0.99000000,28.62931500,1617253187341,True,True
1397147,28.91850000,2.25000000,65.06662500,1617253187347,True,True
1397148,28.91850000,1.26000000,36.43731000,1617253187347,True,True
1397149,28.91850000,1.98000000,57.25863000,1617253187347,True,True
1397150,28.87790000,0.50000000,14.43895000,1617253274664,True,True
1397151,28.78750000,0.35000000,10.07562500,1617253358225,True,True
1397152,28.78040000,0.52000000,14.96580800,1617253532032,True,True
1397153,28.77760000,2.03000000,58.41852800,1617253533438,True,True
1397154,28.76740000,2.76000000,79.39802400,1617253533455,True,True
1397155,28.76740000,0.52000000,14.95904800,1617253550982,True,True
1397156,28.78120000,35.37000000,1017.99104400,1617253650702,True,True
1397157,28.78040000,0.42000000,12.08776800,1617253650702,True,True
1397158,28.77050000,25.91000000,745.44365500,1617253650702,True,True
1397159,28.90740000,0.48000000,13.87555200,1617253718887,False,True
1397160,28.90740000,0.48000000,13.87555200,1617253718887,False,True
1397161,28.90740000,0.48000000,13.87555200,1617253718887,False,True
1397162,28.90740000,0.48000000,13.87555200,1617253718887,False,True
1397163,28.90740000,0.48000000,13.87555200,1617253718887,False,True
1397164,28.90740000,0.48000000,13.87555200,1617253718887,False,True
1397165,28.90740000,0.48000000,13.87555200,1617253718887,False,True
1397166,28.90740000,0.48000000,13.87555200,1617253718887,False,True
1397167,28.90740000,0.31000000,8.96129400,1617253718887,False,True
1397168,28.92910000,2.03000000,58.72607300,1617253723832,False,True
1397169,28.92910000,7.08000000,204.81802800,1617253723832,False,True
1397170,28.94030000,3.28000000,94.92418400,1617253748542,False,True
1397171,28.90430000,0.48000000,13.87406400,1617253792254,True,True
1397172,28.89360000,19.98000000,577.29412800,1617253831583,True,True
1397173,28.89420000,0.48000000,13.86921600,1617253833673,True,True
1397174,28.89420000,31.61000000,913.34566200,1617253833673,True,True
1397175,28.84720000,25.19000000,726.66096800,1617254008292,False,True
1397176,28.84660000,2.43000000,70.09723800,1617254028760,False,True
1397177,28.84690000,0.48000000,13.84651200,1617254041282,False,True
1397178,28.84690000,0.48000000,13.84651200,1617254041282,False,True
1397179,28.84690000,0.48000000,13.84651200,1617254041282,False,True
1397180,28.84690000,0.48000000,13.84651200,1617254041282,False,True
1397181,28.84690000,0.48000000,13.84651200,1617254041282,False,True
1397182,28.84690000,0.48000000,13.84651200,1617254041282,False,True
1397183,28.84690000,0.48000000,13.84651200,1617254041282,False,True
1397184,28.84690000,0.10000000,2.88469000,1617254041282,False,True
1397185,28.84690000,0.38000000,10.96182200,1617254041291,False,True
1397186,28.84690000,0.32000000,9.23100800,1617254041291,False,True
1397187,28.82550000,0.48000000,13.83624000,1617254258539,True,True
1397188,28.82550000,0.48000000,13.83624000,1617254258539,True,True
1397189,28.82550000,0.48000000,13.83624000,1617254258539,True,True
1397190,28.82550000,0.48000000,13.83624000,1617254258539,True,True
1397191,28.82550000,0.48000000,13.83624000,1617254258539,True,True
1397192,28.82550000,0.48000000,13.83624000,1617254258539,True,True
1397193,28.82550000,0.48000000,13.83624000,1617254258539,True,True
1397194,28.82550000,0.10000000,2.88255000,1617254258539,True,True
1397195,28.82550000,0.38000000,10.95369000,1617254258540,True,True
1397196,28.82550000,0.31000000,8.93590500,1617254258540,True,True
1397197,28.82550000,0.48000000,13.83624000,1617254291129,True,True
1397198,28.82550000,0.48000000,13.83624000,1617254291129,True,True
1397199,28.82550000,0.48000000,13.83624000,1617254291129,True,True
1397200,28.82550000,0.48000000,13.83624000,1617254291129,True,True
1397201,28.82550000,0.48000000,13.83624000,1617254291129,True,True
1397202,28.82550000,0.48000000,13.83624000,1617254291129,True,True
1397203,28.82550000,0.48000000,13.83624000,1617254291129,True,True
1397204,28.82550000,0.48000000,13.83624000,1617254291129,True,True
1397205,28.82550000,0.31000000,8.93590500,1617254291129,True,True
1397206,28.82540000,17.05000000,491.47307000,1617254291129,True,True
1397207,28.82540000,13.01000000,375.01845400,1617254291149,True,True
1397208,28.82540000,12.49000000,360.02924600,1617254291153,True,True
1397209,28.82540000,4.18000000,120.49017200,1617254292330,True,True
1397210,28.82540000,12.87000000,370.98289800,1617254292890,True,True
1397211,28.77760000,2.03000000,58.41852800,1617254352581,True,True
1397212,28.77050000,3.47000000,99.83363500,1617254354810,True,True
1397213,28.76740000,3.28000000,94.35707200,1617254354846,True,True
1397214,28.73080000,0.72000000,20.68617600,1617254401198,True,True
1397215,28.72550000,0.76000000,21.83138000,1617254401385,True,True
1397216,28.71200000,0.52000000,14.93024000,1617254401928,True,True
1397217,28.68360000,2.03000000,58.22770800,1617254403126,True,True
1397218,28.67650000,0.69000000,19.78678500,1617254404102,True,True
1397219,28.68440000,6.74000000,193.33285600,1617254411129,False,True
1397220,28.66570000,0.74000000,21.21261800,1617254452215,True,True
1397221,28.78150000,0.10000000,2.87815000,1617254563874,False,True
1397222,28.76570000,37.67000000,1083.60391900,1617254645729,True,True
1397223,28.75000000,10.70000000,307.62500000,1617254689908,True,True
1397224,28.75000000,17.12000000,492.20000000,1617254690078,True,True
1397225,28.76570000,6.92000000,199.05864400,1617254721327,False,True
1397226,28.76570000,5.00000000,143.82850000,1617254721394,False,True
1397227,28.76570000,35.54000000,1022.33297800,1617254721415,False,True
1397228,28.76570000,10.00000000,287.65700000,1617254721423,False,True
1397229,28.76570000,10.00000000,287.65700000,1617254721436,False,True
1397230,28.76570000,10.00000000,287.65700000,1617254721441,False,True
1397231,28.76570000,5.00000000,143.82850000,1617254721442,False,True
1397232,28.76570000,5.00000000,143.82850000,1617254721443,False,True
1397233,28.76570000,5.00000000,143.82850000,1617254721451,False,True
1397234,28.76570000,40.00000000,1150.62800000,1617254721464,False,True
1397235,28.76570000,15.00000000,431.48550000,1617254721509,False,True
1397236,28.76570000,10.00000000,287.65700000,1617254721515,False,True
1397237,28.76570000,336.21000000,9671.31599700,1617254721525,False,True
1397238,28.76570000,40.00000000,1150.62800000,1617254721536,False,True
1397239,28.79990000,0.48000000,13.82395200,1617254774758,False,True
1397240,28.79990000,0.48000000,13.82395200,1617254774758,False,True
1397241,28.79990000,0.48000000,13.82395200,1617254774758,False,True
1397242,28.79990000,0.48000000,13.82395200,1617254774758,False,True
1397243,28.79990000,0.48000000,13.82395200,1617254774758,False,True
1397244,28.79990000,0.48000000,13.82395200,1617254774758,False,True
1397245,28.79990000,0.48000000,13.82395200,1617254774758,False,True
1397246,28.79990000,0.48000000,13.82395200,1617254774758,False,True
1397247,28.79990000,0.33000000,9.50396700,1617254774758,False,True
1397248,28.80000000,14.23000000,409.82400000,1617254774758,False,True
1397249,28.80000000,3.73000000,107.42400000,1617254775500,False,True
1397250,28.77560000,15.15000000,435.95034000,1617254823825,True,True
1397251,28.81940000,0.48000000,13.83331200,1617254859538,False,True
1397252,28.81940000,0.48000000,13.83331200,1617254859538,False,True
1397253,28.81940000,0.48000000,13.83331200,1617254859538,False,True
1397254,28.81940000,0.48000000,13.83331200,1617254859538,False,True
1397255,28.81940000,0.48000000,13.83331200,1617254859538,False,True
1397256,28.81940000,0.48000000,13.83331200,1617254859538,False,True
1397257,28.81940000,0.48000000,13.83331200,1617254859538,False,True
1397258,28.81940000,0.48000000,13.83331200,1617254859538,False,True
1397259,28.81940000,0.32000000,9.22220800,1617254859538,False,True
1397260,28.81950000,9.71000000,279.83734500,1617254859538,False,True
1397261,28.77590000,3.73000000,107.33410700,1617254932425,True,True
1397262,28.77550000,6.95000000,199.98972500,1617254932813,True,True
1397263,28.76400000,9.90000000,284.76360000,1617254933013,True,True
1397264,28.73890000,20.00000000,574.77800000,1617254950914,True,True
1397265,28.75310000,2.34000000,67.28225400,1617255149134,True,True
1397266,28.75280000,11.97000000,344.17101600,1617255149134,True,True
1397267,28.80530000,1.40000000,40.32742000,1617255213945,False,True
1397268,28.80530000,2.30000000,66.25219000,1617255214201,False,True
1397269,28.80530000,0.03000000,0.86415900,1617255279900,False,True
1397270,28.82290000,0.48000000,13.83499200,1617255341173,False,True
1397271,28.82290000,0.48000000,13.83499200,1617255341173,False,True
1397272,28.82290000,0.48000000,13.83499200,1617255341173,False,True
1397273,28.82290000,0.48000000,13.83499200,1617255341173,False,True
1397274,28.82290000,0.48000000,13.83499200,1617255341173,False,True
1397275,28.82290000,0.48000000,13.83499200,1617255341173,False,True
1397276,28.82290000,0.48000000,13.83499200,1617255341173,False,True
1397277,28.82290000,0.10000000,2.88229000,1617255341173,False,True
1397278,28.82290000,0.38000000,10.95270200,1617255341175,False,True
1397279,28.82290000,0.32000000,9.22332800,1617255341175,False,True
1397280,28.82300000,9.90000000,285.34770000,1617255341692,False,True
1397281,28.83460000,2.03000000,58.53423800,1617255343426,False,True
1397282,28.85110000,0.60000000,17.31066000,1617255345245,False,True
1397283,28.83250000,37.55000000,1082.66037500,1617255345259,True,True
1397284,28.85110000,0.09000000,2.59659900,1617255354323,False,True
1397285,28.86080000,0.38000000,10.96710400,1617255437116,False,True
1397286,28.80840000,0.48000000,13.82803200,1617255474401,True,True
1397287,28.80840000,0.35000000,10.08294000,1617255474401,True,True
1397288,28.83000000,17.33000000,499.62390000,1617255512363,False,True
1397289,28.83000000,20.18000000,581.78940000,1617255512380,False,True
1397290,28.83000000,0.71000000,20.46930000,1617255512403,False,True
1397291,28.86620000,0.48000000,13.85577600,1617255531524,False,True
1397292,28.86620000,0.48000000,13.85577600,1617255531524,False,True
1397293,28.86620000,0.48000000,13.85577600,1617255531524,False,True
1397294,28.86620000,0.48000000,13.85577600,1617255531524,False,True
1397295,28.86620000,0.48000000,13.85577600,1617255531524,False,True
1397296,28.86620000,0.48000000,13.85577600,1617255531524,False,True
1397297,28.86620000,0.48000000,13.85577600,1617255531524,False,True
1397298,28.86620000,0.10000000,2.88662000,1617255531524,False,True
1397299,28.86620000,0.38000000,10.96915600,1617255531524,False,True
1397300,28.86620000,0.32000000,9.23718400,1617255531524,False,True
1397301,28.86630000,13.01000000,375.55056300,1617255531543,False,True
1397302,28.88630000,0.76000000,21.95358800,1617255576930,False,True
1397303,28.89080000,0.72000000,20.80137600,1617255586014,False,True
1397304,28.91380000,3.25000000,93.96985000,1617255586014,False,True
1397305,28.85240000,69.17000000,1995.72050800,1617255756956,False,True
1397306,28.80000000,1.00000000,28.80000000,1617255766693,True,True
1397307,28.81450000,10.97000000,316.09506500,1617255832855,True,True
1397308,28.81450000,9.44000000,272.00888000,1617255832862,True,True
1397309,28.81450000,0.01000000,0.28814500,1617255832863,True,True
1397310,28.74660000,6.46000000,185.70303600,1617255832874,True,True
1397311,28.76420000,66.04000000,1899.58776800,1617255851977,True,True
1397312,28.76410000,2.65000000,76.22486500,1617255851977,True,True
1397313,28.82450000,9.44000000,272.10328000,1617255904762,True,True
1397314,28.82450000,0.48000000,13.83576000,1617255904762,True,True
1397315,28.82450000,5.58000000,160.84071000,1617255904762,True,True
1397316,28.83870000,0.48000000,13.84257600,1617255923602,True,True
1397317,28.86410000,39.82000000,1149.36846200,1617255926625,True,True
1397318,28.82450000,8.18000000,235.78441000,1617255975712,True,True
1397319,28.82620000,0.48000000,13.83657600,1617256019790,True,True
1397320,28.85100000,101.09000000,2916.54759000,1617256025150,False,True
1397321,28.85130000,15.02000000,433.34652600,1617256025150,False,True
1397322,28.85230000,30.50000000,879.99515000,1617256025150,False,True
1397323,28.86040000,15.47000000,446.47038800,1617256025150,False,True
1397324,28.73080000,0.72000000,20.68617600,1617256433786,True,True
1397325,28.72940000,6.29000000,180.70792600,1617256504770,True,True
1397326,28.72550000,0.76000000,21.83138000,1617256505069,True,True
1397327,28.69230000,1.09000000,31.27460700,1617256528879,True,True
1397328,28.69230000,30.00000000,860.76900000,1617256571248,True,True
1397329,28.69230000,3.58000000,102.71843400,1617256597088,True,True
1397330,28.69230000,1.27000000,36.43922100,1617256597099,True,True
1397331,28.68360000,2.03000000,58.22770800,1617256597113,True,True
1397332,28.67650000,0.69000000,19.78678500,1617256597133,True,True
1397333,28.65450000,1.34000000,38.39703000,1617256597133,True,True
1397334,28.63830000,0.55000000,15.75106500,1617256632550,True,True
1397335,28.62880000,0.73000000,20.89902400,1617256662200,True,True
1397336,28.62220000,0.76000000,21.75287200,1617256662977,True,True
1397337,28.63840000,23.46000000,671.85686400,1617256667358,False,True
1397338,28.63850000,30.68000000,878.62918000,1617256667358,False,True
1397339,28.59550000,3.28000000,93.79324000,1617256682813,True,True
1397340,28.59550000,7.72000000,220.75726000,1617256682813,True,True
1397341,28.59550000,7.44000000,212.75052000,1617256683157,True,True
1397342,28.58980000,2.04000000,58.32319200,1617256731152,True,True
1397343,28.62990000,0.66000000,18.89573400,1617256758849,False,True
1397344,28.58980000,2.76000000,78.90784800,1617256759323,False,True
1397345,28.59610000,0.68000000,19.44534800,1617256796811,True,True
1397346,28.59600000,2.91000000,83.21436000,1617256796811,True,True
1397347,28.65760000,7.06000000,202.32265600,1617256945408,False,True
1397348,28.65760000,8.12000000,232.69971200,1617256945408,False,True
1397349,28.63070000,7.55000000,216.16178500,1617256959822,True,True
1397350,28.70510000,0.87000000,24.97343700,1617256963227,False,True
1397351,28.69000000,0.46000000,13.19740000,1617256963234,True,True
1397352,28.65000000,0.48000000,13.75200000,1617257108526,True,True
1397353,28.65000000,0.48000000,13.75200000,1617257108526,True,True
1397354,28.65000000,0.48000000,13.75200000,1617257108526,True,True
1397355,28.65000000,0.48000000,13.75200000,1617257108526,True,True
1397356,28.65000000,0.48000000,13.75200000,1617257108526,True,True
1397357,28.65000000,0.48000000,13.75200000,1617257108526,True,True
1397358,28.65000000,0.48000000,13.75200000,1617257108526,True,True
1397359,28.65000000,0.48000000,13.75200000,1617257108526,True,True
1397360,28.65000000,0.34000000,9.74100000,1617257108526,True,True
1397361,28.64990000,2.83000000,81.07921700,1617257108526,True,True
1397362,28.61000000,0.92000000,26.32120000,1617257184045,True,True
1397363,28.61000000,0.97000000,27.75170000,1617257285100,False,True
1397364,28.60960000,0.48000000,13.73260800,1617257334894,True,True
1397365,28.60960000,0.48000000,13.73260800,1617257334894,True,True
1397366,28.60960000,0.24000000,6.86630400,1617257334894,True,True
1397367,28.67900000,10.00000000,286.79000000,1617257357393,False,True
1397368,28.66520000,2.42000000,69.36978400,1617257359355,False,True
1397369,28.66520000,15.02000000,430.55130400,1617257359355,False,True
1397370,28.61390000,5.00000000,143.06950000,1617257450879,True,True
1397371,28.67690000,5.00000000,143.38450000,1617257454225,False,True
1397372,28.67700000,0.48000000,13.76496000,1617257454225,False,True
1397373,28.67700000,0.48000000,13.76496000,1617257454225,False,True
1397374,28.67700000,0.48000000,13.76496000,1617257454225,False,True
1397375,28.67700000,0.48000000,13.76496000,1617257454225,False,True
1397376,28.67700000,0.48000000,13.76496000,1617257454225,False,True
1397377,28.67700000,0.48000000,13.76496000,1617257454225,False,True
1397378,28.67700000,0.48000000,13.76496000,1617257454225,False,True
1397379,28.67700000,0.09000000,2.58093000,1617257454225,False,True
1397380,28.67560000,7.95000000,227.97102000,1617257472315,False,True
1397381,28.67570000,17.45000000,500.39096500,1617257472315,False,True
1397382,28.67570000,120.22000000,3447.39265400,1617257472629,False,True
1397383,28.67690000,54.25000000,1555.72182500,1617257475825,False,True
1397384,28.67700000,2.50000000,71.69250000,1617257483622,False,True
1397385,28.73870000,0.92000000,26.43960400,1617257680110,False,True
1397386,28.74030000,2.04000000,58.63021200,1617257680151,False,True
1397387,28.73990000,4.84000000,139.10111600,1617257734275,False,True
1397388,28.64970000,0.48000000,13.75185600,1617257823819,True,True
1397389,28.64970000,0.48000000,13.75185600,1617257823819,True,True
1397390,28.64970000,0.48000000,13.75185600,1617257823819,True,True
1397391,28.64970000,0.48000000,13.75185600,1617257823819,True,True
1397392,28.64970000,0.48000000,13.75185600,1617257823819,True,True
1397393,28.64970000,0.48000000,13.75185600,1617257823819,True,True
1397394,28.64970000,0.48000000,13.75185600,1617257823819,True,True
1397395,28.64970000,0.48000000,13.75185600,1617257823819,True,True
1397396,28.64970000,0.34000000,9.74089800,1617257823819,True,True
1397397,28.64960000,101.09000000,2896.18806400,1617257823819,True,True
1397398,28.64950000,36.37000000,1041.98231500,1617257823819,True,True
1397399,28.64460000,10.78000000,308.78878800,1617257823819,True,True
1397400,28.64410000,48.83000000,1398.69140300,1617257823819,True,True
1397401,28.70820000,0.48000000,13.77993600,1617257839945,False,True
1397402,28.70820000,0.48000000,13.77993600,1617257839945,False,True
1397403,28.70820000,0.48000000,13.77993600,1617257839945,False,True
1397404,28.70820000,0.48000000,13.77993600,1617257839945,False,True
1397405,28.70820000,0.48000000,13.77993600,1617257839945,False,True
1397406,28.70820000,0.48000000,13.77993600,1617257839945,False,True
1397407,28.70820000,0.48000000,13.77993600,1617257839945,False,True
1397408,28.70820000,0.48000000,13.77993600,1617257839945,False,True
1397409,28.70820000,0.34000000,9.76078800,1617257839945,False,True
1397410,28.70830000,34.68000000,995.60384400,1617257839945,False,True
1397411,28.67710000,0.48000000,13.76500800,1617257966303,True,True
1397412,28.67710000,0.48000000,13.76500800,1617257966303,True,True
1397413,28.67710000,0.48000000,13.76500800,1617257966303,True,True
1397414,28.67710000,0.48000000,13.76500800,1617257966303,True,True
1397415,28.67710000,0.48000000,13.76500800,1617257966303,True,True
1397416,28.67710000,0.48000000,13.76500800,1617257966303,True,True
1397417,28.67710000,0.48000000,13.76500800,1617257966303,True,True
1397418,28.67710000,0.48000000,13.76500800,1617257966303,True,True
1397419,28.67710000,0.34000000,9.75021400,1617257966303,True,True
1397420,28.67700000,6.26000000,179.51802000,1617257966303,True,True
1397421,28.67620000,0.48000000,13.76457600,1617257972803,True,True
1397422,28.67620000,0.48000000,13.76457600,1617257972803,True,True
1397423,28.67620000,0.48000000,13.76457600,1617257972803,True,True
1397424,28.67620000,0.48000000,13.76457600,1617257972803,True,True
1397425,28.67620000,0.48000000,13.76457600,1617257972803,True,True
1397426,28.67620000,0.20000000,5.73524000,1617257972803,True,True
1397427,28.67740000,0.48000000,13.76515200,1617257978635,True,True
1397428,28.67740000,0.17000000,4.87515800,1617257978635,True,True
1397429,28.74420000,6.12000000,175.91450400,1617257998853,False,True
1397430,28.74590000,0.48000000,13.79803200,1617258106671,False,True
1397431,28.74590000,0.48000000,13.79803200,1617258106671,False,True
1397432,28.74590000,0.48000000,13.79803200,1617258106671,False,True
1397433,28.74590000,0.48000000,13.79803200,1617258106671,False,True
1397434,28.74590000,0.48000000,13.79803200,1617258106671,False,True
1397435,28.74590000,0.48000000,13.79803200,1617258106671,False,True
1397436,28.74590000,0.48000000,13.79803200,1617258106671,False,True
1397437,28.74590000,0.12000000,3.44950800,1617258106671,False,True
1397438,28.74590000,0.36000000,10.34852400,1617258106672,False,True
1397439,28.74590000,0.33000000,9.48614700,1617258106672,False,True
