39704125,15.05000000,1.20000000,18.06000000,1666224006301,True,True
39704126,15.05000000,3.98000000,59.89900000,1666224006301,True,True
39704127,15.05000000,5.18000000,77.95900000,1666224006304,True,True
39704128,15.05000000,5.18000000,77.95900000,1666224006305,True,True
39704129,15.05000000,4.17000000,62.75850000,1666224007058,True,True
39704130,15.05000000,12.47000000,187.67350000,1666224007058,True,True
39704131,15.05000000,75.56000000,1137.17800000,1666224007058,True,True
39704132,15.05000000,28.65000000,431.18250000,1666224007058,True,True
39704133,15.05000000,35.84000000,539.39200000,1666224010435,True,True
39704134,15.06000000,4.12000000,62.04720000,1666224011095,False,True
39704135,15.05000000,2.03000000,30.55150000,1666224011657,False,True
39704136,15.04000000,0.71000000,10.67840000,1666224011711,True,True
39704137,15.04000000,11.55000000,173.71200000,1666224011711,True,True
39704138,15.04000000,3.30000000,49.63200000,1666224011711,True,True
39704139,15.04000000,4.17000000,62.71680000,1666224011711,True,True
39704140,15.04000000,37.48000000,563.69920000,1666224011711,True,True
39704141,15.04000000,6.18000000,92.94720000,1666224011933,False,True
39704142,15.04000000,4.45000000,66.92800000,1666224019359,True,True
39704143,15.04000000,1.95000000,29.32800000,1666224025803,True,True
39704144,15.04000000,14.02000000,210.86080000,1666224027482,True,True
39704145,15.04000000,19.16000000,288.16640000,1666224027482,True,True
39704146,15.04000000,7.45000000,112.04800000,1666224027489,True,True
39704147,15.04000000,26.61000000,400.21440000,1666224027499,True,True
39704148,15.04000000,26.61000000,400.21440000,1666224027555,True,True
39704149,15.04000000,26.61000000,400.21440000,1666224030848,True,True
39704150,15.04000000,26.61000000,400.21440000,1666224030848,True,True
39704151,15.04000000,0.01000000,0.15040000,1666224030848,True,True
39704152,15.04000000,15.58000000,234.32320000,1666224030969,False,True
39704153,15.04000000,10.14000000,152.50560000,1666224030969,False,True
39704154,15.04000000,10.76000000,161.83040000,1666224031855,True,True
39704155,15.04000000,49.10000000,738.46400000,1666224033956,True,True
39704156,15.04000000,66.59000000,1001.51360000,1666224033956,True,True
39704157,15.04000000,39.78000000,598.29120000,1666224033956,True,True
39704158,15.04000000,0.67000000,10.07680000,1666224040155,False,True
39704159,15.04000000,4.83000000,72.64320000,1666224047423,True,True
39704160,15.04000000,5.93000000,89.18720000,1666224047459,False,True
39704161,15.04000000,9.66000000,145.28640000,1666224051381,False,True
39704162,15.04000000,20.88000000,314.03520000,1666224051381,False,True
39704163,15.04000000,18.31000000,275.38240000,1666224051390,False,True
39704164,15.04000000,3.25000000,48.88000000,1666224052675,True,True
39704165,15.05000000,1.88000000,28.29400000,1666224053740,False,True
39704166,15.05000000,13.20000000,198.66000000,1666224053740,False,True
39704167,15.05000000,39.91000000,600.64550000,1666224053740,False,True
39704168,15.05000000,24.84000000,373.84200000,1666224053740,False,True
39704169,15.05000000,23.63000000,355.63150000,1666224053772,True,True
39704170,15.05000000,1.28000000,19.26400000,1666224053884,True,True
39704171,15.05000000,7.54000000,113.47700000,1666224054078,True,True
39704172,15.05000000,2.49000000,37.47450000,1666224054154,True,True
39704173,15.05000000,7.09000000,106.70450000,1666224054987,True,True
39704174,15.05000000,1.85000000,27.84250000,1666224054987,True,True
39704175,15.05000000,2.54000000,38.22700000,1666224066111,False,True
39704176,15.05000000,4.20000000,63.21000000,1666224066111,False,True
39704177,15.05000000,20.00000000,301.00000000,1666224070032,True,True
39704178,15.05000000,16.77000000,252.38850000,1666224070033,True,True
39704179,15.05000000,40.74000000,613.13700000,1666224070033,True,True
39704180,15.05000000,8.59000000,129.27950000,1666224070078,True,True
39704181,15.05000000,1.51000000,22.72550000,1666224078399,False,True
39704182,15.05000000,6.61000000,99.48050000,1666224084536,False,True
39704183,15.05000000,14.36000000,216.11800000,1666224084536,False,True
39704184,15.05000000,5.48000000,82.47400000,1666224084597,False,True
39704185,15.05000000,6.25000000,94.06250000,1666224094946,False,True
39704186,15.05000000,6.25000000,94.06250000,1666224094946,False,True
39704187,15.05000000,6.25000000,94.06250000,1666224094946,False,True
39704188,15.05000000,6.25000000,94.06250000,1666224094946,False,True
39704189,15.05000000,28.66000000,431.33300000,1666224096979,True,True
39704190,15.05000000,15.58000000,234.47900000,1666224096979,True,True
39704191,15.05000000,28.67000000,431.48350000,1666224096979,True,True
39704192,15.05000000,7.09000000,106.70450000,1666224096979,True,True
39704193,15.05000000,3.05000000,45.90250000,1666224096992,True,True
39704194,15.04000000,4.58000000,68.88320000,1666224106672,True,True
39704195,15.04000000,8.82000000,132.65280000,1666224106672,True,True
39704196,15.04000000,6.35000000,95.50400000,1666224121922,False,True
39704197,15.04000000,0.39000000,5.86560000,1666224121929,False,True
39704198,15.04000000,2.08000000,31.28320000,1666224121929,False,True
39704199,15.05000000,2.49000000,37.47450000,1666224125059,True,True
39704200,15.06000000,4.17000000,62.80020000,1666224127723,False,True
39704201,15.06000000,15.00000000,225.90000000,1666224127723,False,True
39704202,15.06000000,15.00000000,225.90000000,1666224127723,False,True
39704203,15.06000000,15.58000000,234.63480000,1666224127723,False,True
39704204,15.06000000,2.49000000,37.49940000,1666224127773,True,True
39704205,15.06000000,2.49000000,37.49940000,1666224127833,True,True
39704206,15.06000000,20.00000000,301.20000000,1666224128665,True,True
39704207,15.06000000,10.14000000,152.70840000,1666224131523,True,True
39704208,15.06000000,34.59000000,520.92540000,1666224148516,False,True
39704209,15.06000000,5.04000000,75.90240000,1666224152460,False,True
39704210,15.06000000,26.98000000,406.31880000,1666224164717,False,True
39704211,15.06000000,10.14000000,152.70840000,1666224164717,False,True
39704212,15.06000000,1.09000000,16.41540000,1666224164717,False,True
39704213,15.06000000,1.09000000,16.41540000,1666224164717,False,True
39704214,15.07000000,3.32000000,50.03240000,1666224182149,False,True
39704215,15.07000000,1.69000000,25.46830000,1666224182265,False,True
39704216,15.07000000,5.58000000,84.09060000,1666224184594,True,True
39704217,15.07000000,28.65000000,431.75550000,1666224184605,True,True
39704218,15.07000000,2.48000000,37.37360000,1666224184667,True,True
39704219,15.06000000,4.01000000,60.39060000,1666224184733,True,True
39704220,15.07000000,5.45000000,82.13150000,1666224185185,True,True
39704221,15.07000000,38.84000000,585.31880000,1666224185185,True,True
39704222,15.06000000,10.51000000,158.28060000,1666224199709,True,True
39704223,15.06000000,11.70000000,176.20200000,1666224199709,True,True
39704224,15.06000000,12.30000000,185.23800000,1666224199709,True,True
39704225,15.06000000,12.30000000,185.23800000,1666224199709,True,True
39704226,15.05000000,2.64000000,39.73200000,1666224206509,True,True
39704227,15.05000000,1.78000000,26.78900000,1666224206509,True,True
39704228,15.05000000,15.68000000,235.98400000,1666224206509,True,True
39704229,15.06000000,1.26000000,18.97560000,1666224209265,False,True
39704230,15.05000000,6.13000000,92.25650000,1666224209813,True,True
39704231,15.05000000,20.88000000,314.24400000,1666224209813,True,True
39704232,15.05000000,66.62000000,1002.63100000,1666224209813,True,True
39704233,15.05000000,10.50000000,158.02500000,1666224210116,False,True
39704234,15.05000000,3.32000000,49.96600000,1666224220357,False,True
39704235,15.04000000,3.30000000,49.63200000,1666224240332,True,True
39704236,15.04000000,4.17000000,62.71680000,1666224240332,True,True
39704237,15.04000000,221.38000000,3329.55520000,1666224240332,True,True
39704238,15.04000000,6.20000000,93.24800000,1666224240332,True,True
39704239,15.04000000,66.62000000,1001.96480000,1666224240332,True,True
39704240,15.04000000,120.04000000,1805.40160000,1666224240332,True,True
39704241,15.04000000,13.29000000,199.88160000,1666224240568,False,True
39704242,15.04000000,15.59000000,234.47360000,1666224240568,False,True
39704243,15.04000000,8.85000000,133.10400000,1666224240993,False,True
39704244,15.04000000,2.47000000,37.14880000,1666224241012,True,True
39704245,15.04000000,33.15000000,498.57600000,1666224241096,False,True
39704246,15.04000000,66.57000000,1001.21280000,1666224241096,False,True
39704247,15.04000000,5.86000000,88.13440000,1666224241159,False,True
39704248,15.04000000,129.30000000,1944.67200000,1666224242328,False,True
39704249,15.04000000,3.40000000,51.13600000,1666224246324,True,True
39704250,15.05000000,32.95000000,495.89750000,1666224248819,False,True
39704251,15.05000000,4.42000000,66.52100000,1666224251615,False,True
39704252,15.05000000,13.20000000,198.66000000,1666224251615,False,True
39704253,15.05000000,13.29000000,200.01450000,1666224251615,False,True
39704254,15.06000000,13.29000000,200.14740000,1666224251615,False,True
39704255,15.05000000,10.14000000,152.60700000,1666224251703,True,True
39704256,15.05000000,12.35000000,185.86750000,1666224251703,True,True
39704257,15.05000000,13.21000000,198.81050000,1666224258403,True,True
39704258,15.05000000,0.08000000,1.20400000,1666224258703,True,True
39704259,15.05000000,16.61000000,249.98050000,1666224258703,True,True
39704260,15.05000000,5.43000000,81.72150000,1666224264793,False,True
39704261,15.05000000,4.71000000,70.88550000,1666224270203,False,True
39704262,15.05000000,32.53000000,489.57650000,1666224283837,True,True
39704263,15.05000000,4.42000000,66.52100000,1666224283837,True,True
39704264,15.05000000,4.43000000,66.67150000,1666224286368,True,True
39704265,15.04000000,12.18000000,183.18720000,1666224287210,True,True
39704266,15.04000000,28.65000000,430.89600000,1666224287210,True,True
39704267,15.04000000,5.95000000,89.48800000,1666224287210,True,True
39704268,15.04000000,46.46000000,698.75840000,1666224287321,True,True
39704269,15.04000000,4.43000000,66.62720000,1666224290846,True,True
39704270,15.04000000,274.00000000,4120.96000000,1666224290846,True,True
39704271,15.04000000,13.25000000,199.28000000,1666224298040,False,True
39704272,15.04000000,14.46000000,217.47840000,1666224298040,False,True
39704273,15.04000000,72.03000000,1083.33120000,1666224299218,True,True
39704274,15.04000000,12.49000000,187.84960000,1666224304980,True,True
39704275,15.04000000,10.38000000,156.11520000,1666224305023,True,True
39704276,15.03000000,0.69000000,10.37070000,1666224305049,True,True
39704277,15.03000000,9.31000000,139.92930000,1666224305049,True,True
39704278,15.04000000,8.97000000,134.90880000,1666224307573,False,True
39704279,15.05000000,46.78000000,704.03900000,1666224309964,True,True
39704280,15.05000000,10.50000000,158.02500000,1666224310588,False,True
39704281,15.05000000,36.81000000,553.99050000,1666224310643,True,True
39704282,15.05000000,2.49000000,37.47450000,1666224310677,True,True
39704283,15.05000000,2.49000000,37.47450000,1666224310743,True,True
39704284,15.05000000,4.68000000,70.43400000,1666224322563,True,True
39704285,15.05000000,10.50000000,158.02500000,1666224335126,True,True
39704286,15.04000000,40.90000000,615.13600000,1666224344729,True,True
39704287,15.04000000,120.74000000,1815.92960000,1666224344744,True,True
39704288,15.04000000,20.00000000,300.80000000,1666224344768,True,True
39704289,15.04000000,46.94000000,705.97760000,1666224344769,True,True
39704290,15.04000000,40.00000000,601.60000000,1666224344771,True,True
39704291,15.04000000,5.42000000,81.51680000,1666224344793,True,True
39704292,15.03000000,5.42000000,81.46260000,1666224344951,True,True
39704293,15.04000000,2.00000000,30.08000000,1666224345061,False,True
39704294,15.04000000,23.36000000,351.33440000,1666224356393,False,True
39704295,15.04000000,16.63000000,250.11520000,1666224356393,False,True
39704296,15.04000000,0.67000000,10.07680000,1666224357081,False,True
39704297,15.04000000,22.49000000,338.24960000,1666224357291,True,True
39704298,15.04000000,7.18000000,107.98720000,1666224359705,False,True
39704299,15.05000000,4.16000000,62.60800000,1666224371217,False,True
39704300,15.03000000,48.85000000,734.21550000,1666224380379,True,True
39704301,15.03000000,2.00000000,30.06000000,1666224380379,True,True
39704302,15.03000000,4.43000000,66.58290000,1666224380379,True,True
39704303,15.03000000,3.30000000,49.59900000,1666224380379,True,True
39704304,15.03000000,4.39000000,65.98170000,1666224380379,True,True
39704305,15.03000000,7.81000000,117.38430000,1666224380379,True,True
39704306,15.03000000,45.47000000,683.41410000,1666224380379,True,True
39704307,15.04000000,8.82000000,132.65280000,1666224401335,False,True
39704308,15.05000000,4.17000000,62.75850000,1666224421314,False,True
39704309,15.06000000,2.30000000,34.63800000,1666224426268,False,True
39704310,15.06000000,13.24000000,199.39440000,1666224426268,False,True
39704311,15.06000000,6.65000000,100.14900000,1666224426268,False,True
39704312,15.06000000,16.93000000,254.96580000,1666224426268,False,True
39704313,15.06000000,10.88000000,163.85280000,1666224426268,False,True
39704314,15.05000000,10.14000000,152.60700000,1666224434727,True,True
39704315,15.05000000,8.99000000,135.29950000,1666224439738,False,True
39704316,15.05000000,15.58000000,234.47900000,1666224449098,True,True
39704317,15.05000000,10.71000000,161.18550000,1666224449098,True,True
39704318,15.05000000,4.95000000,74.49750000,1666224450284,True,True
39704319,15.05000000,37.24000000,560.46200000,1666224475239,True,True
39704320,15.06000000,4.17000000,62.80020000,1666224478581,False,True
39704321,15.06000000,15.58000000,234.63480000,1666224478581,False,True
39704322,15.07000000,3.32000000,50.03240000,1666224488322,False,True
39704323,15.07000000,10.97000000,165.31790000,1666224488322,False,True
39704324,15.07000000,1.72000000,25.92040000,1666224488322,False,True
39704325,15.07000000,0.58000000,8.74060000,1666224488322,False,True
39704326,15.07000000,4.65000000,70.07550000,1666224488376,True,True
39704327,15.08000000,11.55000000,174.17400000,1666224488428,False,True
39704328,15.08000000,13.78000000,207.80240000,1666224488428,False,True
39704329,15.08000000,3.92000000,59.11360000,1666224488428,False,True
39704330,15.08000000,39.70000000,598.67600000,1666224488439,False,True
39704331,15.08000000,8.52000000,128.48160000,1666224488439,False,True
39704332,15.08000000,97.60000000,1471.80800000,1666224488439,False,True
39704333,15.08000000,75.56000000,1139.44480000,1666224488439,False,True
39704334,15.08000000,3.31000000,49.91480000,1666224488439,False,True
39704335,15.08000000,12.28000000,185.18240000,1666224488439,False,True
39704336,15.08000000,8.52000000,128.48160000,1666224489311,False,True
39704337,15.08000000,5.37000000,80.97960000,1666224489400,False,True
39704338,15.08000000,3.15000000,47.50200000,1666224489969,False,True
39704339,15.08000000,7.73000000,116.56840000,1666224489969,False,True
39704340,15.08000000,0.79000000,11.91320000,1666224489973,False,True
39704341,15.08000000,8.52000000,128.48160000,1666224489973,False,True
39704342,15.08000000,8.52000000,128.48160000,1666224489973,False,True
39704343,15.08000000,8.52000000,128.48160000,1666224489973,False,True
39704344,15.08000000,8.52000000,128.48160000,1666224489973,False,True
39704345,15.08000000,6.06000000,91.38480000,1666224489973,False,True
39704346,15.08000000,2.46000000,37.09680000,1666224489974,False,True
39704347,15.08000000,8.51000000,128.33080000,1666224489974,False,True
39704348,15.09000000,1.88000000,28.36920000,1666224490873,False,True
39704349,15.09000000,2.01000000,30.33090000,1666224490880,False,True
39704350,15.09000000,3.11000000,46.92990000,1666224491375,False,True
39704351,15.09000000,1.92000000,28.97280000,1666224491384,False,True
39704352,15.08000000,70.72000000,1066.45760000,1666224491469,True,True
39704353,15.09000000,0.96000000,14.48640000,1666224491875,False,True
39704354,15.09000000,1.46000000,22.03140000,1666224491883,False,True
39704355,15.08000000,6.20000000,93.49600000,1666224495249,True,True
39704356,15.08000000,6.64000000,100.13120000,1666224507668,False,True
39704357,15.09000000,0.69000000,10.41210000,1666224524771,False,True
39704358,15.09000000,9.48000000,143.05320000,1666224524771,False,True
39704359,15.09000000,2.53000000,38.17770000,1666224524786,False,True
39704360,15.09000000,7.61000000,114.83490000,1666224524786,False,True
39704361,15.09000000,0.91000000,13.73190000,1666224524798,False,True
39704362,15.09000000,8.52000000,128.56680000,1666224524798,False,True
39704363,15.09000000,1.62000000,24.44580000,1666224524798,False,True
39704364,15.09000000,6.90000000,104.12100000,1666224524798,False,True
39704365,15.09000000,4.15000000,62.62350000,1666224524798,False,True
39704366,15.09000000,4.37000000,65.94330000,1666224524799,False,True
39704367,15.09000000,1.83000000,27.61470000,1666224524799,False,True
39704368,15.09000000,5.79000000,87.37110000,1666224524801,False,True
39704369,15.09000000,0.90000000,13.58100000,1666224524816,False,True
39704370,15.09000000,8.52000000,128.56680000,1666224524829,False,True
39704371,15.09000000,8.52000000,128.56680000,1666224524847,False,True
39704372,15.09000000,8.52000000,128.56680000,1666224524850,False,True
39704373,15.09000000,8.52000000,128.56680000,1666224524874,False,True
39704374,15.09000000,8.49000000,128.11410000,1666224524874,False,True
39704375,15.09000000,12.10000000,182.58900000,1666224528258,True,True
39704376,15.10000000,0.79000000,11.92900000,1666224545842,False,True
39704377,15.10000000,5.29000000,79.87900000,1666224551554,False,True
39704378,15.10000000,9.52000000,143.75200000,1666224562730,False,True
39704379,15.10000000,27.46000000,414.64600000,1666224562730,False,True
39704380,15.09000000,26.29000000,396.71610000,1666224565537,True,True
39704381,15.09000000,39.68000000,598.77120000,1666224565537,True,True
39704382,15.09000000,72.29000000,1090.85610000,1666224565537,True,True
39704383,15.09000000,6.20000000,93.55800000,1666224565537,True,True
39704384,15.09000000,10.93000000,164.93370000,1666224565537,True,True
39704385,15.09000000,4.42000000,66.69780000,1666224565537,True,True
39704386,15.09000000,92.50000000,1395.82500000,1666224565537,True,True
39704387,15.09000000,1.11000000,16.74990000,1666224565537,True,True
39704388,15.08000000,72.29000000,1090.13320000,1666224565537,True,True
39704389,15.08000000,32.22000000,485.87760000,1666224565537,True,True
39704390,15.08000000,4.42000000,66.65360000,1666224565537,True,True
39704391,15.08000000,99.44000000,1499.55520000,1666224565537,True,True
39704392,15.08000000,4.39000000,66.20120000,1666224565537,True,True
39704393,15.08000000,4.40000000,66.35200000,1666224565537,True,True
39704394,15.08000000,75.56000000,1139.44480000,1666224565537,True,True
39704395,15.08000000,8.85000000,133.45800000,1666224565537,True,True
39704396,15.08000000,10.91000000,164.52280000,1666224565537,True,True
39704397,15.08000000,221.68000000,3342.93440000,1666224565537,True,True
39704398,15.08000000,1.11000000,16.73880000,1666224565537,True,True
39704399,15.08000000,1.11000000,16.73880000,1666224565537,True,True
39704400,15.08000000,159.20000000,2400.73600000,1666224565537,True,True
39704401,15.08000000,4.05000000,61.07400000,1666224565537,True,True
39704402,15.08000000,26.00000000,392.08000000,1666224565537,True,True
39704403,15.08000000,6.63000000,99.98040000,1666224565537,True,True
39704404,15.08000000,14.32000000,215.94560000,1666224565537,True,True
39704405,15.10000000,36.12000000,545.41200000,1666224568884,False,True
39704406,15.10000000,8.52000000,128.65200000,1666224568884,False,True
39704407,15.10000000,3.11000000,46.96100000,1666224568884,False,True
39704408,15.10000000,1.06000000,16.00600000,1666224568884,False,True
39704409,15.10000000,8.52000000,128.65200000,1666224568884,False,True
39704410,15.10000000,2.52000000,38.05200000,1666224568884,False,True
39704411,15.10000000,6.00000000,90.60000000,1666224568894,False,True
39704412,15.10000000,8.52000000,128.65200000,1666224568894,False,True
39704413,15.10000000,8.52000000,128.65200000,1666224568894,False,True
39704414,15.10000000,8.52000000,128.65200000,1666224568894,False,True
39704415,15.10000000,8.52000000,128.65200000,1666224568894,False,True
39704416,15.10000000,8.52000000,128.65200000,1666224568894,False,True
39704417,15.10000000,0.21000000,3.17100000,1666224568894,False,True
39704418,15.10000000,8.31000000,125.48100000,1666224568924,False,True
39704419,15.10000000,4.38000000,66.13800000,1666224568924,False,True
39704420,15.10000000,4.08000000,61.60800000,1666224568939,False,True
39704421,15.10000000,1.00000000,15.10000000,1666224569068,True,True
39704422,15.11000000,3.31000000,50.01410000,1666224573136,False,True
39704423,15.11000000,13.24000000,200.05640000,1666224573136,False,True
39704424,15.11000000,15.58000000,235.41380000,1666224573136,False,True
39704425,15.11000000,8.51000000,128.58610000,1666224573136,False,True
39704426,15.11000000,4.17000000,63.00870000,1666224573136,False,True
39704427,15.11000000,8.51000000,128.58610000,1666224573229,False,True
39704428,15.11000000,8.51000000,128.58610000,1666224573343,False,True
39704429,15.11000000,8.51000000,128.58610000,1666224573352,False,True
39704430,15.11000000,8.51000000,128.58610000,1666224573367,False,True
39704431,15.11000000,8.51000000,128.58610000,1666224573521,False,True
39704432,15.11000000,8.51000000,128.58610000,1666224573547,False,True
39704433,15.11000000,8.51000000,128.58610000,1666224573627,False,True
39704434,15.11000000,8.51000000,128.58610000,1666224573679,False,True
39704435,15.11000000,8.42000000,127.22620000,1666224573708,False,True
39704436,15.11000000,10.27000000,155.17970000,1666224576019,True,True
39704437,15.11000000,31.44000000,475.05840000,1666224576019,True,True
39704438,15.11000000,6.20000000,93.68200000,1666224576030,True,True
39704439,15.10000000,6.61000000,99.81100000,1666224591603,False,True
39704440,15.10000000,1.06000000,16.00600000,1666224600379,False,True
39704441,15.10000000,17.20000000,259.72000000,1666224600379,False,True
39704442,15.10000000,0.90000000,13.59000000,1666224602352,True,True
39704443,15.10000000,35.71000000,539.22100000,1666224608194,True,True
39704444,15.10000000,6.69000000,101.01900000,1666224608194,True,True
39704445,15.10000000,6.20000000,93.62000000,1666224608194,True,True
39704446,15.10000000,15.58000000,235.25800000,1666224608194,True,True
39704447,15.10000000,18.60000000,280.86000000,1666224608194,True,True
39704448,15.10000000,32.90000000,496.79000000,1666224608194,True,True
39704449,15.10000000,8.82000000,133.18200000,1666224608194,True,True
39704450,15.10000000,11.70000000,176.67000000,1666224608194,True,True
39704451,15.10000000,12.30000000,185.73000000,1666224608194,True,True
39704452,15.10000000,14.80000000,223.48000000,1666224608194,True,True
39704453,15.10000000,14.70000000,221.97000000,1666224608194,True,True
39704454,15.10000000,15.50000000,234.05000000,1666224608194,True,True
39704455,15.10000000,12.30000000,185.73000000,1666224608194,True,True
39704456,15.10000000,18.60000000,280.86000000,1666224608194,True,True
39704457,15.10000000,92.30000000,1393.73000000,1666224608194,True,True
39704458,15.10000000,1.11000000,16.76100000,1666224608194,True,True
39704459,15.10000000,1.11000000,16.76100000,1666224608194,True,True
39704460,15.09000000,4.42000000,66.69780000,1666224608194,True,True
39704461,15.09000000,24.09000000,363.51810000,1666224608194,True,True
39704462,15.09000000,4.17000000,62.92530000,1666224608194,True,True
39704463,15.09000000,3.30000000,49.79700000,1666224608194,True,True
39704464,15.09000000,4.40000000,66.39600000,1666224608194,True,True
39704465,15.09000000,221.68000000,3345.15120000,1666224608194,True,True
39704466,15.09000000,15.58000000,235.10220000,1666224608194,True,True
39704467,15.09000000,7.15000000,107.89350000,1666224608194,True,True
39704468,15.09000000,75.56000000,1140.20040000,1666224608194,True,True
39704469,15.09000000,185.42000000,2797.98780000,1666224608194,True,True
39704470,15.09000000,24.89000000,375.59010000,1666224608194,True,True
39704471,15.09000000,4.11000000,62.01990000,1666224608194,True,True
39704472,15.09000000,40.23000000,607.07070000,1666224608194,True,True
39704473,15.09000000,66.08000000,997.14720000,1666224608194,True,True
39704474,15.10000000,10.70000000,161.57000000,1666224608303,True,True
39704475,15.10000000,10.70000000,161.57000000,1666224608303,True,True
39704476,15.10000000,33.83000000,510.83300000,1666224608303,True,True
39704477,15.10000000,6.10000000,92.11000000,1666224608369,True,True
39704478,15.10000000,92.36000000,1394.63600000,1666224614243,True,True
39704479,15.10000000,5.91000000,89.24100000,1666224614243,True,True
39704480,15.10000000,10.14000000,153.11400000,1666224623173,False,True
39704481,15.10000000,4.42000000,66.74200000,1666224623173,False,True
39704482,15.11000000,8.51000000,128.58610000,1666224629850,False,True
39704483,15.11000000,4.05000000,61.19550000,1666224629850,False,True
39704484,15.11000000,4.17000000,63.00870000,1666224630351,False,True
39704485,15.11000000,1.34000000,20.24740000,1666224630351,False,True
39704486,15.11000000,7.17000000,108.33870000,1666224630928,False,True
39704487,15.11000000,2.83000000,42.76130000,1666224630928,False,True
39704488,15.11000000,1.35000000,20.39850000,1666224631353,False,True
39704489,15.11000000,2.33000000,35.20630000,1666224632919,False,True
39704490,15.11000000,0.68000000,10.27480000,1666224632926,False,True
39704491,15.11000000,0.75000000,11.33250000,1666224633415,False,True
39704492,15.10000000,55.78000000,842.27800000,1666224634770,True,True
39704493,15.10000000,161.26000000,2435.02600000,1666224634770,True,True
39704494,15.10000000,41.98000000,633.89800000,1666224634770,True,True
39704495,15.10000000,6.20000000,93.62000000,1666224634770,True,True
39704496,15.10000000,92.33000000,1394.18300000,1666224634770,True,True
39704497,15.10000000,18.60000000,280.86000000,1666224634770,True,True
39704498,15.10000000,14.80000000,223.48000000,1666224634770,True,True
39704499,15.10000000,18.60000000,280.86000000,1666224634770,True,True
39704500,15.10000000,14.70000000,221.97000000,1666224634770,True,True
39704501,15.10000000,1.11000000,16.76100000,1666224634770,True,True
39704502,15.10000000,11.70000000,176.67000000,1666224634770,True,True
39704503,15.10000000,12.40000000,187.24000000,1666224634770,True,True
39704504,15.10000000,12.30000000,185.73000000,1666224634770,True,True
39704505,15.10000000,12.30000000,185.73000000,1666224634770,True,True
39704506,15.10000000,15.50000000,234.05000000,1666224634770,True,True
39704507,15.10000000,75.56000000,1140.95600000,1666224634770,True,True
39704508,15.10000000,1.09000000,16.45900000,1666224634770,True,True
39704509,15.10000000,1.11000000,16.76100000,1666224634770,True,True
39704510,15.10000000,1.09000000,16.45900000,1666224634770,True,True
39704511,15.10000000,1.09000000,16.45900000,1666224634770,True,True
39704512,15.10000000,1.09000000,16.45900000,1666224634770,True,True
39704513,15.10000000,0.67000000,10.11700000,1666224634770,True,True
39704514,15.10000000,12.00000000,181.20000000,1666224634770,True,True
39704515,15.10000000,220.80000000,3334.08000000,1666224634770,True,True
39704516,15.09000000,5.68000000,85.71120000,1666224634770,True,True
39704517,15.09000000,22.40000000,338.01600000,1666224634770,True,True
39704518,15.09000000,39.69000000,598.92210000,1666224634770,True,True
39704519,15.09000000,4.06000000,61.26540000,1666224634770,True,True
39704520,15.09000000,19.80000000,298.78200000,1666224634770,True,True
39704521,15.09000000,61.12000000,922.30080000,1666224634770,True,True
39704522,15.09000000,43.19000000,651.73710000,1666224634770,True,True
39704523,15.10000000,10.14000000,153.11400000,1666224643977,True,True
39704524,15.10000000,6.07000000,91.65700000,1666224643977,True,True
39704525,15.10000000,18.60000000,280.86000000,1666224643977,True,True
39704526,15.10000000,92.48000000,1396.44800000,1666224643977,True,True
39704527,15.10000000,56.74000000,856.77400000,1666224643977,True,True
39704528,15.10000000,164.06000000,2477.30600000,1666224649314,True,True
39704529,15.10000000,6.20000000,93.62000000,1666224649314,True,True
39704530,15.10000000,6.13000000,92.56300000,1666224649314,True,True
39704531,15.10000000,45.87000000,692.63700000,1666224649314,True,True
39704532,15.10000000,92.44000000,1395.84400000,1666224649314,True,True
39704533,15.10000000,1.11000000,16.76100000,1666224649314,True,True
39704534,15.10000000,1.11000000,16.76100000,1666224649314,True,True
39704535,15.09000000,11.55000000,174.28950000,1666224649314,True,True
39704536,15.09000000,136.13000000,2054.20170000,1666224649314,True,True
39704537,15.09000000,95.19000000,1436.41710000,1666224649314,True,True
39704538,15.09000000,13.20000000,199.18800000,1666224649314,True,True
39704539,15.09000000,4.17000000,62.92530000,1666224649314,True,True
39704540,15.09000000,199.50000000,3010.45500000,1666224649314,True,True
39704541,15.09000000,40.16000000,606.01440000,1666224649314,True,True
39704542,15.09000000,20.16000000,304.21440000,1666224649314,True,True
39704543,15.09000000,163.02000000,2459.97180000,1666224649314,True,True
39704544,15.10000000,6.02000000,90.90200000,1666224650642,True,True
39704545,15.10000000,11.77000000,177.72700000,1666224650642,True,True
39704546,15.10000000,44.50000000,671.95000000,1666224650642,True,True
39704547,15.10000000,92.36000000,1394.63600000,1666224650642,True,True
39704548,15.09000000,214.13000000,3231.22170000,1666224650642,True,True
39704549,15.10000000,6.88000000,103.88800000,1666224650684,False,True
39704550,15.11000000,0.57000000,8.61270000,1666224654646,False,True
39704551,15.11000000,8.80000000,132.96800000,1666224654646,False,True
39704552,15.11000000,6.33000000,95.64630000,1666224654646,False,True
39704553,15.10000000,4.41000000,66.59100000,1666224661887,True,True
39704554,15.10000000,26.55000000,400.90500000,1666224661887,True,True
39704555,15.10000000,18.26000000,275.72600000,1666224661889,True,True
39704556,15.10000000,3.49000000,52.69900000,1666224661893,True,True
39704557,15.10000000,9.95000000,150.24500000,1666224661898,True,True
39704558,15.10000000,2.09000000,31.55900000,1666224661900,True,True
39704559,15.10000000,30.10000000,454.51000000,1666224664552,False,True
39704560,15.10000000,70.65000000,1066.81500000,1666224665706,False,True
39704561,15.10000000,18.94000000,285.99400000,1666224665706,False,True
39704562,15.10000000,12.40000000,187.24000000,1666224665706,False,True
39704563,15.10000000,12.30000000,185.73000000,1666224665706,False,True
39704564,15.10000000,4.42000000,66.74200000,1666224665706,False,True
39704565,15.10000000,11.48000000,173.34800000,1666224665706,False,True
39704566,15.09000000,31.26000000,471.71340000,1666224667580,True,True
39704567,15.09000000,36.65000000,553.04850000,1666224669405,True,True
39704568,15.09000000,6.91000000,104.27190000,1666224671067,True,True
39704569,15.09000000,10.07000000,151.95630000,1666224675925,True,True
39704570,15.09000000,135.91000000,2050.88190000,1666224679707,True,True
39704571,15.09000000,6.03000000,90.99270000,1666224679707,True,True
39704572,15.09000000,4.42000000,66.69780000,1666224679707,True,True
39704573,15.09000000,22.15000000,334.24350000,1666224679707,True,True
39704574,15.10000000,0.82000000,12.38200000,1666224682761,False,True
39704575,15.10000000,19.44000000,293.54400000,1666224682761,False,True
39704576,15.10000000,8.46000000,127.74600000,1666224683137,True,True
39704577,15.11000000,1.65000000,24.93150000,1666224685172,False,True
39704578,15.10000000,1.68000000,25.36800000,1666224688521,True,True
39704579,15.10000000,4.88000000,73.68800000,1666224688521,True,True
39704580,15.10000000,184.73000000,2789.42300000,1666224688549,True,True
39704581,15.10000000,67.71000000,1022.42100000,1666224688549,True,True
39704582,15.10000000,220.80000000,3334.08000000,1666224688549,True,True
39704583,15.10000000,60.14000000,908.11400000,1666224688549,True,True
39704584,15.09000000,40.80000000,615.67200000,1666224688549,True,True
39704585,15.09000000,76.65000000,1156.64850000,1666224688549,True,True
39704586,15.09000000,1.11000000,16.74990000,1666224688549,True,True
39704587,15.09000000,1.11000000,16.74990000,1666224688549,True,True
39704588,15.09000000,6.93000000,104.57370000,1666224688549,True,True
39704589,15.09000000,45.71000000,689.76390000,1666224688549,True,True
39704590,15.09000000,20.00000000,301.80000000,1666224688549,True,True
39704591,15.09000000,1.09000000,16.44810000,1666224688549,True,True
39704592,15.09000000,1.09000000,16.44810000,1666224688549,True,True
39704593,15.09000000,1.09000000,16.44810000,1666224688549,True,True
39704594,15.09000000,4.42000000,66.69780000,1666224688549,True,True
39704595,15.09000000,1.09000000,16.44810000,1666224688549,True,True
39704596,15.09000000,40.19000000,606.46710000,1666224688549,True,True
39704597,15.09000000,50.38000000,760.23420000,1666224688549,True,True
39704598,15.09000000,174.96000000,2640.14640000,1666224688549,True,True
39704599,15.10000000,5.79000000,87.42900000,1666224688568,True,True
39704600,15.10000000,7.05000000,106.45500000,1666224688568,True,True
39704601,15.10000000,5.91000000,89.24100000,1666224688568,True,True
39704602,15.09000000,3.04000000,45.87360000,1666224691471,True,True
39704603,15.09000000,33.03000000,498.42270000,1666224697402,True,True
39704604,15.09000000,5.83000000,87.97470000,1666224697402,True,True
39704605,15.09000000,1.11000000,16.74990000,1666224697402,True,True
39704606,15.09000000,1.11000000,16.74990000,1666224697402,True,True
39704607,15.09000000,6.20000000,93.55800000,1666224697402,True,True
39704608,15.09000000,13.86000000,209.14740000,1666224697402,True,True
39704609,15.09000000,4.74000000,71.52660000,1666224707346,True,True
39704610,15.09000000,5.12000000,77.26080000,1666224707346,True,True
39704611,15.10000000,78.08000000,1179.00800000,1666224708265,False,True
39704612,15.10000000,5.52000000,83.35200000,1666224709883,True,True
39704613,15.11000000,8.84000000,133.57240000,1666224710404,False,True
39704614,15.10000000,7.32000000,110.53200000,1666224713196,True,True
39704615,15.10000000,0.40000000,6.04000000,1666224715214,True,True
39704616,15.10000000,7.75000000,117.02500000,1666224715214,True,True
39704617,15.10000000,5.58000000,84.25800000,1666224715214,True,True
39704618,15.10000000,27.48000000,414.94800000,1666224717875,True,True
39704619,15.11000000,3.70000000,55.90700000,1666224718270,False,True
39704620,15.10000000,3.16000000,47.71600000,1666224722350,True,True
39704621,15.10000000,3.69000000,55.71900000,1666224725455,True,True
39704622,15.11000000,4.17000000,63.00870000,1666224725496,False,True
39704623,15.11000000,1.67000000,25.23370000,1666224725521,True,True
39704624,15.11000000,35.04000000,529.45440000,1666224730842,True,True
39704625,15.10000000,9.04000000,136.50400000,1666224730842,True,True
39704626,15.10000000,7.11000000,107.36100000,1666224730842,True,True
39704627,15.11000000,1.94000000,29.31340000,1666224743402,True,True
39704628,15.11000000,1.32000000,19.94520000,1666224744259,True,True
39704629,15.11000000,4.15000000,62.70650000,1666224749516,True,True
39704630,15.11000000,41.00000000,619.51000000,1666224753383,True,True
39704631,15.11000000,50.00000000,755.50000000,1666224753383,True,True
39704632,15.11000000,13.23000000,199.90530000,1666224753383,True,True
39704633,15.11000000,13.23000000,199.90530000,1666224753383,True,True
39704634,15.11000000,13.23000000,199.90530000,1666224753383,True,True
39704635,15.11000000,1.11000000,16.77210000,1666224753383,True,True
39704636,15.11000000,1.11000000,16.77210000,1666224753383,True,True
39704637,15.11000000,18.60000000,281.04600000,1666224753383,True,True
39704638,15.11000000,92.55000000,1398.43050000,1666224753383,True,True
39704639,15.11000000,18.60000000,281.04600000,1666224753383,True,True
39704640,15.11000000,14.70000000,222.11700000,1666224753383,True,True
39704641,15.11000000,14.80000000,223.62800000,1666224753383,True,True
39704642,15.11000000,11.70000000,176.78700000,1666224753383,True,True
39704643,15.11000000,15.50000000,234.20500000,1666224753383,True,True
39704644,15.11000000,6.20000000,93.68200000,1666224753383,True,True
39704645,15.11000000,12.30000000,185.85300000,1666224753383,True,True
39704646,15.11000000,12.30000000,185.85300000,1666224753383,True,True
39704647,15.11000000,12.40000000,187.36400000,1666224753383,True,True
39704648,15.11000000,54.76000000,827.42360000,1666224753383,True,True
39704649,15.11000000,199.50000000,3014.44500000,1666224753383,True,True
39704650,15.11000000,21.06000000,318.21660000,1666224753383,True,True
39704651,15.11000000,9.91000000,149.74010000,1666224753383,True,True
39704652,15.11000000,11.50000000,173.76500000,1666224753383,True,True
39704653,15.11000000,1.09000000,16.46990000,1666224753383,True,True
39704654,15.11000000,40.01000000,604.55110000,1666224753383,True,True
39704655,15.11000000,1.09000000,16.46990000,1666224753383,True,True
39704656,15.11000000,1.09000000,16.46990000,1666224753383,True,True
39704657,15.11000000,1.09000000,16.46990000,1666224753383,True,True
39704658,15.11000000,296.34000000,4477.69740000,1666224753383,True,True
39704659,15.11000000,30.36000000,458.73960000,1666224753599,True,True
39704660,15.12000000,0.71000000,10.73520000,1666224754806,False,True
39704661,15.12000000,0.85000000,12.85200000,1666224754806,False,True
39704662,15.12000000,4.17000000,63.05040000,1666224754806,False,True
39704663,15.12000000,6.92000000,104.63040000,1666224754806,False,True
39704664,15.12000000,8.50000000,128.52000000,1666224754806,False,True
39704665,15.12000000,8.50000000,128.52000000,1666224754920,False,True
39704666,15.12000000,8.50000000,128.52000000,1666224754947,False,True
39704667,15.12000000,8.50000000,128.52000000,1666224754958,False,True
39704668,15.12000000,8.50000000,128.52000000,1666224754984,False,True
39704669,15.12000000,8.50000000,128.52000000,1666224755014,False,True
39704670,15.12000000,8.50000000,128.52000000,1666224755018,False,True
39704671,15.12000000,8.50000000,128.52000000,1666224755329,False,True
39704672,15.12000000,8.50000000,128.52000000,1666224755356,False,True
39704673,15.12000000,8.46000000,127.91520000,1666224755415,False,True
39704674,15.12000000,6.59000000,99.64080000,1666224757077,True,True
39704675,15.12000000,2.23000000,33.71760000,1666224758939,True,True
39704676,15.12000000,6.46000000,97.67520000,1666224758939,True,True
39704677,15.12000000,31.27000000,472.80240000,1666224763386,True,True
39704678,15.12000000,9.14000000,138.19680000,1666224763386,True,True
39704679,15.11000000,177.95000000,2688.82450000,1666224763386,True,True
39704680,15.11000000,20.00000000,302.20000000,1666224763386,True,True
39704681,15.11000000,398.87000000,6026.92570000,1666224763386,True,True
39704682,15.11000000,40.10000000,605.91100000,1666224763386,True,True
39704683,15.11000000,9.90000000,149.58900000,1666224763386,True,True
39704684,15.11000000,1.09000000,16.46990000,1666224763386,True,True
39704685,15.11000000,1.09000000,16.46990000,1666224763386,True,True
39704686,15.11000000,1.09000000,16.46990000,1666224763386,True,True
39704687,15.11000000,1.09000000,16.46990000,1666224763386,True,True
39704688,15.11000000,1.11000000,16.77210000,1666224763386,True,True
39704689,15.11000000,1.11000000,16.77210000,1666224763386,True,True
39704690,15.11000000,199.50000000,3014.44500000,1666224763386,True,True
39704691,15.11000000,38.73000000,585.21030000,1666224763386,True,True
39704692,15.11000000,0.91000000,13.75010000,1666224763386,True,True
39704693,15.10000000,33.14000000,500.41400000,1666224763386,True,True
39704694,15.10000000,9.49000000,143.29900000,1666224763386,True,True
39704695,15.10000000,11.55000000,174.40500000,1666224763386,True,True
39704696,15.10000000,12.87000000,194.33700000,1666224763386,True,True
39704697,15.11000000,2.17000000,32.78870000,1666224764231,True,True
39704698,15.12000000,23.40000000,353.80800000,1666224766514,False,True
39704699,15.12000000,7.21000000,109.01520000,1666224766744,True,True
39704700,15.12000000,2.75000000,41.58000000,1666224768936,True,True
39704701,15.12000000,3.20000000,48.38400000,1666224772478,True,True
39704702,15.12000000,14.59000000,220.60080000,1666224774246,False,True
39704703,15.12000000,48.73000000,736.79760000,1666224774246,False,True
39704704,15.12000000,2.80000000,42.33600000,1666224777753,True,True
39704705,15.12000000,12.78000000,193.23360000,1666224778197,True,True
39704706,15.12000000,40.16000000,607.21920000,1666224778197,True,True
39704707,15.11000000,20.00000000,302.20000000,1666224778197,True,True
39704708,15.11000000,8.59000000,129.79490000,1666224778197,True,True
39704709,15.11000000,13.22000000,199.75420000,1666224778197,True,True
39704710,15.11000000,35.66000000,538.82260000,1666224778197,True,True
39704711,15.11000000,529.45000000,7999.98950000,1666224778197,True,True
39704712,15.11000000,1.11000000,16.77210000,1666224778197,True,True
39704713,15.11000000,1.09000000,16.46990000,1666224778197,True,True
39704714,15.11000000,1.09000000,16.46990000,1666224778197,True,True
39704715,15.11000000,1.11000000,16.77210000,1666224778197,True,True
39704716,15.11000000,1.09000000,16.46990000,1666224778197,True,True
39704717,15.11000000,1.09000000,16.46990000,1666224778197,True,True
39704718,15.11000000,160.28000000,2421.83080000,1666224778197,True,True
39704719,15.11000000,173.28000000,2618.26080000,1666224778197,True,True
39704720,15.11000000,4.50000000,67.99500000,1666224778246,True,True
39704721,15.12000000,33.05000000,499.71600000,1666224779136,False,True
39704722,15.13000000,5.98000000,90.47740000,1666224783127,False,True
39704723,15.13000000,2.03000000,30.71390000,1666224783127,False,True
39704724,15.13000000,7.51000000,113.62630000,1666224783127,False,True
39704725,15.12000000,2.81000000,42.48720000,1666224783347,True,True
39704726,15.12000000,16.10000000,243.43200000,1666224783347,True,True
39704727,15.12000000,10.14000000,153.31680000,1666224784414,False,True
39704728,15.12000000,0.36000000,5.44320000,1666224784414,False,True
39704729,15.12000000,15.22000000,230.12640000,1666224784556,False,True
39704730,15.12000000,17.83000000,269.58960000,1666224784556,False,True
39704731,15.11000000,8.60000000,129.94600000,1666224785275,True,True
39704732,15.11000000,0.13000000,1.96430000,1666224791881,True,True
39704733,15.11000000,4.95000000,74.79450000,1666224791881,True,True
39704734,15.12000000,13.51000000,204.27120000,1666224792331,False,True
39704735,15.12000000,10.14000000,153.31680000,1666224796465,True,True
39704736,15.12000000,15.58000000,235.56960000,1666224796465,True,True
39704737,15.12000000,45.44000000,687.05280000,1666224796465,True,True
39704738,15.12000000,92.19000000,1393.91280000,1666224796465,True,True
39704739,15.11000000,13.65000000,206.25150000,1666224796465,True,True
39704740,15.11000000,15.58000000,235.41380000,1666224796465,True,True
39704741,15.11000000,48.73000000,736.31030000,1666224796465,True,True
39704742,15.11000000,1.11000000,16.77210000,1666224796465,True,True
39704743,15.11000000,1.11000000,16.77210000,1666224796465,True,True
39704744,15.11000000,5.25000000,79.32750000,1666224796465,True,True
39704745,15.11000000,199.50000000,3014.44500000,1666224796465,True,True
39704746,15.11000000,1.09000000,16.46990000,1666224796465,True,True
39704747,15.11000000,1.09000000,16.46990000,1666224796465,True,True
39704748,15.11000000,1.09000000,16.46990000,1666224796465,True,True
39704749,15.11000000,1.09000000,16.46990000,1666224796465,True,True
39704750,15.11000000,20.00000000,302.20000000,1666224796465,True,True
39704751,15.11000000,35.90000000,542.44900000,1666224796465,True,True
39704752,15.11000000,110.73000000,1673.13030000,1666224796465,True,True
39704753,15.10000000,36.78000000,555.37800000,1666224796465,True,True
39704754,15.10000000,16.12000000,243.41200000,1666224796465,True,True
39704755,15.10000000,4.17000000,62.96700000,1666224796465,True,True
39704756,15.10000000,11.55000000,174.40500000,1666224796465,True,True
39704757,15.10000000,117.98000000,1781.49800000,1666224796465,True,True
39704758,15.10000000,114.89000000,1734.83900000,1666224796465,True,True
39704759,15.10000000,4.04000000,61.00400000,1666224796465,True,True
39704760,15.10000000,75.20000000,1135.52000000,1666224796465,True,True
39704761,15.11000000,13.18000000,199.14980000,1666224799603,True,True
39704762,15.11000000,4.64000000,70.11040000,1666224804260,True,True
39704763,15.12000000,31.16000000,471.13920000,1666224806129,False,True
39704764,15.12000000,45.31000000,685.08720000,1666224806129,False,True
39704765,15.12000000,0.63000000,9.52560000,1666224806136,False,True
39704766,15.12000000,4.17000000,63.05040000,1666224806136,False,True
39704767,15.12000000,3.06000000,46.26720000,1666224806151,True,True
39704768,15.12000000,4.38000000,66.22560000,1666224808193,True,True
39704769,15.12000000,2.96000000,44.75520000,1666224814456,True,True
39704770,15.12000000,2.82000000,42.63840000,1666224815424,True,True
39704771,15.12000000,4.80000000,72.57600000,1666224815424,True,True
39704772,15.12000000,15.58000000,235.56960000,1666224815424,True,True
39704773,15.12000000,46.33000000,700.50960000,1666224815424,True,True
39704774,15.12000000,18.60000000,281.23200000,1666224815424,True,True
39704775,15.12000000,18.60000000,281.23200000,1666224815424,True,True
39704776,15.12000000,14.70000000,222.26400000,1666224815424,True,True
39704777,15.12000000,14.80000000,223.77600000,1666224815424,True,True
39704778,15.12000000,15.50000000,234.36000000,1666224815424,True,True
39704779,15.12000000,6.20000000,93.74400000,1666224815424,True,True
39704780,15.12000000,12.30000000,185.97600000,1666224815424,True,True
39704781,15.12000000,11.70000000,176.90400000,1666224815424,True,True
39704782,15.12000000,12.30000000,185.97600000,1666224815424,True,True
39704783,15.11000000,5.47000000,82.65170000,1666224815424,True,True
39704784,15.11000000,199.50000000,3014.44500000,1666224815424,True,True
39704785,15.11000000,1.09000000,16.46990000,1666224815424,True,True
39704786,15.11000000,15.58000000,235.41380000,1666224815424,True,True
39704787,15.11000000,1.09000000,16.46990000,1666224815424,True,True
39704788,15.11000000,1.09000000,16.46990000,1666224815424,True,True
39704789,15.11000000,1.11000000,16.77210000,1666224815424,True,True
39704790,15.11000000,1.09000000,16.46990000,1666224815424,True,True
39704791,15.11000000,20.00000000,302.20000000,1666224815424,True,True
39704792,15.11000000,36.35000000,549.24850000,1666224815424,True,True
39704793,15.11000000,11.55000000,174.52050000,1666224815424,True,True
39704794,15.11000000,206.17000000,3115.22870000,1666224815424,True,True
39704795,15.10000000,27.09000000,409.05900000,1666224815424,True,True
39704796,15.10000000,15.00000000,226.50000000,1666224815424,True,True
39704797,15.10000000,15.00000000,226.50000000,1666224815424,True,True
39704798,15.10000000,16.12000000,243.41200000,1666224815424,True,True
39704799,15.10000000,11.55000000,174.40500000,1666224815424,True,True
39704800,15.10000000,65.17000000,984.06700000,1666224815424,True,True
39704801,15.10000000,50.38000000,760.73800000,1666224815424,True,True
39704802,15.10000000,2.64000000,39.86400000,1666224815424,True,True
39704803,15.10000000,99.57000000,1503.50700000,1666224815424,True,True
39704804,15.10000000,3.16000000,47.71600000,1666224815424,True,True
39704805,15.11000000,4.41000000,66.63510000,1666224819571,True,True
39704806,15.11000000,14.42000000,217.88620000,1666224823416,True,True
39704807,15.11000000,249.94000000,3776.59340000,1666224824375,True,True
39704808,15.11000000,1.11000000,16.77210000,1666224824375,True,True
39704809,15.11000000,7.66000000,115.74260000,1666224824375,True,True
39704810,15.11000000,20.00000000,302.20000000,1666224824375,True,True
39704811,15.11000000,12.40000000,187.36400000,1666224824375,True,True
39704812,15.11000000,36.13000000,545.92430000,1666224824375,True,True
39704813,15.11000000,46.61000000,704.27710000,1666224824375,True,True
39704814,15.11000000,1.09000000,16.46990000,1666224824375,True,True
39704815,15.11000000,1.09000000,16.46990000,1666224824375,True,True
39704816,15.11000000,1.11000000,16.77210000,1666224824375,True,True
39704817,15.11000000,1.09000000,16.46990000,1666224824375,True,True
39704818,15.11000000,1.09000000,16.46990000,1666224824375,True,True
39704819,15.11000000,252.35000000,3813.00850000,1666224824375,True,True
39704820,15.10000000,52.75000000,796.52500000,1666224824375,True,True
39704821,15.10000000,4.06000000,61.30600000,1666224824375,True,True
39704822,15.10000000,119.35000000,1802.18500000,1666224824375,True,True
39704823,15.10000000,102.25000000,1543.97500000,1666224824375,True,True
39704824,15.10000000,3.30000000,49.83000000,1666224824375,True,True
39704825,15.10000000,4.17000000,62.96700000,1666224824375,True,True
39704826,15.10000000,16.12000000,243.41200000,1666224824375,True,True
39704827,15.10000000,11.55000000,174.40500000,1666224824375,True,True
39704828,15.10000000,54.78000000,827.17800000,1666224824375,True,True
39704829,15.11000000,7.46000000,112.72060000,1666224824411,True,True
39704830,15.11000000,1.51000000,22.81610000,1666224824411,True,True
39704831,15.11000000,7.47000000,112.87170000,1666224824467,True,True
39704832,15.11000000,104.40000000,1577.48400000,1666224824514,False,True
39704833,15.11000000,9.91000000,149.74010000,1666224824548,False,True
39704834,15.11000000,2.48000000,37.47280000,1666224824586,False,True
39704835,15.11000000,20.00000000,302.20000000,1666224824674,False,True
39704836,15.11000000,2.48000000,37.47280000,1666224825265,False,True
39704837,15.11000000,6.37000000,96.25070000,1666224825311,False,True
39704838,15.12000000,31.16000000,471.13920000,1666224825563,False,True
39704839,15.12000000,50.38000000,761.74560000,1666224825563,False,True
39704840,15.12000000,28.65000000,433.18800000,1666224825563,False,True
39704841,15.12000000,100.75000000,1523.34000000,1666224825563,False,True
39704842,15.12000000,75.56000000,1142.46720000,1666224825563,False,True
39704843,15.12000000,220.80000000,3338.49600000,1666224825563,False,True
39704844,15.12000000,11.50000000,173.88000000,1666224825563,False,True
39704845,15.12000000,53.42000000,807.71040000,1666224825563,False,True
39704846,15.12000000,3.39000000,51.25680000,1666224826573,True,True
39704847,15.12000000,10.52000000,159.06240000,1666224827680,True,True
39704848,15.12000000,9.63000000,145.60560000,1666224827680,True,True
39704849,15.12000000,7.03000000,106.29360000,1666224827680,True,True
39704850,15.11000000,4.42000000,66.78620000,1666224827680,True,True
39704851,15.11000000,15.58000000,235.41380000,1666224827680,True,True
39704852,15.11000000,28.65000000,432.90150000,1666224827680,True,True
39704853,15.11000000,1.26000000,19.03860000,1666224827680,True,True
39704854,15.11000000,2.08000000,31.42880000,1666224831318,True,True
39704855,15.11000000,4.56000000,68.90160000,1666224832991,True,True
39704856,15.12000000,8.73000000,131.99760000,1666224833133,False,True
39704857,15.12000000,6.85000000,103.57200000,1666224833802,False,True
39704858,15.12000000,10.14000000,153.31680000,1666224833802,False,True
39704859,15.12000000,0.09000000,1.36080000,1666224833802,False,True
39704860,15.12000000,1.88000000,28.42560000,1666224833812,False,True
39704861,15.12000000,2.44000000,36.89280000,1666224833814,False,True
39704862,15.12000000,4.41000000,66.67920000,1666224833814,False,True
39704863,15.12000000,4.95000000,74.84400000,1666224840554,True,True
39704864,15.12000000,5.59000000,84.52080000,1666224843058,True,True
39704865,15.12000000,10.54000000,159.36480000,1666224852369,False,True
39704866,15.12000000,16.68000000,252.20160000,1666224852369,False,True
39704867,15.12000000,27.22000000,411.56640000,1666224852391,False,True
39704868,15.12000000,15.58000000,235.56960000,1666224853975,True,True
39704869,15.12000000,18.04000000,272.76480000,1666224853975,True,True
39704870,15.12000000,2.52000000,38.10240000,1666224858192,True,True
39704871,15.12000000,7.62000000,115.21440000,1666224858347,True,True
39704872,15.12000000,2.73000000,41.27760000,1666224858347,True,True
39704873,15.12000000,5.65000000,85.42800000,1666224864286,True,True
39704874,15.12000000,3.50000000,52.92000000,1666224868904,True,True
39704875,15.12000000,26.14000000,395.23680000,1666224871741,True,True
39704876,15.12000000,14.70000000,222.26400000,1666224871741,True,True
39704877,15.12000000,14.80000000,223.77600000,1666224871741,True,True
39704878,15.12000000,18.60000000,281.23200000,1666224871741,True,True
39704879,15.12000000,15.50000000,234.36000000,1666224871741,True,True
39704880,15.12000000,18.60000000,281.23200000,1666224871741,True,True
39704881,15.12000000,6.20000000,93.74400000,1666224871741,True,True
39704882,15.12000000,12.40000000,187.48800000,1666224871741,True,True
39704883,15.12000000,12.30000000,185.97600000,1666224871741,True,True
39704884,15.12000000,11.70000000,176.90400000,1666224871741,True,True
39704885,15.12000000,12.30000000,185.97600000,1666224871741,True,True
39704886,15.11000000,6.27000000,94.73970000,1666224871741,True,True
39704887,15.11000000,5.05000000,76.30550000,1666224871741,True,True
39704888,15.11000000,8.82000000,133.27020000,1666224871741,True,True
39704889,15.11000000,92.84000000,1402.81240000,1666224871741,True,True
39704890,15.11000000,10.53000000,159.10830000,1666224871741,True,True
39704891,15.11000000,1.09000000,16.46990000,1666224871741,True,True
39704892,15.11000000,1.09000000,16.46990000,1666224871741,True,True
39704893,15.11000000,1.09000000,16.46990000,1666224871741,True,True
39704894,15.11000000,1.09000000,16.46990000,1666224871741,True,True
39704895,15.11000000,20.00000000,302.20000000,1666224871741,True,True
39704896,15.11000000,36.03000000,544.41330000,1666224871741,True,True
39704897,15.11000000,529.45000000,7999.98950000,1666224871741,True,True
39704898,15.11000000,123.41000000,1864.72510000,1666224871741,True,True
39704899,15.13000000,27.04000000,409.11520000,1666224872446,False,True
39704900,15.13000000,5.99000000,90.62870000,1666224872446,False,True
39704901,15.13000000,2.51000000,37.97630000,1666224872545,False,True
39704902,15.13000000,0.89000000,13.46570000,1666224872545,False,True
39704903,15.13000000,3.93000000,59.46090000,1666224872545,False,True
39704904,15.13000000,1.72000000,26.02360000,1666224872989,False,True
39704905,15.13000000,8.50000000,128.60500000,1666224872989,False,True
39704906,15.13000000,8.50000000,128.60500000,1666224872999,False,True
39704907,15.13000000,8.50000000,128.60500000,1666224873001,False,True
39704908,15.13000000,1.72000000,26.02360000,1666224873001,False,True
39704909,15.13000000,6.78000000,102.58140000,1666224873010,False,True
39704910,15.13000000,0.69000000,10.43970000,1666224873010,False,True
39704911,15.13000000,5.66000000,85.63580000,1666224873079,False,True
39704912,15.13000000,2.15000000,32.52950000,1666224873370,False,True
39704913,15.13000000,8.50000000,128.60500000,1666224873485,False,True
39704914,15.13000000,8.50000000,128.60500000,1666224873500,False,True
39704915,15.13000000,8.50000000,128.60500000,1666224873544,False,True
39704916,15.13000000,8.40000000,127.09200000,1666224873562,False,True
39704917,15.13000000,4.97000000,75.19610000,1666224873641,True,True
39704918,15.13000000,1.24000000,18.76120000,1666224874299,True,True
39704919,15.13000000,1.55000000,23.45150000,1666224874300,True,True
39704920,15.13000000,1.84000000,27.83920000,1666224874301,True,True
39704921,15.13000000,1.97000000,29.80610000,1666224874302,True,True
39704922,15.13000000,1.27000000,19.21510000,1666224875296,True,True
39704923,15.13000000,0.53000000,8.01890000,1666224875296,True,True
39704924,15.13000000,1.50000000,22.69500000,1666224875296,True,True
39704925,15.13000000,1.66000000,25.11580000,1666224875296,True,True
39704926,15.13000000,1.64000000,24.81320000,1666224875297,True,True
39704927,15.13000000,6.02000000,91.08260000,1666224875909,True,True
39704928,15.14000000,0.69000000,10.44660000,1666224878557,False,True
39704929,15.14000000,4.17000000,63.13380000,1666224878557,False,True
39704930,15.14000000,5.14000000,77.81960000,1666224878557,False,True
39704931,15.13000000,1.24000000,18.76120000,1666224878563,True,True
39704932,15.13000000,6.01000000,90.93130000,1666224880640,True,True
39704933,15.13000000,50.16000000,758.92080000,1666224880640,True,True
39704934,15.13000000,19.94000000,301.69220000,1666224880640,True,True
39704935,15.13000000,110.06000000,1665.20780000,1666224880640,True,True
39704936,15.13000000,14.70000000,222.41100000,1666224880640,True,True
39704937,15.13000000,18.60000000,281.41800000,1666224880640,True,True
39704938,15.13000000,14.80000000,223.92400000,1666224880640,True,True
39704939,15.13000000,11.70000000,177.02100000,1666224880640,True,True
39704940,15.13000000,12.30000000,186.09900000,1666224880640,True,True
39704941,15.13000000,15.50000000,234.51500000,1666224880640,True,True
39704942,15.13000000,6.20000000,93.80600000,1666224880640,True,True
39704943,15.13000000,12.30000000,186.09900000,1666224880640,True,True
39704944,15.13000000,12.40000000,187.61200000,1666224880640,True,True
39704945,15.13000000,1.09000000,16.49170000,1666224880640,True,True
39704946,15.13000000,1.09000000,16.49170000,1666224880640,True,True
39704947,15.13000000,1.09000000,16.49170000,1666224880640,True,True
39704948,15.13000000,1.09000000,16.49170000,1666224880640,True,True
39704949,15.13000000,92.10000000,1393.47300000,1666224880640,True,True
39704950,15.13000000,1.11000000,16.79430000,1666224880640,True,True
39704951,15.12000000,6.95000000,105.08400000,1666224880640,True,True
39704952,15.12000000,75.56000000,1142.46720000,1666224880640,True,True
39704953,15.12000000,1.11000000,16.78320000,1666224880640,True,True
39704954,15.12000000,2.15000000,32.50800000,1666224880640,True,True
39704955,15.12000000,199.50000000,3016.44000000,1666224880640,True,True
39704956,15.12000000,11.55000000,174.63600000,1666224880640,True,True
39704957,15.12000000,4.43000000,66.98160000,1666224880640,True,True
39704958,15.12000000,122.89000000,1858.09680000,1666224880640,True,True
39704959,15.12000000,0.90000000,13.60800000,1666224880640,True,True
39704960,15.12000000,47.91000000,724.39920000,1666224880640,True,True
39704961,15.12000000,20.00000000,302.40000000,1666224880640,True,True
39704962,15.12000000,104.81000000,1584.72720000,1666224880640,True,True
39704963,15.13000000,3.69000000,55.82970000,1666224880682,False,True
39704964,15.13000000,6.31000000,95.47030000,1666224880693,False,True
39704965,15.13000000,10.00000000,151.30000000,1666224881235,True,True
39704966,15.13000000,2.66000000,40.24580000,1666224881235,True,True
39704967,15.13000000,4.01000000,60.67130000,1666224885979,True,True
39704968,15.14000000,1.32000000,19.98480000,1666224888152,False,True
39704969,15.13000000,11.93000000,180.50090000,1666224888587,True,True
39704970,15.13000000,92.32000000,1396.80160000,1666224888587,True,True
39704971,15.13000000,21.82000000,330.13660000,1666224888587,True,True
39704972,15.12000000,529.10000000,7999.99200000,1666224888587,True,True
39704973,15.12000000,20.00000000,302.40000000,1666224888587,True,True
39704974,15.12000000,7.81000000,118.08720000,1666224888587,True,True
39704975,15.12000000,11.55000000,174.63600000,1666224888587,True,True
39704976,15.12000000,111.88000000,1691.62560000,1666224888587,True,True
39704977,15.11000000,11.55000000,174.52050000,1666224888587,True,True
39704978,15.11000000,32.31000000,488.20410000,1666224888587,True,True
39704979,15.11000000,91.41000000,1381.20510000,1666224888587,True,True
39704980,15.11000000,58.32000000,881.21520000,1666224888587,True,True
39704981,15.13000000,5.66000000,85.63580000,1666224888625,True,True
39704982,15.13000000,43.67000000,660.72710000,1666224888626,True,True
39704983,15.13000000,10.14000000,153.41820000,1666224888627,True,True
39704984,15.13000000,32.97000000,498.83610000,1666224888915,True,True
39704985,15.13000000,10.14000000,153.41820000,1666224892950,True,True
39704986,15.12000000,1.09000000,16.48080000,1666224892950,True,True
39704987,15.12000000,1.09000000,16.48080000,1666224892950,True,True
39704988,15.12000000,1.11000000,16.78320000,1666224892950,True,True
39704989,15.12000000,1.09000000,16.48080000,1666224892950,True,True
39704990,15.12000000,1.09000000,16.48080000,1666224892950,True,True
39704991,15.12000000,1.11000000,16.78320000,1666224892950,True,True
39704992,15.12000000,3.99000000,60.32880000,1666224892950,True,True
39704993,15.12000000,16.01000000,242.07120000,1666224894708,True,True
39704994,15.12000000,10.34000000,156.34080000,1666224894708,True,True
39704995,15.12000000,294.69000000,4455.71280000,1666224894708,True,True
39704996,15.12000000,32.25000000,487.62000000,1666224894708,True,True
39704997,15.12000000,1.81000000,27.36720000,1666224894708,True,True
39704998,15.12000000,199.50000000,3016.44000000,1666224894708,True,True
39704999,15.12000000,11.70000000,176.90400000,1666224894708,True,True
39705000,15.12000000,14.70000000,222.26400000,1666224894708,True,True
39705001,15.12000000,6.20000000,93.74400000,1666224894708,True,True
39705002,15.12000000,18.60000000,281.23200000,1666224894708,True,True
39705003,15.12000000,12.30000000,185.97600000,1666224894708,True,True
39705004,15.12000000,12.30000000,185.97600000,1666224894708,True,True
39705005,15.12000000,349.88000000,5290.18560000,1666224894708,True,True
39705006,15.12000000,12.40000000,187.48800000,1666224894708,True,True
39705007,15.12000000,7.32000000,110.67840000,1666224894708,True,True
39705008,15.12000000,4.53000000,68.49360000,1666224896439,True,True
39705009,15.12000000,3.31000000,50.04720000,1666224902338,True,True
39705010,15.12000000,0.34000000,5.14080000,1666224904290,True,True
39705011,15.12000000,11.55000000,174.63600000,1666224904290,True,True
39705012,15.12000000,3.25000000,49.14000000,1666224908942,True,True
39705013,15.12000000,8.28000000,125.19360000,1666224908942,True,True
39705014,15.12000000,0.41000000,6.19920000,1666224908942,True,True
39705015,15.12000000,0.68000000,10.28160000,1666224912973,True,True
39705016,15.12000000,1.09000000,16.48080000,1666224912973,True,True
39705017,15.12000000,1.09000000,16.48080000,1666224912973,True,True
39705018,15.12000000,1.09000000,16.48080000,1666224912973,True,True
39705019,15.12000000,21.27000000,321.60240000,1666224912973,True,True
39705020,15.13000000,5.00000000,75.65000000,1666224916871,False,True
39705021,15.12000000,5.69000000,86.03280000,1666224917210,True,True
39705022,15.12000000,38.15000000,576.82800000,1666224920649,True,True
39705023,15.12000000,46.65000000,705.34800000,1666224921068,False,True
39705024,15.12000000,24.70000000,373.46400000,1666224921068,False,True
39705025,15.12000000,15.86000000,239.80320000,1666224921068,False,True
39705026,15.12000000,62.94000000,951.65280000,1666224921068,False,True
39705027,15.11000000,3.30000000,49.86300000,1666224929377,True,True
39705028,15.11000000,2.95000000,44.57450000,1666224929377,True,True
39705029,15.11000000,8.30000000,125.41300000,1666224931446,True,True
39705030,15.11000000,15.58000000,235.41380000,1666224931446,True,True
39705031,15.11000000,44.91000000,678.59010000,1666224931446,True,True
39705032,15.11000000,12.30000000,185.85300000,1666224931446,True,True
39705033,15.11000000,12.30000000,185.85300000,1666224931446,True,True
39705034,15.11000000,11.70000000,176.78700000,1666224931446,True,True
39705035,15.11000000,6.20000000,93.68200000,1666224931446,True,True
39705036,15.11000000,14.70000000,222.11700000,1666224931446,True,True
39705037,15.11000000,1.09000000,16.46990000,1666224931446,True,True
39705038,15.11000000,18.60000000,281.04600000,1666224931446,True,True
39705039,15.11000000,1.09000000,16.46990000,1666224931446,True,True
39705040,15.11000000,1.09000000,16.46990000,1666224931446,True,True
39705041,15.11000000,1.09000000,16.46990000,1666224931446,True,True
39705042,15.11000000,18.60000000,281.04600000,1666224931446,True,True
39705043,15.11000000,92.44000000,1396.76840000,1666224931446,True,True
39705044,15.11000000,8.32000000,125.71520000,1666224931914,True,True
39705045,15.10000000,2.06000000,31.10600000,1666224931914,True,True
39705046,15.11000000,5.13000000,77.51430000,1666224935076,True,True
39705047,15.11000000,1.09000000,16.46990000,1666224935339,True,True
39705048,15.11000000,1.09000000,16.46990000,1666224935339,True,True
39705049,15.11000000,1.09000000,16.46990000,1666224935339,True,True
39705050,15.11000000,1.09000000,16.46990000,1666224935339,True,True
39705051,15.10000000,9.49000000,143.29900000,1666224936900,True,True
39705052,15.10000000,6.00000000,90.60000000,1666224936900,True,True
39705053,15.10000000,1.00000000,15.10000000,1666224936900,True,True
39705054,15.10000000,15.00000000,226.50000000,1666224936900,True,True
39705055,15.10000000,15.00000000,226.50000000,1666224936900,True,True
39705056,15.10000000,1.72000000,25.97200000,1666224936900,True,True
39705057,15.10000000,3.30000000,49.83000000,1666224936900,True,True
39705058,15.10000000,4.17000000,62.96700000,1666224936900,True,True
39705059,15.10000000,15.50000000,234.05000000,1666224936900,True,True
39705060,15.10000000,14.80000000,223.48000000,1666224936900,True,True
39705061,15.09000000,40.20000000,606.61800000,1666224936900,True,True
39705062,15.09000000,37.15000000,560.59350000,1666224936900,True,True
39705063,15.09000000,11.55000000,174.28950000,1666224936900,True,True
39705064,15.09000000,13.20000000,199.18800000,1666224936900,True,True
39705065,15.09000000,0.69000000,10.41210000,1666224936900,True,True
39705066,15.09000000,18.02000000,271.92180000,1666224936900,True,True
39705067,15.09000000,6.40000000,96.57600000,1666224936900,True,True
39705068,15.09000000,4.80000000,72.43200000,1666224936900,True,True
39705069,15.09000000,47.85000000,722.05650000,1666224936900,True,True
39705070,15.09000000,109.82000000,1657.18380000,1666224936900,True,True
39705071,15.09000000,106.50000000,1607.08500000,1666224936900,True,True
39705072,15.09000000,306.85000000,4630.36650000,1666224936900,True,True
39705073,15.09000000,20.00000000,301.80000000,1666224936900,True,True
39705074,15.08000000,11.55000000,174.17400000,1666224936900,True,True
39705075,15.08000000,179.44000000,2705.95520000,1666224936900,True,True
39705076,15.10000000,4.46000000,67.34600000,1666224936949,False,True
39705077,15.10000000,3.69000000,55.71900000,1666224937190,False,True
39705078,15.09000000,10.11000000,152.55990000,1666224939995,True,True
39705079,15.10000000,33.09000000,499.65900000,1666224940220,False,True
39705080,15.10000000,33.09000000,499.65900000,1666224942925,False,True
39705081,15.10000000,4.17000000,62.96700000,1666224942932,False,True
39705082,15.10000000,2.33000000,35.18300000,1666224942932,False,True
39705083,15.10000000,4.17000000,62.96700000,1666224942933,False,True
39705084,15.10000000,1.72000000,25.97200000,1666224943069,True,True
39705085,15.10000000,13.96000000,210.79600000,1666224944330,True,True
39705086,15.10000000,3.01000000,45.45100000,1666224948117,True,True
39705087,15.11000000,6.50000000,98.21500000,1666224949512,False,True
39705088,15.11000000,4.45000000,67.23950000,1666224949512,False,True
39705089,15.11000000,3.31000000,50.01410000,1666224949512,False,True
39705090,15.11000000,4.35000000,65.72850000,1666224949512,False,True
39705091,15.11000000,14.46000000,218.49060000,1666224949512,False,True
39705092,15.11000000,11.67000000,176.33370000,1666224949519,False,True
39705093,15.11000000,14.54000000,219.69940000,1666224949532,False,True
39705094,15.11000000,6.89000000,104.10790000,1666224949537,False,True
39705095,15.11000000,3.31000000,50.01410000,1666224949537,False,True
39705096,15.11000000,4.17000000,63.00870000,1666224949537,False,True
39705097,15.11000000,2.59000000,39.13490000,1666224949537,False,True
39705098,15.11000000,6.34000000,95.79740000,1666224949561,True,True
39705099,15.11000000,1.72000000,25.98920000,1666224949651,True,True
39705100,15.11000000,4.94000000,74.64340000,1666224952378,True,True
39705101,15.11000000,13.23000000,199.90530000,1666224952378,True,True
39705102,15.11000000,29.70000000,448.76700000,1666224952378,True,True
39705103,15.11000000,3.09000000,46.68990000,1666224969723,True,True
39705104,15.11000000,3.30000000,49.86300000,1666224969723,True,True
39705105,15.11000000,5.28000000,79.78080000,1666224977293,True,True
39705106,15.10000000,1.14000000,17.21400000,1666224977293,True,True
39705107,15.11000000,6.97000000,105.31670000,1666224979934,True,True
39705108,15.11000000,1.93000000,29.16230000,1666224980033,False,True
39705109,15.11000000,1.05000000,15.86550000,1666224980085,False,True
39705110,15.11000000,7.16000000,108.18760000,1666224980182,False,True
39705111,15.11000000,6.75000000,101.99250000,1666224980814,False,True
39705112,15.10000000,25.96000000,391.99600000,1666224980857,True,True
39705113,15.10000000,4.92000000,74.29200000,1666224986169,True,True
39705114,15.10000000,5.64000000,85.16400000,1666224990686,True,True
39705115,15.10000000,3.03000000,45.75300000,1666224991353,True,True
39705116,15.10000000,6.51000000,98.30100000,1666224991353,True,True
39705117,15.10000000,3.30000000,49.83000000,1666224991353,True,True
39705118,15.10000000,4.17000000,62.96700000,1666224991353,True,True
39705119,15.10000000,5.01000000,75.65100000,1666224991353,True,True
39705120,15.10000000,18.60000000,280.86000000,1666224991353,True,True
39705121,15.10000000,5.54000000,83.65400000,1666224995224,True,True
39705122,15.10000000,5.27000000,79.57700000,1666224995499,True,True
39705123,15.09000000,0.90000000,13.58100000,1666225003693,True,True
39705124,15.09000000,11.55000000,174.28950000,1666225006890,True,True
39705125,15.09000000,4.38000000,66.09420000,1666225006890,True,True
39705126,15.09000000,3.89000000,58.70010000,1666225006890,True,True
39705127,15.09000000,4.42000000,66.69780000,1666225006890,True,True
39705128,15.09000000,3.30000000,49.79700000,1666225006890,True,True
39705129,15.09000000,4.17000000,62.92530000,1666225006890,True,True
39705130,15.09000000,17.45000000,263.32050000,1666225006890,True,True
39705131,15.09000000,3.13000000,47.23170000,1666225015618,True,True
39705132,15.09000000,4.90000000,73.94100000,1666225020371,True,True
39705133,15.09000000,8.64000000,130.37760000,1666225020371,True,True
39705134,15.10000000,10.40000000,157.04000000,1666225036237,False,True
39705135,15.10000000,22.69000000,342.61900000,1666225036237,False,True
39705136,15.10000000,8.80000000,132.88000000,1666225036726,False,True
39705137,15.10000000,8.74000000,131.97400000,1666225036726,False,True
39705138,15.10000000,8.74000000,131.97400000,1666225037221,False,True
39705139,15.10000000,8.74000000,131.97400000,1666225037221,False,True
39705140,15.10000000,8.74000000,131.97400000,1666225037221,False,True
39705141,15.10000000,8.74000000,131.97400000,1666225037221,False,True
39705142,15.10000000,8.74000000,131.97400000,1666225037221,False,True
39705143,15.10000000,8.74000000,131.97400000,1666225037221,False,True
39705144,15.10000000,3.71000000,56.02100000,1666225037221,False,True
39705145,15.10000000,5.03000000,75.95300000,1666225037224,False,True
39705146,15.10000000,8.74000000,131.97400000,1666225037224,False,True
39705147,15.10000000,8.67000000,130.91700000,1666225037224,False,True
39705148,15.11000000,1.99000000,30.06890000,1666225045266,False,True
39705149,15.11000000,11.00000000,166.21000000,1666225057177,False,True
39705150,15.11000000,4.45000000,67.23950000,1666225057177,False,True
39705151,15.11000000,17.62000000,266.23820000,1666225057177,False,True
39705152,15.11000000,1.09000000,16.46990000,1666225057236,False,True
39705153,15.11000000,4.17000000,63.00870000,1666225057236,False,True
39705154,15.11000000,16.03000000,242.21330000,1666225057236,False,True
39705155,15.11000000,15.00000000,226.65000000,1666225057236,False,True
39705156,15.11000000,3.26000000,49.25860000,1666225057236,False,True
39705157,15.11000000,11.74000000,177.39140000,1666225057244,False,True
39705158,15.11000000,8.73000000,131.91030000,1666225057244,False,True
39705159,15.11000000,8.73000000,131.91030000,1666225057244,False,True
39705160,15.11000000,8.73000000,131.91030000,1666225057244,False,True
39705161,15.11000000,8.73000000,131.91030000,1666225057244,False,True
39705162,15.11000000,8.73000000,131.91030000,1666225057244,False,True
39705163,15.11000000,8.73000000,131.91030000,1666225057244,False,True
39705164,15.11000000,8.73000000,131.91030000,1666225057244,False,True
39705165,15.11000000,8.73000000,131.91030000,1666225057244,False,True
39705166,15.11000000,8.73000000,131.91030000,1666225057244,False,True
39705167,15.11000000,8.70000000,131.45700000,1666225057244,False,True
39705168,15.11000000,13.23000000,199.90530000,1666225062729,True,True
39705169,15.11000000,10.14000000,153.21540000,1666225062729,True,True
39705170,15.11000000,10.10000000,152.61100000,1666225062729,True,True
39705171,15.11000000,15.58000000,235.41380000,1666225062729,True,True
39705172,15.11000000,67.31000000,1017.05410000,1666225062729,True,True
39705173,15.11000000,8.82000000,133.27020000,1666225062729,True,True
39705174,15.11000000,18.60000000,281.04600000,1666225062729,True,True
39705175,15.11000000,14.80000000,223.62800000,1666225062729,True,True
39705176,15.11000000,18.60000000,281.04600000,1666225062729,True,True
39705177,15.11000000,14.70000000,222.11700000,1666225062729,True,True
39705178,15.11000000,15.50000000,234.20500000,1666225062729,True,True
39705179,15.11000000,37.36000000,564.50960000,1666225062729,True,True
39705180,15.11000000,92.44000000,1396.76840000,1666225062729,True,True
39705181,15.10000000,258.91000000,3909.54100000,1666225062729,True,True
39705182,15.10000000,1.09000000,16.45900000,1666225062729,True,True
39705183,15.10000000,1.09000000,16.45900000,1666225062729,True,True
39705184,15.10000000,1.09000000,16.45900000,1666225062729,True,True
39705185,15.10000000,20.00000000,302.00000000,1666225062729,True,True
39705186,15.10000000,380.64000000,5747.66400000,1666225062729,True,True
39705187,15.11000000,10.14000000,153.21540000,1666225062749,True,True
39705188,15.11000000,10.67000000,161.22370000,1666225062749,True,True
39705189,15.11000000,5.74000000,86.73140000,1666225062783,False,True
39705190,15.11000000,4.40000000,66.48400000,1666225062842,False,True
39705191,15.11000000,107.51000000,1624.47610000,1666225062842,False,True
39705192,15.11000000,12.30000000,185.85300000,1666225067972,True,True
39705193,15.11000000,18.60000000,281.04600000,1666225067972,True,True
39705194,15.11000000,14.70000000,222.11700000,1666225067972,True,True
39705195,15.11000000,15.50000000,234.20500000,1666225067972,True,True
39705196,15.11000000,14.80000000,223.62800000,1666225067972,True,True
39705197,15.11000000,8.01000000,121.03110000,1666225067972,True,True
39705198,15.12000000,6.61000000,99.94320000,1666225083670,False,True
39705199,15.12000000,1.00000000,15.12000000,1666225104007,False,True
39705200,15.11000000,10.59000000,160.01490000,1666225112437,True,True
39705201,15.11000000,35.50000000,536.40500000,1666225112437,True,True
39705202,15.11000000,1.32000000,19.94520000,1666225112437,True,True
39705203,15.11000000,14.70000000,222.11700000,1666225112437,True,True
39705204,15.11000000,18.60000000,281.04600000,1666225112437,True,True
39705205,15.11000000,11.70000000,176.78700000,1666225112437,True,True
39705206,15.11000000,12.30000000,185.85300000,1666225112437,True,True
39705207,15.11000000,12.30000000,185.85300000,1666225112437,True,True
39705208,15.11000000,6.20000000,93.68200000,1666225112437,True,True
39705209,15.11000000,14.80000000,223.62800000,1666225112437,True,True
39705210,15.11000000,15.50000000,234.20500000,1666225112437,True,True
39705211,15.10000000,149.16000000,2252.31600000,1666225112437,True,True
39705212,15.10000000,22.68000000,342.46800000,1666225112437,True,True
39705213,15.10000000,1.09000000,16.45900000,1666225112437,True,True
39705214,15.10000000,1.11000000,16.76100000,1666225112437,True,True
39705215,15.10000000,199.50000000,3012.45000000,1666225112437,True,True
39705216,15.10000000,1.11000000,16.76100000,1666225112437,True,True
39705217,15.10000000,20.00000000,302.00000000,1666225112437,True,True
39705218,15.10000000,10.53000000,159.00300000,1666225112437,True,True
39705219,15.10000000,7.22000000,109.02200000,1666225112437,True,True
39705220,15.10000000,11.55000000,174.40500000,1666225112437,True,True
39705221,15.10000000,1.09000000,16.45900000,1666225112437,True,True
39705222,15.10000000,115.90000000,1750.09000000,1666225112437,True,True
39705223,15.10000000,75.56000000,1140.95600000,1666225112437,True,True
39705224,15.10000000,101.00000000,1525.10000000,1666225112437,True,True
39705225,15.10000000,128.99000000,1947.74900000,1666225112437,True,True
39705226,15.11000000,10.46000000,158.05060000,1666225112465,True,True
39705227,15.11000000,33.06000000,499.53660000,1666225112486,False,True
39705228,15.11000000,13.72000000,207.30920000,1666225112507,False,True
39705229,15.11000000,87.62000000,1323.93820000,1666225112540,False,True
39705230,15.11000000,4.83000000,72.98130000,1666225112795,False,True
39705231,15.11000000,16.66000000,251.73260000,1666225114148,False,True
39705232,15.11000000,16.66000000,251.73260000,1666225114235,False,True
39705233,15.11000000,34.26000000,517.66860000,1666225114667,False,True
39705234,15.11000000,6.23000000,94.13530000,1666225122514,False,True
39705235,15.10000000,10.31000000,155.68100000,1666225179740,True,True
39705236,15.10000000,11.70000000,176.67000000,1666225179740,True,True
39705237,15.10000000,14.70000000,221.97000000,1666225179740,True,True
39705238,15.10000000,18.60000000,280.86000000,1666225179740,True,True
39705239,15.10000000,6.20000000,93.62000000,1666225179740,True,True
39705240,15.10000000,12.30000000,185.73000000,1666225179740,True,True
39705241,15.10000000,12.30000000,185.73000000,1666225179740,True,True
39705242,15.10000000,11.74000000,177.27400000,1666225232220,True,True
39705243,15.10000000,6.20000000,93.62000000,1666225232220,True,True
39705244,15.10000000,7.30000000,110.23000000,1666225232422,False,True
39705245,15.10000000,1.95000000,29.44500000,1666225234454,False,True
39705246,15.10000000,11.11000000,167.76100000,1666225262900,True,True
39705247,15.10000000,1.32000000,19.93200000,1666225262900,True,True
39705248,15.09000000,0.72000000,10.86480000,1666225270298,True,True
39705249,15.09000000,4.16000000,62.77440000,1666225270298,True,True
39705250,15.09000000,13.25000000,199.94250000,1666225273182,True,True
39705251,15.09000000,86.29000000,1302.11610000,1666225273475,False,True
39705252,15.08000000,3.30000000,49.76400000,1666225292700,True,True
39705253,15.08000000,1.00000000,15.08000000,1666225292700,True,True
39705254,15.08000000,4.17000000,62.88360000,1666225292700,True,True
39705255,15.08000000,1.54000000,23.22320000,1666225292700,True,True
39705256,15.08000000,8.13000000,122.60040000,1666225292765,True,True
39705257,15.08000000,8.10000000,122.14800000,1666225292767,True,True
39705258,15.08000000,4.45000000,67.10600000,1666225298392,False,True
39705259,15.09000000,15.45000000,233.14050000,1666225317391,False,True
39705260,15.09000000,1.41000000,21.27690000,1666225317391,False,True
39705261,15.09000000,14.17000000,213.82530000,1666225375657,False,True
39705262,15.09000000,0.07000000,1.05630000,1666225375657,False,True
39705263,15.09000000,8.75000000,132.03750000,1666225377660,False,True
39705264,15.09000000,5.48000000,82.69320000,1666225377660,False,True
39705265,15.09000000,14.23000000,214.73070000,1666225378651,False,True
39705266,15.09000000,55.85000000,842.77650000,1666225391688,False,True
39705267,15.09000000,1.09000000,16.44810000,1666225391688,False,True
39705268,15.09000000,1.09000000,16.44810000,1666225391688,False,True
39705269,15.09000000,15.79000000,238.27110000,1666225391688,False,True
39705270,15.09000000,1.14000000,17.20260000,1666225406194,True,True
39705271,15.09000000,14.44000000,217.89960000,1666225411474,True,True
39705272,15.09000000,20.19000000,304.66710000,1666225411474,True,True
39705273,15.09000000,4.45000000,67.15050000,1666225411490,True,True
39705274,15.09000000,48.05000000,725.07450000,1666225411491,True,True
39705275,15.09000000,20.01000000,301.95090000,1666225411499,True,True
39705276,15.08000000,0.74000000,11.15920000,1666225430577,True,True
39705277,15.08000000,0.74000000,11.15920000,1666225430577,True,True
39705278,15.08000000,0.74000000,11.15920000,1666225430579,True,True
39705279,15.08000000,0.74000000,11.15920000,1666225430580,True,True
39705280,15.08000000,122.30000000,1844.28400000,1666225430580,True,True
39705281,15.08000000,0.74000000,11.15920000,1666225430580,True,True
39705282,15.08000000,54.00000000,814.32000000,1666225430583,True,True
39705283,15.08000000,2.00000000,30.16000000,1666225430583,True,True
39705284,15.07000000,33.18000000,500.02260000,1666225455579,True,True
39705285,15.07000000,33.17000000,499.87190000,1666225455650,True,True
39705286,15.07000000,4.17000000,62.84190000,1666225455650,True,True
39705287,15.07000000,1.00000000,15.07000000,1666225455650,True,True
39705288,15.07000000,1.66000000,25.01620000,1666225455675,False,True
39705289,15.07000000,30.76000000,463.55320000,1666225455711,False,True
39705290,15.06000000,3.30000000,49.69800000,1666225485184,True,True
39705291,15.06000000,4.17000000,62.80020000,1666225485184,True,True
39705292,15.05000000,0.71000000,10.68550000,1666225501505,True,True
39705293,15.05000000,5.98000000,89.99900000,1666225501505,True,True
39705294,15.05000000,33.22000000,499.96100000,1666225501505,True,True
39705295,15.05000000,104.16000000,1567.60800000,1666225501505,True,True
39705296,15.05000000,12.30000000,185.11500000,1666225501505,True,True
39705297,15.05000000,3.30000000,49.66500000,1666225501505,True,True
39705298,15.05000000,4.17000000,62.75850000,1666225501505,True,True
39705299,15.05000000,15.96000000,240.19800000,1666225501643,False,True
39705300,15.05000000,17.62000000,265.18100000,1666225501713,False,True
39705301,15.05000000,2.49000000,37.47450000,1666225501767,False,True
39705302,15.05000000,15.58000000,234.47900000,1666225541444,False,True
39705303,15.05000000,41.40000000,623.07000000,1666225541444,False,True
39705304,15.05000000,6.84000000,102.94200000,1666225541447,False,True
39705305,15.05000000,1.09000000,16.40450000,1666225541447,False,True
39705306,15.06000000,15.00000000,225.90000000,1666225547679,False,True
39705307,15.06000000,3.75000000,56.47500000,1666225547679,False,True
39705308,15.06000000,11.25000000,169.42500000,1666225550692,False,True
39705309,15.06000000,10.54000000,158.73240000,1666225553703,False,True
39705310,15.06000000,4.82000000,72.58920000,1666225554530,False,True
39705311,15.07000000,24.18000000,364.39260000,1666225607993,False,True
39705312,15.07000000,5.64000000,84.99480000,1666225607996,False,True
39705313,15.07000000,10.14000000,152.80980000,1666225607997,False,True
39705314,15.07000000,30.78000000,463.85460000,1666225608002,False,True
39705315,15.07000000,3.30000000,49.73100000,1666225608002,False,True
39705316,15.07000000,4.17000000,62.84190000,1666225608002,False,True
39705317,15.07000000,4.05000000,61.03350000,1666225608014,True,True
39705318,15.08000000,10.69000000,161.20520000,1666225618034,False,True
39705319,15.08000000,23.77000000,358.45160000,1666225618036,False,True
39705320,15.08000000,36.32000000,547.70560000,1666225618063,False,True
39705321,15.08000000,0.89000000,13.42120000,1666225618063,False,True
39705322,15.08000000,14.11000000,212.77880000,1666225618063,False,True
39705323,15.08000000,48.25000000,727.61000000,1666225618152,True,True
39705324,15.08000000,7.75000000,116.87000000,1666225618152,True,True
39705325,15.07000000,9.22000000,138.94540000,1666225618152,True,True
39705326,15.07000000,34.78000000,524.13460000,1666225618152,True,True
39705327,15.09000000,58.22000000,878.53980000,1666225618816,False,True
39705328,15.09000000,9.02000000,136.11180000,1666225623111,False,True
39705329,15.08000000,55.27000000,833.47160000,1666225625380,True,True
39705330,15.08000000,37.22000000,561.27760000,1666225625382,True,True
39705331,15.08000000,0.76000000,11.46080000,1666225629396,False,True
39705332,15.08000000,1.92000000,28.95360000,1666225634434,False,True
39705333,15.07000000,9.97000000,150.24790000,1666225644285,True,True
39705334,15.08000000,5.07000000,76.45560000,1666225644876,False,True
39705335,15.08000000,13.55000000,204.33400000,1666225644876,False,True
39705336,15.08000000,6.57000000,99.07560000,1666225644876,False,True
39705337,15.08000000,1.71000000,25.78680000,1666225657218,True,True
39705338,15.08000000,10.14000000,152.91120000,1666225657223,True,True
39705339,15.08000000,80.75000000,1217.71000000,1666225657226,True,True
39705340,15.08000000,50.93000000,768.02440000,1666225659297,False,True
39705341,15.08000000,4.55000000,68.61400000,1666225701078,False,True
39705342,15.07000000,3.44000000,51.84080000,1666225716633,True,True
39705343,15.07000000,18.60000000,280.30200000,1666225716633,True,True
39705344,15.07000000,35.62000000,536.79340000,1666225716633,True,True
39705345,15.07000000,18.60000000,280.30200000,1666225716633,True,True
39705346,15.07000000,15.58000000,234.79060000,1666225716633,True,True
39705347,15.07000000,14.70000000,221.52900000,1666225716633,True,True
39705348,15.07000000,14.80000000,223.03600000,1666225716633,True,True
39705349,15.07000000,15.50000000,233.58500000,1666225716633,True,True
39705350,15.07000000,12.30000000,185.36100000,1666225716633,True,True
39705351,15.07000000,11.70000000,176.31900000,1666225716633,True,True
39705352,15.07000000,6.20000000,93.43400000,1666225716633,True,True
39705353,15.07000000,12.30000000,185.36100000,1666225716633,True,True
39705354,15.07000000,1.87000000,28.18090000,1666225716633,True,True
39705355,15.07000000,1.11000000,16.72770000,1666225716633,True,True
39705356,15.07000000,1.11000000,16.72770000,1666225716633,True,True
39705357,15.06000000,15.58000000,234.63480000,1666225716633,True,True
39705358,15.06000000,13.28000000,199.99680000,1666225716633,True,True
39705359,15.06000000,6.64000000,99.99840000,1666225716633,True,True
39705360,15.06000000,8.85000000,133.28100000,1666225716633,True,True
39705361,15.06000000,125.22000000,1885.81320000,1666225716633,True,True
39705362,15.06000000,4.42000000,66.56520000,1666225716633,True,True
39705363,15.06000000,93.96000000,1415.03760000,1666225716633,True,True
39705364,15.06000000,128.86000000,1940.63160000,1666225716633,True,True
39705365,15.06000000,16.12000000,242.76720000,1666225716633,True,True
39705366,15.06000000,11.55000000,173.94300000,1666225716633,True,True
39705367,15.06000000,165.95000000,2499.20700000,1666225716633,True,True
39705368,15.06000000,2.65000000,39.90900000,1666225716633,True,True
39705369,15.06000000,20.00000000,301.20000000,1666225716633,True,True
39705370,15.06000000,4.42000000,66.56520000,1666225716633,True,True
39705371,15.06000000,4.17000000,62.80020000,1666225716633,True,True
39705372,15.06000000,80.36000000,1210.22160000,1666225716633,True,True
39705373,15.05000000,312.40000000,4701.62000000,1666225716633,True,True
39705374,15.05000000,1.56000000,23.47800000,1666225716633,True,True
39705375,15.05000000,7.52000000,113.17600000,1666225716633,True,True
39705376,15.05000000,31.84000000,479.19200000,1666225716633,True,True
39705377,15.05000000,11.55000000,173.82750000,1666225716633,True,True
39705378,15.05000000,58.90000000,886.44500000,1666225716633,True,True
39705379,15.05000000,13.20000000,198.66000000,1666225716633,True,True
39705380,15.05000000,3.30000000,49.66500000,1666225716633,True,True
39705381,15.05000000,1.73000000,26.03650000,1666225716633,True,True
39705382,15.05000000,170.00000000,2558.50000000,1666225716633,True,True
39705383,15.05000000,125.82000000,1893.59100000,1666225716633,True,True
39705384,15.05000000,33.76000000,508.08800000,1666225716633,True,True
39705385,15.05000000,88.40000000,1330.42000000,1666225716633,True,True
39705386,15.05000000,90.56000000,1362.92800000,1666225716633,True,True
39705387,15.05000000,60.43000000,909.47150000,1666225716633,True,True
39705388,15.05000000,0.89000000,13.39450000,1666225716633,True,True
39705389,15.05000000,102.68000000,1545.33400000,1666225716633,True,True
39705390,15.07000000,1.92000000,28.93440000,1666225716903,True,True
39705391,15.08000000,5.36000000,80.82880000,1666225727028,False,True
39705392,15.08000000,10.98000000,165.57840000,1666225727042,False,True
39705393,15.08000000,42.07000000,634.41560000,1666225727042,False,True
39705394,15.08000000,4.17000000,62.88360000,1666225727455,False,True
39705395,15.08000000,3.30000000,49.76400000,1666225727455,False,True
39705396,15.08000000,1.72000000,25.93760000,1666225727455,False,True
39705397,15.08000000,10.14000000,152.91120000,1666225734357,True,True
39705398,15.08000000,44.20000000,666.53600000,1666225734357,True,True
39705399,15.08000000,10.93000000,164.82440000,1666225734357,True,True
39705400,15.08000000,2.76000000,41.62080000,1666225734357,True,True
39705401,15.07000000,100.75000000,1518.30250000,1666225734357,True,True
39705402,15.07000000,53.71000000,809.40970000,1666225734357,True,True
39705403,15.07000000,1.09000000,16.42630000,1666225734357,True,True
39705404,15.07000000,1.09000000,16.42630000,1666225734357,True,True
39705405,15.07000000,1.09000000,16.42630000,1666225734357,True,True
39705406,15.07000000,20.00000000,301.40000000,1666225734357,True,True
39705407,15.07000000,7.24000000,109.10680000,1666225734357,True,True
39705408,15.07000000,1.09000000,16.42630000,1666225734357,True,True
39705409,15.07000000,1.11000000,16.72770000,1666225734357,True,True
39705410,15.07000000,1.11000000,16.72770000,1666225734357,True,True
39705411,15.06000000,531.20000000,7999.87200000,1666225734357,True,True
39705412,15.06000000,16.12000000,242.76720000,1666225734357,True,True
39705413,15.06000000,2.65000000,39.90900000,1666225734357,True,True
39705414,15.06000000,28.09000000,423.03540000,1666225734357,True,True
39705415,15.06000000,108.53000000,1634.46180000,1666225734357,True,True
39705416,15.06000000,44.81000000,674.83860000,1666225734357,True,True
39705417,15.06000000,12.29000000,185.08740000,1666225734357,True,True
39705418,15.08000000,2.76000000,41.62080000,1666225734396,False,True
39705419,15.08000000,3.30000000,49.76400000,1666225734402,False,True
39705420,15.08000000,2.76000000,41.62080000,1666225734431,False,True
39705421,15.08000000,1.30000000,19.60400000,1666225734439,False,True
39705422,15.08000000,4.83000000,72.83640000,1666225736070,False,True
39705423,15.08000000,16.67000000,251.38360000,1666225736099,False,True
39705424,15.08000000,16.67000000,251.38360000,1666225736168,False,True
39705425,15.08000000,4.73000000,71.32840000,1666225736202,False,True
39705426,15.08000000,23.08000000,348.04640000,1666225736255,False,True
39705427,15.08000000,5.34000000,80.52720000,1666225736290,False,True
39705428,15.07000000,10.86000000,163.66020000,1666225744543,True,True
39705429,15.07000000,48.93000000,737.37510000,1666225744543,True,True
39705430,15.06000000,11.55000000,173.94300000,1666225744543,True,True
39705431,15.06000000,3.30000000,49.69800000,1666225744543,True,True
39705432,15.06000000,4.17000000,62.80020000,1666225744543,True,True
39705433,15.06000000,20.00000000,301.20000000,1666225744543,True,True
39705434,15.06000000,71.32000000,1074.07920000,1666225744543,True,True
39705435,15.06000000,531.20000000,7999.87200000,1666225744543,True,True
39705436,15.05000000,1.54000000,23.17700000,1666225744543,True,True
39705437,15.05000000,16.60000000,249.83000000,1666225744543,True,True
39705438,15.05000000,13.61000000,204.83050000,1666225744543,True,True
39705439,15.05000000,46.28000000,696.51400000,1666225744543,True,True
39705440,15.05000000,32.70000000,492.13500000,1666225744543,True,True
39705441,15.05000000,170.00000000,2558.50000000,1666225744543,True,True
39705442,15.05000000,13.20000000,198.66000000,1666225744543,True,True
39705443,15.05000000,4.74000000,71.33700000,1666225744543,True,True
39705444,15.07000000,199.30000000,3003.45100000,1666225746445,False,True
39705445,15.07000000,7.14000000,107.59980000,1666225746445,False,True
39705446,15.07000000,60.00000000,904.20000000,1666225747143,False,True
39705447,15.07000000,4.17000000,62.84190000,1666225747155,False,True
39705448,15.07000000,35.33000000,532.42310000,1666225755657,True,True
39705449,15.07000000,10.14000000,152.80980000,1666225755657,True,True
39705450,15.07000000,38.27000000,576.72890000,1666225755657,True,True
39705451,15.07000000,18.60000000,280.30200000,1666225755657,True,True
39705452,15.07000000,14.70000000,221.52900000,1666225755657,True,True
39705453,15.07000000,14.80000000,223.03600000,1666225755657,True,True
39705454,15.07000000,18.60000000,280.30200000,1666225755657,True,True
39705455,15.07000000,15.50000000,233.58500000,1666225755657,True,True
39705456,15.07000000,71.31000000,1074.64170000,1666225755657,True,True
39705457,15.07000000,12.30000000,185.36100000,1666225755657,True,True
39705458,15.07000000,12.30000000,185.36100000,1666225755657,True,True
39705459,15.07000000,6.20000000,93.43400000,1666225755657,True,True
39705460,15.07000000,11.70000000,176.31900000,1666225755657,True,True
39705461,15.07000000,12.40000000,186.86800000,1666225755657,True,True
39705462,15.07000000,1.09000000,16.42630000,1666225755657,True,True
39705463,15.07000000,56.34000000,849.04380000,1666225755657,True,True
39705464,15.07000000,1.09000000,16.42630000,1666225755657,True,True
39705465,15.07000000,1.09000000,16.42630000,1666225755657,True,True
39705466,15.07000000,1.09000000,16.42630000,1666225755657,True,True
39705467,15.07000000,1.11000000,16.72770000,1666225755657,True,True
39705468,15.07000000,1.11000000,16.72770000,1666225755657,True,True
39705469,15.06000000,10.45000000,157.37700000,1666225755657,True,True
39705470,15.06000000,20.00000000,301.20000000,1666225755657,True,True
39705471,15.06000000,199.50000000,3004.47000000,1666225755657,True,True
39705472,15.06000000,2.65000000,39.90900000,1666225755657,True,True
39705473,15.06000000,11.55000000,173.94300000,1666225755657,True,True
39705474,15.06000000,43.17000000,650.14020000,1666225755657,True,True
39705475,15.06000000,16.12000000,242.76720000,1666225755657,True,True
39705476,15.06000000,87.71000000,1320.91260000,1666225755657,True,True
39705477,15.05000000,6.81000000,102.49050000,1666225755657,True,True
39705478,15.05000000,173.05000000,2604.40250000,1666225755657,True,True
39705479,15.05000000,57.19000000,860.70950000,1666225755657,True,True
39705480,15.05000000,4.04000000,60.80200000,1666225755657,True,True
39705481,15.05000000,12.69000000,190.98450000,1666225755657,True,True
39705482,15.07000000,13.27000000,199.97890000,1666225764748,True,True
39705483,15.07000000,7.73000000,116.49110000,1666225764748,True,True
39705484,15.07000000,18.60000000,280.30200000,1666225764748,True,True
39705485,15.07000000,14.80000000,223.03600000,1666225764748,True,True
39705486,15.07000000,15.50000000,233.58500000,1666225764748,True,True
39705487,15.07000000,1.09000000,16.42630000,1666225764748,True,True
39705488,15.07000000,42.09000000,634.29630000,1666225764748,True,True
39705489,15.07000000,1.09000000,16.42630000,1666225764748,True,True
39705490,15.07000000,1.09000000,16.42630000,1666225764748,True,True
39705491,15.07000000,1.09000000,16.42630000,1666225764748,True,True
39705492,15.06000000,332.17000000,5002.48020000,1666225764748,True,True
39705493,15.06000000,531.20000000,7999.87200000,1666225764748,True,True
39705494,15.06000000,20.28000000,305.41680000,1666225764748,True,True
39705495,15.07000000,2.76000000,41.59320000,1666225764785,False,True
39705496,15.07000000,3.08000000,46.41560000,1666225764808,False,True
39705497,15.07000000,6.29000000,94.79030000,1666225764837,False,True
39705498,15.07000000,24.62000000,371.02340000,1666225764869,False,True
39705499,15.07000000,3.37000000,50.78590000,1666225764980,False,True
39705500,15.07000000,8.12000000,122.36840000,1666225765382,False,True
39705501,15.07000000,5.15000000,77.61050000,1666225765382,False,True
39705502,15.07000000,5.13000000,77.30910000,1666225766521,False,True
39705503,15.07000000,5.01000000,75.50070000,1666225767591,False,True
39705504,15.08000000,2.40000000,36.19200000,1666225770553,False,True
39705505,15.07000000,1.40000000,21.09800000,1666225771404,False,True
39705506,15.07000000,15.28000000,230.26960000,1666225771457,False,True
39705507,15.07000000,10.40000000,156.72800000,1666225771820,False,True
39705508,15.07000000,40.69000000,613.19830000,1666225775690,True,True
39705509,15.06000000,10.95000000,164.90700000,1666225775690,True,True
39705510,15.06000000,20.00000000,301.20000000,1666225775690,True,True
39705511,15.06000000,16.12000000,242.76720000,1666225775690,True,True
39705512,15.06000000,31.78000000,478.60680000,1666225775690,True,True
39705513,15.06000000,11.55000000,173.94300000,1666225775690,True,True
39705514,15.06000000,531.20000000,7999.87200000,1666225775690,True,True
39705515,15.06000000,7.90000000,118.97400000,1666225775690,True,True
39705516,15.06000000,1.11000000,16.71660000,1666225775690,True,True
39705517,15.06000000,2.65000000,39.90900000,1666225775690,True,True
39705518,15.06000000,1.11000000,16.71660000,1666225775690,True,True
39705519,15.06000000,1.09000000,16.41540000,1666225775690,True,True
39705520,15.06000000,1.09000000,16.41540000,1666225775690,True,True
39705521,15.06000000,1.09000000,16.41540000,1666225775690,True,True
39705522,15.06000000,1.09000000,16.41540000,1666225775690,True,True
39705523,15.06000000,46.83000000,705.25980000,1666225775690,True,True
39705524,15.05000000,81.37000000,1224.61850000,1666225775690,True,True
39705525,15.05000000,110.04000000,1656.10200000,1666225775690,True,True
39705526,15.05000000,44.55000000,670.47750000,1666225775690,True,True
39705527,15.05000000,13.20000000,198.66000000,1666225775690,True,True
39705528,15.05000000,3.30000000,49.66500000,1666225775690,True,True
39705529,15.05000000,4.17000000,62.75850000,1666225775690,True,True
39705530,15.05000000,16.60000000,249.83000000,1666225775690,True,True
39705531,15.05000000,0.52000000,7.82600000,1666225775690,True,True
39705532,15.07000000,13.27000000,199.97890000,1666225776682,False,True
39705533,15.07000000,5.86000000,88.31020000,1666225777360,True,True
39705534,15.07000000,10.14000000,152.80980000,1666225791081,True,True
39705535,15.07000000,46.06000000,694.12420000,1666225791081,True,True
39705536,15.07000000,29.49000000,444.41430000,1666225791081,True,True
39705537,15.07000000,18.60000000,280.30200000,1666225791081,True,True
39705538,15.07000000,14.70000000,221.52900000,1666225791081,True,True
39705539,15.07000000,1.09000000,16.42630000,1666225791081,True,True
39705540,15.07000000,12.30000000,185.36100000,1666225791081,True,True
39705541,15.07000000,11.70000000,176.31900000,1666225791081,True,True
39705542,15.07000000,6.20000000,93.43400000,1666225791081,True,True
39705543,15.07000000,12.30000000,185.36100000,1666225791081,True,True
39705544,15.07000000,1.09000000,16.42630000,1666225791081,True,True
39705545,15.07000000,1.09000000,16.42630000,1666225791081,True,True
39705546,15.07000000,1.09000000,16.42630000,1666225791081,True,True
39705547,15.07000000,1.11000000,16.72770000,1666225791081,True,True
39705548,15.06000000,531.20000000,7999.87200000,1666225791081,True,True
39705549,15.06000000,20.00000000,301.20000000,1666225791081,True,True
39705550,15.06000000,12.17000000,183.28020000,1666225791081,True,True
39705551,15.06000000,16.12000000,242.76720000,1666225791081,True,True
39705552,15.06000000,27.93000000,420.62580000,1666225791081,True,True
39705553,15.06000000,2.65000000,39.90900000,1666225791081,True,True
39705554,15.06000000,9.48000000,142.76880000,1666225791081,True,True
39705555,15.06000000,59.09000000,889.89540000,1666225791081,True,True
39705556,15.06000000,11.55000000,173.94300000,1666225791081,True,True
39705557,15.06000000,118.33000000,1782.04980000,1666225791081,True,True
39705558,15.05000000,24.52000000,369.02600000,1666225791081,True,True
39705559,15.07000000,8.43000000,127.04010000,1666225791162,False,True
39705560,15.07000000,2.48000000,37.37360000,1666225792856,False,True
39705561,15.07000000,31.16000000,469.58120000,1666225793639,False,True
39705562,15.07000000,73.72000000,1110.96040000,1666225793889,False,True
