39625908,15.75000000,5.35000000,84.26250000,1665964800249,True,True
39625909,15.75000000,3.24000000,51.03000000,1665964802414,False,True
39625910,15.75000000,1.26000000,19.84500000,1665964802812,False,True
39625911,15.75000000,1.72000000,27.09000000,1665964833015,True,True
39625912,15.75000000,47.92000000,754.74000000,1665964843720,True,True
39625913,15.75000000,8.09000000,127.41750000,1665964843720,True,True
39625914,15.76000000,6.97000000,109.84720000,1665964852344,False,True
39625915,15.76000000,7.01000000,110.47760000,1665964852344,False,True
39625916,15.76000000,8.09000000,127.49840000,1665964852344,False,True
39625917,15.76000000,1.47000000,23.16720000,1665964854055,True,True
39625918,15.76000000,8.09000000,127.49840000,1665964869503,True,True
39625919,15.75000000,7.61000000,119.85750000,1665964880362,True,True
39625920,15.75000000,1.09000000,17.16750000,1665964880362,True,True
39625921,15.75000000,1.09000000,17.16750000,1665964880362,True,True
39625922,15.75000000,1.09000000,17.16750000,1665964880362,True,True
39625923,15.75000000,2.06000000,32.44500000,1665964880362,True,True
39625924,15.75000000,10.00000000,157.50000000,1665964880680,True,True
39625925,15.77000000,2.46000000,38.79420000,1665964883407,False,True
39625926,15.77000000,4.59000000,72.38430000,1665964883443,False,True
39625927,15.75000000,2.92000000,45.99000000,1665964893291,True,True
39625928,15.75000000,18.07000000,284.60250000,1665964893904,True,True
39625929,15.75000000,43.01000000,677.40750000,1665964893904,True,True
39625930,15.76000000,15.70000000,247.43200000,1665964915190,False,True
39625931,15.76000000,13.98000000,220.32480000,1665964915190,False,True
39625932,15.76000000,3.32000000,52.32320000,1665964915190,False,True
39625933,15.74000000,3.30000000,51.94200000,1665964948230,True,True
39625934,15.74000000,2.48000000,39.03520000,1665964948230,True,True
39625935,15.74000000,4.44000000,69.88560000,1665964948230,True,True
39625936,15.74000000,28.27000000,444.96980000,1665964965327,True,True
39625937,15.74000000,4.97000000,78.22780000,1665964965327,True,True
39625938,15.74000000,30.00000000,472.20000000,1665964965327,True,True
39625939,15.74000000,9.01000000,141.81740000,1665964965327,True,True
39625940,15.74000000,15.70000000,247.11800000,1665964965327,True,True
39625941,15.74000000,1.09000000,17.15660000,1665964965327,True,True
39625942,15.74000000,1.09000000,17.15660000,1665964965327,True,True
39625943,15.74000000,1.09000000,17.15660000,1665964965327,True,True
39625944,15.74000000,1.09000000,17.15660000,1665964965327,True,True
39625945,15.74000000,7.00000000,110.18000000,1665964965327,True,True
39625946,15.74000000,1.46000000,22.98040000,1665964965327,True,True
39625947,15.74000000,3.30000000,51.94200000,1665964965327,True,True
39625948,15.75000000,20.98000000,330.43500000,1665964982886,False,True
39625949,15.75000000,13.22000000,208.21500000,1665964982886,False,True
39625950,15.75000000,6.20000000,97.65000000,1665964995807,False,True
39625951,15.76000000,0.15000000,2.36400000,1665964995807,False,True
39625952,15.76000000,70.30000000,1107.92800000,1665964995807,False,True
39625953,15.76000000,7.00000000,110.32000000,1665964995807,False,True
39625954,15.76000000,33.47000000,527.48720000,1665964995807,False,True
39625955,15.76000000,11.08000000,174.62080000,1665964995807,False,True
39625956,15.76000000,1.46000000,23.00960000,1665964995807,False,True
39625957,15.76000000,3.30000000,52.00800000,1665964995807,False,True
39625958,15.76000000,37.46000000,590.36960000,1665964995807,False,True
39625959,15.76000000,1.47000000,23.16720000,1665965001438,True,True
39625960,15.76000000,10.50000000,165.48000000,1665965001517,True,True
39625961,15.76000000,1.47000000,23.16720000,1665965002064,True,True
39625962,15.75000000,7.83000000,123.32250000,1665965004748,True,True
39625963,15.75000000,1.47000000,23.15250000,1665965006703,False,True
39625964,15.76000000,2.49000000,39.24240000,1665965029892,False,True
39625965,15.76000000,15.51000000,244.43760000,1665965029892,False,True
39625966,15.76000000,2.83000000,44.60080000,1665965029892,False,True
39625967,15.76000000,5.54000000,87.31040000,1665965030221,False,True
39625968,15.76000000,8.92000000,140.57920000,1665965030224,False,True
39625969,15.76000000,15.42000000,243.01920000,1665965030235,False,True
39625970,15.77000000,1.25000000,19.71250000,1665965043001,False,True
39625971,15.77000000,2.48000000,39.10960000,1665965043001,False,True
39625972,15.77000000,3.17000000,49.99090000,1665965043001,False,True
39625973,15.77000000,3.30000000,52.04100000,1665965043001,False,True
39625974,15.77000000,1.46000000,23.02420000,1665965043001,False,True
39625975,15.77000000,4.73000000,74.59210000,1665965043014,True,True
39625976,15.78000000,1.08000000,17.04240000,1665965062597,False,True
39625977,15.78000000,65.94000000,1040.53320000,1665965109264,False,True
39625978,15.78000000,58.72000000,926.60160000,1665965109271,False,True
39625979,15.78000000,47.06000000,742.60680000,1665965109274,False,True
39625980,15.78000000,195.24000000,3080.88720000,1665965109274,False,True
39625981,15.78000000,68.58000000,1082.19240000,1665965109282,False,True
39625982,15.78000000,33.19000000,523.73820000,1665965109285,False,True
39625983,15.78000000,10.78000000,170.10840000,1665965109287,False,True
39625984,15.78000000,88.39000000,1394.79420000,1665965109332,False,True
39625985,15.78000000,30.00000000,473.40000000,1665965109332,False,True
39625986,15.78000000,3.02000000,47.65560000,1665965109332,False,True
39625987,15.78000000,1.90000000,29.98200000,1665965109332,False,True
39625988,15.79000000,1.89000000,29.84310000,1665965133609,False,True
39625989,15.79000000,2.29000000,36.15910000,1665965163853,False,True
39625990,15.79000000,0.01000000,0.15790000,1665965166933,False,True
39625991,15.79000000,3.30000000,52.10700000,1665965166933,False,True
39625992,15.79000000,1.46000000,23.05340000,1665965166933,False,True
39625993,15.80000000,0.70000000,11.06000000,1665965171446,False,True
39625994,15.80000000,3.02000000,47.71600000,1665965171446,False,True
39625995,15.80000000,30.00000000,474.00000000,1665965171446,False,True
39625996,15.80000000,3.16000000,49.92800000,1665965171446,False,True
39625997,15.80000000,6.55000000,103.49000000,1665965171446,False,True
39625998,15.80000000,3.30000000,52.14000000,1665965171446,False,True
39625999,15.80000000,1.46000000,23.06800000,1665965171446,False,True
39626000,15.80000000,5.54000000,87.53200000,1665965174193,False,True
39626001,15.80000000,1.01000000,15.95800000,1665965174209,False,True
39626002,15.80000000,5.54000000,87.53200000,1665965174209,False,True
39626003,15.80000000,1.01000000,15.95800000,1665965174236,False,True
39626004,15.80000000,6.55000000,103.49000000,1665965174315,False,True
39626005,15.80000000,5.27000000,83.26600000,1665965174336,False,True
39626006,15.80000000,1.28000000,20.22400000,1665965174336,False,True
39626007,15.80000000,5.27000000,83.26600000,1665965174336,False,True
39626008,15.80000000,1.28000000,20.22400000,1665965174381,False,True
39626009,15.80000000,6.55000000,103.49000000,1665965174432,False,True
39626010,15.80000000,5.27000000,83.26600000,1665965174451,False,True
39626011,15.80000000,1.28000000,20.22400000,1665965174459,False,True
39626012,15.80000000,5.27000000,83.26600000,1665965174459,False,True
39626013,15.80000000,1.28000000,20.22400000,1665965174487,False,True
39626014,15.80000000,6.47000000,102.22600000,1665965174530,False,True
39626015,15.80000000,3.21000000,50.71800000,1665965180321,True,True
39626016,15.81000000,1.83000000,28.93230000,1665965199920,False,True
39626017,15.81000000,0.69000000,10.90890000,1665965199920,False,True
39626018,15.81000000,1.90000000,30.03900000,1665965199920,False,True
39626019,15.81000000,2.15000000,33.99150000,1665965199920,False,True
39626020,15.80000000,2.17000000,34.28600000,1665965201866,True,True
39626021,15.80000000,10.06000000,158.94800000,1665965218010,True,True
39626022,15.80000000,0.27000000,4.26600000,1665965218417,True,True
39626023,15.80000000,0.81000000,12.79800000,1665965218417,True,True
39626024,15.81000000,2.04000000,32.25240000,1665965245590,False,True
39626025,15.81000000,6.54000000,103.39740000,1665965245590,False,True
39626026,15.81000000,1.00000000,15.81000000,1665965245590,False,True
39626027,15.81000000,0.32000000,5.05920000,1665965245590,False,True
39626028,15.81000000,1.14000000,18.02340000,1665965245604,False,True
39626029,15.81000000,6.54000000,103.39740000,1665965245604,False,True
39626030,15.81000000,6.54000000,103.39740000,1665965245674,False,True
39626031,15.81000000,6.54000000,103.39740000,1665965245873,False,True
39626032,15.81000000,6.54000000,103.39740000,1665965245926,False,True
39626033,15.81000000,6.54000000,103.39740000,1665965246105,False,True
39626034,15.81000000,6.54000000,103.39740000,1665965247444,False,True
39626035,15.80000000,17.08000000,269.86400000,1665965251658,True,True
39626036,15.81000000,6.54000000,103.39740000,1665965255146,False,True
39626037,15.81000000,1.46000000,23.08260000,1665965255146,False,True
39626038,15.81000000,2.00000000,31.62000000,1665965255239,False,True
39626039,15.81000000,2.44000000,38.57640000,1665965255351,False,True
39626040,15.81000000,2.10000000,33.20100000,1665965255365,False,True
39626041,15.81000000,6.53000000,103.23930000,1665965255539,False,True
39626042,15.81000000,3.74000000,59.12940000,1665965255561,True,True
39626043,15.81000000,1.08000000,17.07480000,1665965263858,True,True
39626044,15.82000000,1.09000000,17.24380000,1665965264300,False,True
39626045,15.81000000,43.73000000,691.37130000,1665965269209,True,True
39626046,15.81000000,26.77000000,423.23370000,1665965269213,True,True
39626047,15.81000000,18.51000000,292.64310000,1665965269213,True,True
39626048,15.81000000,38.41000000,607.26210000,1665965269222,True,True
39626049,15.81000000,6.07000000,95.96670000,1665965269222,True,True
39626050,15.81000000,14.91000000,235.72710000,1665965269226,True,True
39626051,15.81000000,70.51000000,1114.76310000,1665965269240,True,True
39626052,15.81000000,14.91000000,235.72710000,1665965269246,True,True
39626053,15.80000000,26.96000000,425.96800000,1665965270079,True,True
39626054,15.80000000,1.75000000,27.65000000,1665965293073,True,True
39626055,15.80000000,1.76000000,27.80800000,1665965293075,True,True
39626056,15.80000000,1.63000000,25.75400000,1665965293077,True,True
39626057,15.80000000,1.18000000,18.64400000,1665965293079,True,True
39626058,15.80000000,6.76000000,106.80800000,1665965324676,True,True
39626059,15.80000000,1.09000000,17.22200000,1665965324676,True,True
39626060,15.80000000,1.09000000,17.22200000,1665965324676,True,True
39626061,15.80000000,1.09000000,17.22200000,1665965324676,True,True
39626062,15.80000000,1.09000000,17.22200000,1665965324676,True,True
39626063,15.80000000,44.60000000,704.68000000,1665965324676,True,True
39626064,15.80000000,24.44000000,386.15200000,1665965324686,True,True
39626065,15.80000000,34.28000000,541.62400000,1665965324686,True,True
39626066,15.80000000,6.39000000,100.96200000,1665965334366,True,True
39626067,15.80000000,25.61000000,404.63800000,1665965334366,True,True
39626068,15.80000000,0.63000000,9.95400000,1665965421084,True,True
39626069,15.80000000,7.02000000,110.91600000,1665965447575,True,True
39626070,15.80000000,16.66000000,263.22800000,1665965447575,True,True
39626071,15.80000000,18.64000000,294.51200000,1665965486151,False,True
39626072,15.80000000,5.33000000,84.21400000,1665965533326,False,True
39626073,15.80000000,0.92000000,14.53600000,1665965533825,False,True
39626074,15.80000000,1.72000000,27.17600000,1665965534328,False,True
39626075,15.80000000,14.53000000,229.57400000,1665965538863,False,True
39626076,15.80000000,7.50000000,118.50000000,1665965560817,False,True
39626077,15.80000000,87.43000000,1381.39400000,1665965560817,False,True
39626078,15.80000000,242.14000000,3825.81200000,1665965619850,False,True
39626079,15.80000000,6.31000000,99.69800000,1665965619850,False,True
39626080,15.80000000,84.00000000,1327.20000000,1665965619850,False,True
39626081,15.80000000,6.20000000,97.96000000,1665965619850,False,True
39626082,15.80000000,5.00000000,79.00000000,1665965619850,False,True
39626083,15.80000000,13.98000000,220.88400000,1665965619858,False,True
39626084,15.80000000,12.27000000,193.86600000,1665965658911,True,True
39626085,15.79000000,3.30000000,52.10700000,1665965680842,True,True
39626086,15.79000000,12.95000000,204.48050000,1665965680842,True,True
39626087,15.79000000,0.73000000,11.52670000,1665965680842,True,True
39626088,15.79000000,4.33000000,68.37070000,1665965680846,True,True
39626089,15.79000000,12.23000000,193.11170000,1665965680846,True,True
39626090,15.79000000,1.46000000,23.05340000,1665965680846,True,True
39626091,15.79000000,1.67000000,26.36930000,1665965682185,False,True
39626092,15.78000000,2.48000000,39.13440000,1665965694694,True,True
39626093,15.78000000,0.65000000,10.25700000,1665965694694,True,True
39626094,15.78000000,35.80000000,564.92400000,1665965694694,True,True
39626095,15.78000000,30.00000000,473.40000000,1665965694694,True,True
39626096,15.78000000,3.30000000,52.07400000,1665965694694,True,True
39626097,15.78000000,1.46000000,23.03880000,1665965694694,True,True
39626098,15.78000000,7.82000000,123.39960000,1665965694722,False,True
39626099,15.78000000,7.82000000,123.39960000,1665965694785,False,True
39626100,15.78000000,2.06000000,32.50680000,1665965697209,False,True
39626101,15.78000000,10.00000000,157.80000000,1665965697358,False,True
39626102,15.77000000,1.47000000,23.18190000,1665965711190,True,True
39626103,15.77000000,1.83000000,28.85910000,1665965711257,True,True
39626104,15.77000000,1.46000000,23.02420000,1665965711257,True,True
39626105,15.76000000,3.02000000,47.59520000,1665965718321,True,True
39626106,15.76000000,0.69000000,10.87440000,1665965718321,True,True
39626107,15.76000000,1.21000000,19.06960000,1665965718321,True,True
39626108,15.76000000,2.50000000,39.40000000,1665965718321,True,True
39626109,15.76000000,1.69000000,26.63440000,1665965718324,True,True
39626110,15.76000000,2.02000000,31.83520000,1665965718324,True,True
39626111,15.76000000,3.71000000,58.46960000,1665965718324,True,True
39626112,15.76000000,24.27000000,382.49520000,1665965718378,True,True
39626113,15.76000000,6.00000000,94.56000000,1665965718378,True,True
39626114,15.76000000,3.30000000,52.00800000,1665965718378,True,True
39626115,15.76000000,1.46000000,23.00960000,1665965718378,True,True
39626116,15.75000000,19.66000000,309.64500000,1665965725426,True,True
39626117,15.75000000,5.06000000,79.69500000,1665965725437,True,True
39626118,15.75000000,204.82000000,3225.91500000,1665965725440,True,True
39626119,15.75000000,13.49000000,212.46750000,1665965725727,True,True
39626120,15.75000000,391.25000000,6162.18750000,1665965725739,True,True
39626121,15.75000000,0.70000000,11.02500000,1665965725739,True,True
39626122,15.75000000,0.69000000,10.86750000,1665965725739,True,True
39626123,15.75000000,3.30000000,51.97500000,1665965725739,True,True
39626124,15.75000000,1.46000000,22.99500000,1665965725739,True,True
39626125,15.74000000,3.02000000,47.53480000,1665965760725,True,True
39626126,15.74000000,4.19000000,65.95060000,1665965760725,True,True
39626127,15.74000000,30.00000000,472.20000000,1665965760725,True,True
39626128,15.74000000,0.65000000,10.23100000,1665965760725,True,True
39626129,15.74000000,1.00000000,15.74000000,1665965760725,True,True
39626130,15.74000000,3.30000000,51.94200000,1665965760725,True,True
39626131,15.74000000,1.46000000,22.98040000,1665965760725,True,True
39626132,15.74000000,9.73000000,153.15020000,1665965765041,False,True
39626133,15.74000000,5.35000000,84.20900000,1665965765110,True,True
39626134,15.74000000,5.35000000,84.20900000,1665965765110,True,True
39626135,15.74000000,34.73000000,546.65020000,1665965765110,True,True
39626136,15.74000000,1.09000000,17.15660000,1665965765110,True,True
39626137,15.74000000,1.09000000,17.15660000,1665965765110,True,True
39626138,15.74000000,1.09000000,17.15660000,1665965765110,True,True
39626139,15.73000000,1.90000000,29.88700000,1665965775406,True,True
39626140,15.73000000,3.00000000,47.19000000,1665965775406,True,True
39626141,15.73000000,6.00000000,94.38000000,1665965775406,True,True
39626142,15.73000000,3.30000000,51.90900000,1665965775406,True,True
39626143,15.73000000,1.46000000,22.96580000,1665965775406,True,True
39626144,15.73000000,1.09000000,17.14570000,1665965775406,True,True
39626145,15.73000000,1.11000000,17.46030000,1665965775406,True,True
39626146,15.73000000,1.09000000,17.14570000,1665965775406,True,True
39626147,15.73000000,1.11000000,17.46030000,1665965775406,True,True
39626148,15.73000000,28.18000000,443.27140000,1665965775431,False,True
39626149,15.73000000,17.56000000,276.21880000,1665965775490,False,True
39626150,15.73000000,13.98000000,219.90540000,1665965789170,True,True
39626151,15.73000000,4.50000000,70.78500000,1665965789170,True,True
39626152,15.73000000,14.03000000,220.69190000,1665965826314,False,True
39626153,15.73000000,161.92000000,2547.00160000,1665965826314,False,True
39626154,15.73000000,6.20000000,97.52600000,1665965828127,False,True
39626155,15.73000000,1.09000000,17.14570000,1665965833052,True,True
39626156,15.73000000,1.09000000,17.14570000,1665965833052,True,True
39626157,15.73000000,2.06000000,32.40380000,1665965857935,False,True
39626158,15.73000000,13.98000000,219.90540000,1665965901216,False,True
39626159,15.73000000,19.75000000,310.66750000,1665965901216,False,True
39626160,15.73000000,1.09000000,17.14570000,1665965903163,True,True
39626161,15.73000000,1.09000000,17.14570000,1665965903163,True,True
39626162,15.73000000,1.09000000,17.14570000,1665965903163,True,True
39626163,15.73000000,13.98000000,219.90540000,1665965903163,True,True
39626164,15.73000000,5.14000000,80.85220000,1665965903304,False,True
39626165,15.73000000,4.25000000,66.85250000,1665965906133,False,True
39626166,15.73000000,8.46000000,133.07580000,1665965906133,False,True
39626167,15.73000000,13.98000000,219.90540000,1665965917690,False,True
39626168,15.73000000,19.54000000,307.36420000,1665965917690,False,True
39626169,15.73000000,54.70000000,860.43100000,1665965917703,False,True
39626170,15.73000000,13.98000000,219.90540000,1665965917704,False,True
39626171,15.73000000,58.72000000,923.66560000,1665965917708,False,True
39626172,15.73000000,55.99000000,880.72270000,1665965917719,False,True
39626173,15.73000000,93.49000000,1470.59770000,1665965917721,False,True
39626174,15.73000000,1.09000000,17.14570000,1665965957259,True,True
39626175,15.73000000,1.09000000,17.14570000,1665965957259,True,True
39626176,15.73000000,3.00000000,47.19000000,1665965957368,False,True
39626177,15.73000000,13.98000000,219.90540000,1665965957441,True,True
39626178,15.73000000,6.42000000,100.98660000,1665965957441,True,True
39626179,15.73000000,69.89000000,1099.36970000,1665965963684,False,True
39626180,15.73000000,13.98000000,219.90540000,1665965963684,False,True
39626181,15.73000000,6.20000000,97.52600000,1665965963684,False,True
39626182,15.73000000,80.65000000,1268.62450000,1665965963684,False,True
39626183,15.73000000,73.27000000,1152.53710000,1665965963684,False,True
39626184,15.73000000,33.52000000,527.26960000,1665965967319,True,True
39626185,15.73000000,11.15000000,175.38950000,1665965967337,True,True
39626186,15.73000000,1.80000000,28.31400000,1665965967382,True,True
39626187,15.73000000,10.00000000,157.30000000,1665965967546,True,True
39626188,15.73000000,10.00000000,157.30000000,1665965971187,True,True
39626189,15.73000000,4.48000000,70.47040000,1665965976869,True,True
39626190,15.73000000,19.17000000,301.54410000,1665965976873,True,True
39626191,15.73000000,58.72000000,923.66560000,1665965976932,True,True
39626192,15.73000000,10.40000000,163.59200000,1665965976932,True,True
39626193,15.73000000,6.35000000,99.88550000,1665965976932,True,True
39626194,15.72000000,2.91000000,45.74520000,1665965981459,True,True
39626195,15.72000000,3.02000000,47.47440000,1665965981459,True,True
39626196,15.72000000,2.26000000,35.52720000,1665965981459,True,True
39626197,15.72000000,1.94000000,30.49680000,1665965981477,True,True
39626198,15.72000000,0.78000000,12.26160000,1665965981477,True,True
39626199,15.72000000,30.00000000,471.60000000,1665965981477,True,True
39626200,15.72000000,3.00000000,47.16000000,1665965981477,True,True
39626201,15.72000000,0.65000000,10.21800000,1665965981477,True,True
39626202,15.72000000,3.30000000,51.87600000,1665965981477,True,True
39626203,15.72000000,1.46000000,22.95120000,1665965981477,True,True
39626204,15.72000000,0.84000000,13.20480000,1665965981477,True,True
39626205,15.72000000,0.25000000,3.93000000,1665965981481,True,True
39626206,15.71000000,0.91000000,14.29610000,1665966003560,True,True
39626207,15.71000000,6.00000000,94.26000000,1665966003560,True,True
39626208,15.71000000,1.46000000,22.93660000,1665966003560,True,True
39626209,15.71000000,3.30000000,51.84300000,1665966003560,True,True
39626210,15.71000000,15.70000000,246.64700000,1665966003560,True,True
39626211,15.71000000,5.63000000,88.44730000,1665966003560,True,True
39626212,15.72000000,0.81000000,12.73320000,1665966008922,False,True
39626213,15.72000000,7.39000000,116.17080000,1665966009114,False,True
39626214,15.72000000,17.29000000,271.79880000,1665966015160,True,True
39626215,15.72000000,12.71000000,199.80120000,1665966050431,True,True
39626216,15.72000000,1.09000000,17.13480000,1665966079310,True,True
39626217,15.72000000,1.12000000,17.60640000,1665966079310,True,True
39626218,15.72000000,12.86000000,202.15920000,1665966088028,True,True
39626219,15.72000000,0.71000000,11.16120000,1665966088028,True,True
39626220,15.72000000,1.09000000,17.13480000,1665966088028,True,True
39626221,15.71000000,2.39000000,37.54690000,1665966156874,False,True
39626222,15.71000000,2.50000000,39.27500000,1665966170365,False,True
39626223,15.71000000,14.11000000,221.66810000,1665966170365,False,True
39626224,15.71000000,5.70000000,89.54700000,1665966170655,True,True
39626225,15.72000000,13.98000000,219.76560000,1665966186597,False,True
39626226,15.72000000,15.70000000,246.80400000,1665966186597,False,True
39626227,15.72000000,4.37000000,68.69640000,1665966186597,False,True
39626228,15.72000000,6.20000000,97.46400000,1665966186597,False,True
39626229,15.72000000,2.84000000,44.64480000,1665966186597,False,True
39626230,15.71000000,1.09000000,17.12390000,1665966187445,True,True
39626231,15.71000000,6.20000000,97.40200000,1665966263139,False,True
39626232,15.72000000,5.01000000,78.75720000,1665966314697,False,True
39626233,15.72000000,3.57000000,56.12040000,1665966314760,True,True
39626234,15.71000000,2.07000000,32.51970000,1665966314786,True,True
39626235,15.71000000,0.77000000,12.09670000,1665966331131,True,True
39626236,15.71000000,1.09000000,17.12390000,1665966331131,True,True
39626237,15.71000000,1.09000000,17.12390000,1665966331131,True,True
39626238,15.71000000,1.09000000,17.12390000,1665966331131,True,True
39626239,15.71000000,1.09000000,17.12390000,1665966331131,True,True
39626240,15.70000000,1.50000000,23.55000000,1665966343480,True,True
39626241,15.70000000,1.53000000,24.02100000,1665966363857,True,True
39626242,15.70000000,1.91000000,29.98700000,1665966363857,True,True
39626243,15.70000000,4.20000000,65.94000000,1665966363857,True,True
39626244,15.70000000,5.73000000,89.96100000,1665966363857,True,True
39626245,15.70000000,1.63000000,25.59100000,1665966363857,True,True
39626246,15.70000000,3.54000000,55.57800000,1665966363857,True,True
39626247,15.70000000,3.18000000,49.92600000,1665966363857,True,True
39626248,15.70000000,3.86000000,60.60200000,1665966363857,True,True
39626249,15.70000000,26.14000000,410.39800000,1665966363946,True,True
39626250,15.70000000,1.00000000,15.70000000,1665966363946,True,True
39626251,15.70000000,3.50000000,54.95000000,1665966363946,True,True
39626252,15.70000000,0.78000000,12.24600000,1665966363946,True,True
39626253,15.70000000,0.70000000,10.99000000,1665966363946,True,True
39626254,15.70000000,127.73000000,2005.36100000,1665966363946,True,True
39626255,15.70000000,5.96000000,93.57200000,1665966364177,True,True
39626256,15.70000000,113.25000000,1778.02500000,1665966364299,True,True
39626257,15.70000000,3.30000000,51.81000000,1665966364299,True,True
39626258,15.70000000,1.46000000,22.92200000,1665966364299,True,True
39626259,15.69000000,0.69000000,10.82610000,1665966365117,True,True
39626260,15.69000000,1.28000000,20.08320000,1665966365117,True,True
39626261,15.69000000,0.71000000,11.13990000,1665966365117,True,True
39626262,15.69000000,1.01000000,15.84690000,1665966365117,True,True
39626263,15.69000000,3.00000000,47.07000000,1665966365117,True,True
39626264,15.69000000,0.82000000,12.86580000,1665966365117,True,True
39626265,15.69000000,0.78000000,12.23820000,1665966365117,True,True
39626266,15.69000000,8.32000000,130.54080000,1665966365117,True,True
39626267,15.69000000,4.35000000,68.25150000,1665966365139,True,True
39626268,15.69000000,6.00000000,94.14000000,1665966365139,True,True
39626269,15.69000000,9.09000000,142.62210000,1665966365139,True,True
39626270,15.69000000,2.64000000,41.42160000,1665966365139,True,True
39626271,15.69000000,2.39000000,37.49910000,1665966402330,False,True
39626272,15.69000000,6.41000000,100.57290000,1665966422701,False,True
39626273,15.69000000,6.20000000,97.27800000,1665966422701,False,True
39626274,15.69000000,22.73000000,356.63370000,1665966422701,False,True
39626275,15.69000000,34.11000000,535.18590000,1665966422702,False,True
39626276,15.69000000,55.68000000,873.61920000,1665966480579,True,True
39626277,15.69000000,24.84000000,389.73960000,1665966492465,True,True
39626278,15.70000000,7.34000000,115.23800000,1665966585202,False,True
39626279,15.70000000,6.20000000,97.34000000,1665966585202,False,True
39626280,15.70000000,38.54000000,605.07800000,1665966606225,True,True
39626281,15.70000000,6.34000000,99.53800000,1665966647084,True,True
39626282,15.71000000,2.39000000,37.54690000,1665966678205,False,True
39626283,15.71000000,10.10000000,158.67100000,1665966725344,False,True
39626284,15.71000000,0.65000000,10.21150000,1665966725344,False,True
39626285,15.71000000,6.20000000,97.40200000,1665966725344,False,True
39626286,15.71000000,1.46000000,22.93660000,1665966725344,False,True
39626287,15.71000000,12.30000000,193.23300000,1665966725344,False,True
39626288,15.71000000,2.72000000,42.73120000,1665966725344,False,True
39626289,15.71000000,5.89000000,92.53190000,1665966725344,False,True
39626290,15.71000000,3.09000000,48.54390000,1665966725357,False,True
39626291,15.71000000,12.30000000,193.23300000,1665966725357,False,True
39626292,15.70000000,0.81000000,12.71700000,1665966751214,True,True
39626293,15.70000000,0.81000000,12.71700000,1665966751214,True,True
39626294,15.70000000,0.81000000,12.71700000,1665966751214,True,True
39626295,15.70000000,13.98000000,219.48600000,1665966751214,True,True
39626296,15.70000000,2.39000000,37.52300000,1665966758718,False,True
39626297,15.70000000,3.72000000,58.40400000,1665966765977,False,True
39626298,15.70000000,6.20000000,97.34000000,1665966765977,False,True
39626299,15.70000000,5.81000000,91.21700000,1665966788966,True,True
39626300,15.70000000,9.89000000,155.27300000,1665966793232,True,True
39626301,15.70000000,33.26000000,522.18200000,1665966793232,True,True
39626302,15.70000000,5.00000000,78.50000000,1665966844109,False,True
39626303,15.70000000,4.02000000,63.11400000,1665966849349,False,True
39626304,15.69000000,17.02000000,267.04380000,1665966854278,True,True
39626305,15.69000000,37.59000000,589.78710000,1665966854396,True,True
39626306,15.69000000,0.81000000,12.70890000,1665966854396,True,True
39626307,15.69000000,0.81000000,12.70890000,1665966854396,True,True
39626308,15.69000000,0.79000000,12.39510000,1665966854396,True,True
39626309,15.69000000,0.67000000,10.51230000,1665966854398,True,True
39626310,15.68000000,3.03000000,47.51040000,1665966869641,True,True
39626311,15.68000000,4.21000000,66.01280000,1665966869641,True,True
39626312,15.68000000,1.29000000,20.22720000,1665966869641,True,True
39626313,15.68000000,1.37000000,21.48160000,1665966869641,True,True
39626314,15.68000000,0.72000000,11.28960000,1665966869641,True,True
39626315,15.68000000,4.65000000,72.91200000,1665966869641,True,True
39626316,15.68000000,9.92000000,155.54560000,1665966869769,True,True
39626317,15.68000000,15.39000000,241.31520000,1665966869769,True,True
39626318,15.68000000,0.04000000,0.62720000,1665966869802,True,True
39626319,15.68000000,3.30000000,51.74400000,1665966869802,True,True
39626320,15.68000000,0.81000000,12.70080000,1665966869802,True,True
39626321,15.68000000,0.65000000,10.19200000,1665966869802,True,True
39626322,15.68000000,1.46000000,22.89280000,1665966869802,True,True
39626323,15.68000000,5.35000000,83.88800000,1665966870136,False,True
39626324,15.68000000,1.92000000,30.10560000,1665966870136,False,True
39626325,15.67000000,0.82000000,12.84940000,1665966871354,True,True
39626326,15.67000000,0.67000000,10.49890000,1665966871450,True,True
39626327,15.67000000,0.42000000,6.58140000,1665966872451,True,True
39626328,15.67000000,2.93000000,45.91310000,1665966872451,True,True
39626329,15.67000000,19.37000000,303.52790000,1665966872680,True,True
39626330,15.67000000,26.87000000,421.05290000,1665966873185,True,True
39626331,15.67000000,16.83000000,263.72610000,1665966873197,True,True
39626332,15.67000000,0.70000000,10.96900000,1665966873197,True,True
39626333,15.67000000,3.61000000,56.56870000,1665966873197,True,True
39626334,15.67000000,1.94000000,30.39980000,1665966873197,True,True
39626335,15.67000000,0.78000000,12.22260000,1665966873197,True,True
39626336,15.67000000,0.81000000,12.69270000,1665966873197,True,True
39626337,15.67000000,6.55000000,102.63850000,1665966873197,True,True
39626338,15.67000000,3.30000000,51.71100000,1665966873197,True,True
39626339,15.67000000,6.55000000,102.63850000,1665966873200,True,True
39626340,15.67000000,6.55000000,102.63850000,1665966873200,True,True
39626341,15.67000000,6.55000000,102.63850000,1665966873200,True,True
39626342,15.67000000,6.55000000,102.63850000,1665966873200,True,True
39626343,15.67000000,6.55000000,102.63850000,1665966873200,True,True
39626344,15.67000000,1.77000000,27.73590000,1665966873200,True,True
39626345,15.67000000,4.78000000,74.90260000,1665966873234,True,True
39626346,15.67000000,1.46000000,22.87820000,1665966873234,True,True
39626347,15.67000000,6.24000000,97.78080000,1665966873240,True,True
39626348,15.67000000,0.31000000,4.85770000,1665966873248,True,True
39626349,15.67000000,6.07000000,95.11690000,1665966873248,True,True
39626350,15.67000000,0.48000000,7.52160000,1665966874152,True,True
39626351,15.67000000,5.90000000,92.45300000,1665966874152,True,True
39626352,15.67000000,0.55000000,8.61850000,1665966875136,True,True
39626353,15.66000000,4.21000000,65.92860000,1665966883966,True,True
39626354,15.66000000,1.94000000,30.38040000,1665966883966,True,True
39626355,15.66000000,0.76000000,11.90160000,1665966883966,True,True
39626356,15.66000000,30.00000000,469.80000000,1665966883966,True,True
39626357,15.66000000,6.29000000,98.50140000,1665966883966,True,True
39626358,15.66000000,16.00000000,250.56000000,1665966883966,True,True
39626359,15.66000000,129.38000000,2026.09080000,1665966883968,True,True
39626360,15.66000000,3.02000000,47.29320000,1665966885011,True,True
39626361,15.66000000,3.02000000,47.29320000,1665966885108,True,True
39626362,15.66000000,2.97000000,46.51020000,1665966885199,True,True
39626363,15.66000000,2.92000000,45.72720000,1665966885422,True,True
39626364,15.66000000,2.82000000,44.16120000,1665966885526,True,True
39626365,15.66000000,10.00000000,156.60000000,1665966885603,True,True
39626366,15.66000000,11.64000000,182.28240000,1665966886385,True,True
39626367,15.66000000,1.20000000,18.79200000,1665966886452,True,True
39626368,15.66000000,9.51000000,148.92660000,1665966887113,True,True
39626369,15.66000000,24.49000000,383.51340000,1665966893227,True,True
39626370,15.66000000,241.66000000,3784.39560000,1665966893227,True,True
39626371,15.66000000,3.30000000,51.67800000,1665966893227,True,True
39626372,15.66000000,1.46000000,22.86360000,1665966893227,True,True
39626373,15.66000000,5.86000000,91.76760000,1665966893227,True,True
39626374,15.66000000,5.86000000,91.76760000,1665966893227,True,True
39626375,15.66000000,5.86000000,91.76760000,1665966893227,True,True
39626376,15.66000000,5.86000000,91.76760000,1665966893227,True,True
39626377,15.66000000,5.86000000,91.76760000,1665966893227,True,True
39626378,15.66000000,5.86000000,91.76760000,1665966893227,True,True
39626379,15.66000000,5.86000000,91.76760000,1665966893227,True,True
39626380,15.66000000,5.86000000,91.76760000,1665966893227,True,True
39626381,15.66000000,4.70000000,73.60200000,1665966893227,True,True
39626382,15.66000000,1.16000000,18.16560000,1665966893230,True,True
39626383,15.66000000,5.78000000,90.51480000,1665966893230,True,True
39626384,15.65000000,0.71000000,11.11150000,1665966893244,True,True
39626385,15.65000000,0.29000000,4.53850000,1665966893244,True,True
39626386,15.66000000,6.69000000,104.76540000,1665966900855,False,True
39626387,15.66000000,12.77000000,199.97820000,1665966900855,False,True
39626388,15.66000000,6.20000000,97.09200000,1665966900855,False,True
39626389,15.66000000,6.36000000,99.59760000,1665966900855,False,True
39626390,15.66000000,0.65000000,10.17900000,1665966906694,False,True
39626391,15.65000000,0.67000000,10.48550000,1665966917525,True,True
39626392,15.65000000,0.70000000,10.95500000,1665966917525,True,True
39626393,15.65000000,0.81000000,12.67650000,1665966917525,True,True
39626394,15.65000000,0.62000000,9.70300000,1665966917525,True,True
39626395,15.65000000,2.75000000,43.03750000,1665966917687,True,True
39626396,15.65000000,2.63000000,41.15950000,1665966918133,True,True
39626397,15.65000000,0.08000000,1.25200000,1665966918133,True,True
39626398,15.65000000,3.22000000,50.39300000,1665966918152,True,True
39626399,15.65000000,1.46000000,22.84900000,1665966918152,True,True
39626400,15.65000000,0.95000000,14.86750000,1665966918152,True,True
39626401,15.65000000,2.82000000,44.13300000,1665966920279,False,True
39626402,15.65000000,4.28000000,66.98200000,1665966929849,False,True
39626403,15.66000000,2.42000000,37.89720000,1665966942246,False,True
39626404,15.66000000,7.03000000,110.08980000,1665966942246,False,True
39626405,15.67000000,11.13000000,174.40710000,1665966942620,False,True
39626406,15.67000000,22.25000000,348.65750000,1665966942620,False,True
39626407,15.67000000,12.72000000,199.32240000,1665966942654,False,True
39626408,15.67000000,1.46000000,22.87820000,1665966942654,False,True
39626409,15.67000000,20.00000000,313.40000000,1665966942654,False,True
39626410,15.67000000,23.49000000,368.08830000,1665966942654,False,True
39626411,15.67000000,58.14000000,911.05380000,1665966942655,False,True
39626412,15.67000000,2.81000000,44.03270000,1665966942793,False,True
39626413,15.67000000,1.05000000,16.45350000,1665966944301,False,True
39626414,15.67000000,2.34000000,36.66780000,1665966944314,False,True
39626415,15.68000000,3.19000000,50.01920000,1665966950713,False,True
39626416,15.68000000,1.46000000,22.89280000,1665966950713,False,True
39626417,15.68000000,3.19000000,50.01920000,1665966950713,False,True
39626418,15.68000000,6.96000000,109.13280000,1665966950713,False,True
39626419,15.68000000,7.82000000,122.61760000,1665966950735,True,True
39626420,15.68000000,6.96000000,109.13280000,1665966962540,True,True
39626421,15.68000000,15.71000000,246.33280000,1665966962540,True,True
39626422,15.68000000,7.03000000,110.23040000,1665966962540,True,True
39626423,15.68000000,13.98000000,219.20640000,1665966974711,False,True
39626424,15.69000000,0.65000000,10.19850000,1665966992135,False,True
39626425,15.69000000,0.70000000,10.98300000,1665966992135,False,True
39626426,15.69000000,1.46000000,22.90740000,1665966992135,False,True
39626427,15.69000000,1.90000000,29.81100000,1665966992135,False,True
39626428,15.69000000,15.70000000,246.33300000,1665966992135,False,True
39626429,15.69000000,5.47000000,85.82430000,1665966992135,False,True
39626430,15.69000000,5.47000000,85.82430000,1665967003400,False,True
39626431,15.69000000,0.73000000,11.45370000,1665967004106,False,True
39626432,15.69000000,1.82000000,28.55580000,1665967004106,False,True
39626433,15.69000000,10.50000000,164.74500000,1665967008990,True,True
39626434,15.69000000,2.39000000,37.49910000,1665967009940,True,True
39626435,15.69000000,15.70000000,246.33300000,1665967018055,True,True
39626436,15.69000000,7.01000000,109.98690000,1665967018055,True,True
39626437,15.69000000,2.39000000,37.49910000,1665967027421,True,True
39626438,15.69000000,28.65000000,449.51850000,1665967027709,True,True
39626439,15.69000000,44.39000000,696.47910000,1665967027720,True,True
39626440,15.69000000,14.30000000,224.36700000,1665967027720,True,True
39626441,15.69000000,39.25000000,615.83250000,1665967027724,True,True
39626442,15.68000000,2.39000000,37.47520000,1665967027726,True,True
39626443,15.68000000,18.89000000,296.19520000,1665967085632,True,True
39626444,15.68000000,6.42000000,100.66560000,1665967086448,False,True
39626445,15.68000000,6.42000000,100.66560000,1665967086448,False,True
39626446,15.68000000,1.89000000,29.63520000,1665967086448,False,True
39626447,15.68000000,7.01000000,109.91680000,1665967086448,False,True
39626448,15.68000000,3.02000000,47.35360000,1665967116217,True,True
39626449,15.68000000,2.49000000,39.04320000,1665967116218,True,True
39626450,15.68000000,2.49000000,39.04320000,1665967116220,True,True
39626451,15.68000000,3.02000000,47.35360000,1665967116220,True,True
39626452,15.68000000,2.49000000,39.04320000,1665967116220,True,True
39626453,15.68000000,2.49000000,39.04320000,1665967116221,True,True
39626454,15.68000000,3.02000000,47.35360000,1665967116223,True,True
39626455,15.68000000,3.02000000,47.35360000,1665967116223,True,True
39626456,15.68000000,2.49000000,39.04320000,1665967116223,True,True
39626457,15.68000000,6.62000000,103.80160000,1665967116234,True,True
39626458,15.68000000,1.69000000,26.49920000,1665967119187,True,True
39626459,15.68000000,1.10000000,17.24800000,1665967124026,False,True
39626460,15.68000000,1.27000000,19.91360000,1665967176596,False,True
39626461,15.68000000,0.42000000,6.58560000,1665967193433,False,True
39626462,15.68000000,21.00000000,329.28000000,1665967193433,False,True
39626463,15.69000000,1.60000000,25.10400000,1665967207584,False,True
39626464,15.69000000,2.39000000,37.49910000,1665967207702,True,True
39626465,15.69000000,2.39000000,37.49910000,1665967208816,True,True
39626466,15.69000000,12.70000000,199.26300000,1665967216947,True,True
39626467,15.70000000,0.76000000,11.93200000,1665967245776,False,True
39626468,15.70000000,13.22000000,207.55400000,1665967270462,False,True
39626469,15.70000000,0.24000000,3.76800000,1665967270462,False,True
39626470,15.70000000,0.46000000,7.22200000,1665967277044,False,True
39626471,15.70000000,3.18000000,49.92600000,1665967277044,False,True
39626472,15.70000000,0.65000000,10.20500000,1665967277044,False,True
39626473,15.70000000,0.74000000,11.61800000,1665967277044,False,True
39626474,15.70000000,29.26000000,459.38200000,1665967338342,False,True
39626475,15.70000000,20.79000000,326.40300000,1665967338342,False,True
39626476,15.69000000,15.70000000,246.33300000,1665967366983,False,True
39626477,15.69000000,12.30000000,192.98700000,1665967366983,False,True
39626478,15.69000000,1.85000000,29.02650000,1665967366983,False,True
39626479,15.69000000,4.35000000,68.25150000,1665967386009,False,True
39626480,15.70000000,12.05000000,189.18500000,1665967452111,False,True
39626481,15.70000000,3.30000000,51.81000000,1665967452111,False,True
39626482,15.70000000,6.00000000,94.20000000,1665967452111,False,True
39626483,15.70000000,1.69000000,26.53300000,1665967452111,False,True
39626484,15.70000000,1.46000000,22.92200000,1665967452111,False,True
39626485,15.71000000,1.00000000,15.71000000,1665967452319,False,True
39626486,15.71000000,2.06000000,32.36260000,1665967454446,False,True
39626487,15.70000000,12.88000000,202.21600000,1665967456273,True,True
39626488,15.71000000,2.15000000,33.77650000,1665967459415,False,True
39626489,15.71000000,10.93000000,171.71030000,1665967459415,False,True
39626490,15.71000000,1.00000000,15.71000000,1665967462834,False,True
39626491,15.71000000,1.00000000,15.71000000,1665967462984,False,True
39626492,15.70000000,16.00000000,251.20000000,1665967501309,True,True
39626493,15.71000000,1.00000000,15.71000000,1665967510172,False,True
39626494,15.71000000,11.78000000,185.06380000,1665967510193,False,True
39626495,15.71000000,13.11000000,205.95810000,1665967510202,False,True
39626496,15.71000000,57.21000000,898.76910000,1665967510204,False,True
39626497,15.71000000,54.34000000,853.68140000,1665967510208,False,True
39626498,15.71000000,2.01000000,31.57710000,1665967510215,False,True
39626499,15.71000000,6.46000000,101.48660000,1665967510216,False,True
39626500,15.71000000,13.37000000,210.04270000,1665967510225,False,True
39626501,15.71000000,5.22000000,82.00620000,1665967510236,False,True
39626502,15.71000000,4.83000000,75.87930000,1665967510238,False,True
39626503,15.71000000,204.27000000,3209.08170000,1665967510358,False,True
39626504,15.71000000,5.59000000,87.81890000,1665967510369,False,True
39626505,15.71000000,97.17000000,1526.54070000,1665967510377,False,True
39626506,15.71000000,5.63000000,88.44730000,1665967510378,False,True
39626507,15.71000000,4.83000000,75.87930000,1665967510379,False,True
39626508,15.71000000,84.00000000,1319.64000000,1665967510381,False,True
39626509,15.71000000,50.53000000,793.82630000,1665967510381,False,True
39626510,15.71000000,3.18000000,49.95780000,1665967510381,False,True
39626511,15.71000000,0.65000000,10.21150000,1665967510381,False,True
39626512,15.71000000,3.30000000,51.84300000,1665967510381,False,True
39626513,15.71000000,1.46000000,22.93660000,1665967510381,False,True
39626514,15.72000000,1.00000000,15.72000000,1665967512248,False,True
39626515,15.72000000,1.51000000,23.73720000,1665967512316,False,True
39626516,15.72000000,27.49000000,432.14280000,1665967512529,False,True
39626517,15.72000000,3.03000000,47.63160000,1665967512529,False,True
39626518,15.72000000,1.91000000,30.02520000,1665967512529,False,True
39626519,15.72000000,1.09000000,17.13480000,1665967513785,True,True
39626520,15.73000000,1.09000000,17.14570000,1665967514296,False,True
39626521,15.72000000,1.11000000,17.44920000,1665967532755,True,True
39626522,15.72000000,2.25000000,35.37000000,1665967603473,True,True
39626523,15.72000000,2.25000000,35.37000000,1665967603478,True,True
39626524,15.72000000,2.14000000,33.64080000,1665967603478,True,True
39626525,15.72000000,2.14000000,33.64080000,1665967603480,True,True
39626526,15.72000000,2.14000000,33.64080000,1665967603481,True,True
39626527,15.72000000,2.14000000,33.64080000,1665967603481,True,True
39626528,15.72000000,2.25000000,35.37000000,1665967603481,True,True
39626529,15.72000000,2.25000000,35.37000000,1665967603482,True,True
39626530,15.72000000,2.25000000,35.37000000,1665967603482,True,True
39626531,15.72000000,2.14000000,33.64080000,1665967603482,True,True
39626532,15.72000000,2.14000000,33.64080000,1665967603483,True,True
39626533,15.72000000,2.25000000,35.37000000,1665967603485,True,True
39626534,15.72000000,1.14000000,17.92080000,1665967603495,True,True
39626535,15.72000000,1.14000000,17.92080000,1665967603501,True,True
39626536,15.72000000,1.14000000,17.92080000,1665967603501,True,True
39626537,15.72000000,1.14000000,17.92080000,1665967603503,True,True
39626538,15.72000000,1.14000000,17.92080000,1665967603504,True,True
39626539,15.72000000,1.14000000,17.92080000,1665967603507,True,True
39626540,15.72000000,1.47000000,23.10840000,1665967603518,True,True
39626541,15.72000000,37.00000000,581.64000000,1665967603637,True,True
39626542,15.72000000,7.82000000,122.93040000,1665967603637,True,True
39626543,15.72000000,1.92000000,30.18240000,1665967603746,True,True
39626544,15.72000000,8.27000000,130.00440000,1665967603935,True,True
39626545,15.72000000,27.30000000,429.15600000,1665967604109,True,True
39626546,15.72000000,13.07000000,205.46040000,1665967604109,True,True
39626547,15.72000000,4.96000000,77.97120000,1665967604109,True,True
39626548,15.72000000,10.24000000,160.97280000,1665967604133,True,True
39626549,15.72000000,3.53000000,55.49160000,1665967604211,True,True
39626550,15.72000000,23.65000000,371.77800000,1665967604233,True,True
39626551,15.71000000,3.53000000,55.45630000,1665967604233,True,True
39626552,15.71000000,3.41000000,53.57110000,1665967604264,True,True
39626553,15.72000000,7.62000000,119.78640000,1665967773824,False,True
39626554,15.72000000,0.70000000,11.00400000,1665967773824,False,True
39626555,15.72000000,6.20000000,97.46400000,1665967773824,False,True
39626556,15.72000000,12.30000000,193.35600000,1665967773824,False,True
39626557,15.72000000,7.64000000,120.10080000,1665967773824,False,True
39626558,15.72000000,4.06000000,63.82320000,1665967773826,False,True
39626559,15.72000000,12.30000000,193.35600000,1665967773826,False,True
39626560,15.72000000,17.38000000,273.21360000,1665967773826,False,True
39626561,15.72000000,12.62000000,198.38640000,1665967773882,False,True
39626562,15.72000000,0.84000000,13.20480000,1665967773882,False,True
39626563,15.72000000,71.41000000,1122.56520000,1665967781976,True,True
39626564,15.72000000,1.09000000,17.13480000,1665967781976,True,True
39626565,15.72000000,52.12000000,819.32640000,1665967781976,True,True
39626566,15.72000000,31.94000000,502.09680000,1665967781976,True,True
39626567,15.72000000,49.06000000,771.22320000,1665967781976,True,True
39626568,15.72000000,79.74000000,1253.51280000,1665967781976,True,True
39626569,15.72000000,15.70000000,246.80400000,1665967781976,True,True
39626570,15.71000000,7.04000000,110.59840000,1665967794761,True,True
39626571,15.71000000,12.30000000,193.23300000,1665967794761,True,True
39626572,15.71000000,19.33000000,303.67430000,1665967796756,True,True
39626573,15.71000000,19.33000000,303.67430000,1665967797752,True,True
39626574,15.71000000,13.98000000,219.62580000,1665967891998,True,True
39626575,15.71000000,7.00000000,109.97000000,1665967891998,True,True
39626576,15.71000000,1.09000000,17.12390000,1665967891998,True,True
39626577,15.71000000,1.09000000,17.12390000,1665967891998,True,True
39626578,15.71000000,3.78000000,59.38380000,1665967891998,True,True
39626579,15.72000000,4.45000000,69.95400000,1665967941103,False,True
39626580,15.71000000,1.09000000,17.12390000,1665967953334,True,True
39626581,15.71000000,1.09000000,17.12390000,1665967953334,True,True
39626582,15.72000000,1.75000000,27.51000000,1665967974390,False,True
39626583,15.72000000,10.92000000,171.66240000,1665967974390,False,True
39626584,15.71000000,0.78000000,12.25380000,1665968004073,True,True
39626585,15.72000000,4.78000000,75.14160000,1665968103886,False,True
39626586,15.72000000,20.98000000,329.80560000,1665968103886,False,True
39626587,15.72000000,0.89000000,13.99080000,1665968103886,False,True
39626588,15.72000000,2.18000000,34.26960000,1665968103902,False,True
39626589,15.71000000,10.92000000,171.55320000,1665968163130,True,True
39626590,15.71000000,1.09000000,17.12390000,1665968163130,True,True
39626591,15.71000000,13.98000000,219.62580000,1665968163130,True,True
39626592,15.71000000,8.18000000,128.50780000,1665968163130,True,True
39626593,15.71000000,0.02000000,0.31420000,1665968163139,True,True
39626594,15.71000000,4.78000000,75.09380000,1665968163139,True,True
39626595,15.71000000,51.47000000,808.59370000,1665968163139,True,True
39626596,15.71000000,46.41000000,729.10110000,1665968163144,True,True
39626597,15.70000000,3.30000000,51.81000000,1665968195896,True,True
39626598,15.70000000,1.52000000,23.86400000,1665968195896,True,True
39626599,15.71000000,30.57000000,480.25470000,1665968206428,False,True
39626600,15.70000000,28.48000000,447.13600000,1665968263580,True,True
39626601,15.70000000,3.30000000,51.81000000,1665968263580,True,True
39626602,15.70000000,1.46000000,22.92200000,1665968263580,True,True
39626603,15.70000000,5.35000000,83.99500000,1665968263643,True,True
39626604,15.70000000,5.35000000,83.99500000,1665968264112,True,True
39626605,15.70000000,1.48000000,23.23600000,1665968307480,False,True
39626606,15.70000000,6.20000000,97.34000000,1665968328988,False,True
39626607,15.70000000,12.30000000,193.11000000,1665968328988,False,True
39626608,15.70000000,11.70000000,183.69000000,1665968328988,False,True
39626609,15.70000000,12.30000000,193.11000000,1665968328988,False,True
39626610,15.70000000,5.93000000,93.10100000,1665968361634,True,True
39626611,15.71000000,13.98000000,219.62580000,1665968400378,False,True
39626612,15.71000000,5.29000000,83.10590000,1665968404197,True,True
39626613,15.71000000,6.97000000,109.49870000,1665968404197,True,True
39626614,15.71000000,7.01000000,110.12710000,1665968404197,True,True
39626615,15.70000000,51.42000000,807.29400000,1665968405823,True,True
39626616,15.71000000,55.64000000,874.10440000,1665968420906,True,True
39626617,15.70000000,3.08000000,48.35600000,1665968430435,True,True
39626618,15.70000000,1.28000000,20.09600000,1665968430446,True,True
39626619,15.70000000,15.70000000,246.49000000,1665968442208,False,True
39626620,15.70000000,4.56000000,71.59200000,1665968442208,False,True
39626621,15.70000000,9.42000000,147.89400000,1665968442221,False,True
39626622,15.70000000,1.09000000,17.11300000,1665968481061,True,True
39626623,15.70000000,1.93000000,30.30100000,1665968481061,True,True
39626624,15.70000000,2.33000000,36.58100000,1665968481295,True,True
39626625,15.69000000,2.71000000,42.51990000,1665968481963,True,True
39626626,15.69000000,1.14000000,17.88660000,1665968482103,True,True
39626627,15.69000000,3.16000000,49.58040000,1665968483593,True,True
39626628,15.69000000,0.40000000,6.27600000,1665968483593,True,True
39626629,15.70000000,2.72000000,42.70400000,1665968485871,True,True
39626630,15.70000000,2.39000000,37.52300000,1665968490639,True,True
39626631,15.69000000,2.39000000,37.49910000,1665968500301,True,True
39626632,15.70000000,6.20000000,97.34000000,1665968501838,False,True
39626633,15.70000000,6.31000000,99.06700000,1665968502647,True,True
39626634,15.69000000,30.43000000,477.44670000,1665968515242,True,True
39626635,15.69000000,1.46000000,22.90740000,1665968515242,True,True
39626636,15.69000000,10.10000000,158.46900000,1665968540399,False,True
39626637,15.69000000,3.57000000,56.01330000,1665968540415,False,True
39626638,15.69000000,1.47000000,23.06430000,1665968574647,True,True
39626639,15.69000000,0.72000000,11.29680000,1665968629908,True,True
39626640,15.71000000,34.12000000,536.02520000,1665968678729,False,True
39626641,15.71000000,26.08000000,409.71680000,1665968716961,False,True
39626642,15.71000000,32.82000000,515.60220000,1665968717147,False,True
39626643,15.71000000,5.72000000,89.86120000,1665968717241,True,True
39626644,15.71000000,4.74000000,74.46540000,1665968717368,True,True
39626645,15.72000000,30.00000000,471.60000000,1665968751984,False,True
39626646,15.72000000,1.53000000,24.05160000,1665968751984,False,True
39626647,15.72000000,28.47000000,447.54840000,1665968752056,False,True
39626648,15.72000000,3.30000000,51.87600000,1665968752056,False,True
39626649,15.72000000,1.46000000,22.95120000,1665968752056,False,True
39626650,15.72000000,6.29000000,98.87880000,1665968756047,True,True
39626651,15.71000000,1.60000000,25.13600000,1665968756092,True,True
39626652,15.72000000,12.72000000,199.95840000,1665968756215,True,True
39626653,15.72000000,12.72000000,199.95840000,1665968766617,False,True
39626654,15.72000000,0.64000000,10.06080000,1665968918598,True,True
39626655,15.73000000,3.12000000,49.07760000,1665968924205,False,True
39626656,15.73000000,2.04000000,32.08920000,1665968924205,False,True
39626657,15.73000000,1.14000000,17.93220000,1665968924206,False,True
39626658,15.73000000,3.30000000,51.90900000,1665968924206,False,True
39626659,15.73000000,0.83000000,13.05590000,1665968924206,False,True
39626660,15.73000000,4.83000000,75.97590000,1665968924258,True,True
39626661,15.73000000,3.24000000,50.96520000,1665968926311,True,True
39626662,15.73000000,5.35000000,84.15550000,1665968927161,True,True
39626663,15.73000000,1.21000000,19.03330000,1665968985950,False,True
39626664,15.72000000,3.15000000,49.51800000,1665968993406,True,True
39626665,15.72000000,1.52000000,23.89440000,1665968993406,True,True
39626666,15.72000000,1.78000000,27.98160000,1665968993442,True,True
39626667,15.72000000,0.87000000,13.67640000,1665968993442,True,True
39626668,15.72000000,1.46000000,22.95120000,1665968993442,True,True
39626669,15.72000000,4.02000000,63.19440000,1665968993442,True,True
39626670,15.72000000,48.56000000,763.36320000,1665968993563,False,True
39626671,15.72000000,14.71000000,231.24120000,1665968993563,False,True
39626672,15.72000000,1.47000000,23.10840000,1665969072759,True,True
39626673,15.72000000,46.62000000,732.86640000,1665969076080,True,True
39626674,15.72000000,77.08000000,1211.69760000,1665969076080,True,True
39626675,15.72000000,1.09000000,17.13480000,1665969219201,True,True
39626676,15.72000000,2.53000000,39.77160000,1665969219201,True,True
39626677,15.72000000,25.00000000,393.00000000,1665969232012,True,True
39626678,15.72000000,6.48000000,101.86560000,1665969270174,False,True
39626679,15.72000000,5.43000000,85.35960000,1665969294784,True,True
39626680,15.72000000,23.23000000,365.17560000,1665969294834,True,True
39626681,15.72000000,10.75000000,168.99000000,1665969294835,True,True
39626682,15.71000000,2.91000000,45.71610000,1665969294847,True,True
39626683,15.72000000,5.17000000,81.27240000,1665969298439,False,True
39626684,15.72000000,15.60000000,245.23200000,1665969315894,False,True
39626685,15.72000000,44.69000000,702.52680000,1665969315894,False,True
39626686,15.72000000,28.18000000,442.98960000,1665969315894,False,True
39626687,15.72000000,3.44000000,54.07680000,1665969327144,False,True
39626688,15.72000000,39.15000000,615.43800000,1665969327260,False,True
39626689,15.72000000,3.44000000,54.07680000,1665969327312,False,True
39626690,15.71000000,23.16000000,363.84360000,1665969403047,True,True
39626691,15.71000000,6.29000000,98.81590000,1665969403047,True,True
39626692,15.71000000,39.04000000,613.31840000,1665969403047,True,True
39626693,15.71000000,1.09000000,17.12390000,1665969403047,True,True
39626694,15.71000000,1.09000000,17.12390000,1665969403047,True,True
39626695,15.71000000,1.09000000,17.12390000,1665969403047,True,True
39626696,15.71000000,3.30000000,51.84300000,1665969403047,True,True
39626697,15.71000000,37.83000000,594.30930000,1665969403047,True,True
39626698,15.71000000,23.16000000,363.84360000,1665969417816,True,True
39626699,15.71000000,11.28000000,177.20880000,1665969417872,True,True
39626700,15.71000000,1.09000000,17.12390000,1665969417872,True,True
39626701,15.71000000,5.15000000,80.90650000,1665969417872,True,True
39626702,15.71000000,4.51000000,70.85210000,1665969417872,True,True
39626703,15.71000000,33.88000000,532.25480000,1665969417884,True,True
39626704,15.71000000,25.24000000,396.52040000,1665969420836,True,True
39626705,15.71000000,12.30000000,193.23300000,1665969420836,True,True
39626706,15.71000000,1.93000000,30.32030000,1665969420836,True,True
39626707,15.71000000,1.17000000,18.38070000,1665969420836,True,True
39626708,15.71000000,3.10000000,48.70100000,1665969420897,True,True
39626709,15.71000000,13.99000000,219.78290000,1665969434086,False,True
39626710,15.71000000,41.08000000,645.36680000,1665969434086,False,True
39626711,15.71000000,2.50000000,39.27500000,1665969441758,False,True
39626712,15.70000000,1.00000000,15.70000000,1665969442386,True,True
39626713,15.70000000,0.87000000,13.65900000,1665969442386,True,True
39626714,15.70000000,6.00000000,94.20000000,1665969442386,True,True
39626715,15.70000000,1.46000000,22.92200000,1665969442386,True,True
39626716,15.70000000,3.30000000,51.81000000,1665969442386,True,True
39626717,15.70000000,30.00000000,471.00000000,1665969442386,True,True
39626718,15.70000000,7.42000000,116.49400000,1665969442411,False,True
39626719,15.70000000,2.39000000,37.52300000,1665969442551,False,True
39626720,15.71000000,1.10000000,17.28100000,1665969494466,False,True
39626721,15.71000000,6.04000000,94.88840000,1665969497376,False,True
39626722,15.70000000,4.57000000,71.74900000,1665969510349,True,True
39626723,15.70000000,0.63000000,9.89100000,1665969511722,False,True
39626724,15.69000000,96.27000000,1510.47630000,1665969529434,True,True
39626725,15.69000000,12.72000000,199.57680000,1665969529434,True,True
39626726,15.69000000,11.13000000,174.62970000,1665969529434,True,True
39626727,15.69000000,0.87000000,13.65030000,1665969529434,True,True
39626728,15.69000000,0.65000000,10.19850000,1665969529434,True,True
39626729,15.69000000,50.36000000,790.14840000,1665969529434,True,True
39626730,15.70000000,14.26000000,223.88200000,1665969545806,False,True
39626731,15.70000000,9.17000000,143.96900000,1665969561912,True,True
39626732,15.70000000,1.91000000,29.98700000,1665969575750,False,True
39626733,15.70000000,49.10000000,770.87000000,1665969586575,False,True
39626734,15.70000000,4.63000000,72.69100000,1665969586575,False,True
39626735,15.70000000,3.16000000,49.61200000,1665969640919,True,True
39626736,15.71000000,107.26000000,1685.05460000,1665969663252,False,True
39626737,15.71000000,15.90000000,249.78900000,1665969663252,False,True
39626738,15.71000000,3.30000000,51.84300000,1665969664255,False,True
39626739,15.71000000,1.45000000,22.77950000,1665969664255,False,True
39626740,15.71000000,11.70000000,183.80700000,1665969691108,True,True
39626741,15.71000000,12.30000000,193.23300000,1665969691108,True,True
39626742,15.71000000,12.30000000,193.23300000,1665969691108,True,True
39626743,15.71000000,3.61000000,56.71310000,1665969702248,False,True
39626744,15.71000000,16.35000000,256.85850000,1665969703682,False,True
39626745,15.71000000,0.98000000,15.39580000,1665969703736,False,True
39626746,15.70000000,4.48000000,70.33600000,1665969706431,True,True
39626747,15.71000000,12.84000000,201.71640000,1665969713386,False,True
39626748,15.71000000,0.85000000,13.35350000,1665969825135,True,True
39626749,15.71000000,33.23000000,522.04330000,1665969825135,True,True
39626750,15.72000000,4.46000000,70.11120000,1665969845865,False,True
39626751,15.72000000,5.30000000,83.31600000,1665969845930,False,True
39626752,15.72000000,2.99000000,47.00280000,1665969845984,False,True
39626753,15.72000000,1.47000000,23.10840000,1665969845984,False,True
39626754,15.72000000,1.71000000,26.88120000,1665969846041,False,True
39626755,15.72000000,0.48000000,7.54560000,1665969846041,False,True
39626756,15.72000000,2.15000000,33.79800000,1665969846228,False,True
39626757,15.72000000,0.67000000,10.53240000,1665969846509,False,True
39626758,15.72000000,1.45000000,22.79400000,1665969846509,False,True
39626759,15.72000000,2.05000000,32.22600000,1665969846617,False,True
39626760,15.72000000,2.05000000,32.22600000,1665969846679,False,True
39626761,15.72000000,2.01000000,31.59720000,1665969846740,False,True
39626762,15.72000000,1.98000000,31.12560000,1665969846805,False,True
39626763,15.72000000,34.54000000,542.96880000,1665969846890,False,True
39626764,15.72000000,1.95000000,30.65400000,1665969847037,False,True
39626765,15.73000000,0.65000000,10.22450000,1665969869189,False,True
39626766,15.73000000,3.30000000,51.90900000,1665969869189,False,True
39626767,15.73000000,1.46000000,22.96580000,1665969869189,False,True
39626768,15.73000000,15.71000000,247.11830000,1665969872215,True,True
39626769,15.73000000,7.60000000,119.54800000,1665969872215,True,True
39626770,15.73000000,0.32000000,5.03360000,1665969872215,True,True
39626771,15.73000000,11.98000000,188.44540000,1665969872248,True,True
39626772,15.73000000,5.45000000,85.72850000,1665969872248,True,True
39626773,15.73000000,5.41000000,85.09930000,1665969872259,True,True
39626774,15.73000000,1.44000000,22.65120000,1665969872272,True,True
39626775,15.73000000,11.70000000,184.04100000,1665969872272,True,True
39626776,15.73000000,7.07000000,111.21110000,1665969872272,True,True
39626777,15.73000000,6.86000000,107.90780000,1665969872363,True,True
39626778,15.73000000,6.67000000,104.91910000,1665969872392,True,True
39626779,15.73000000,1.47000000,23.12310000,1665969874011,False,True
39626780,15.73000000,3.65000000,57.41450000,1665969874101,False,True
39626781,15.73000000,3.22000000,50.65060000,1665969961999,False,True
39626782,15.73000000,7.03000000,110.58190000,1665969997102,True,True
39626783,15.72000000,15.71000000,246.96120000,1665970198432,True,True
39626784,15.72000000,7.86000000,123.55920000,1665970198432,True,True
39626785,15.73000000,1.02000000,16.04460000,1665970209195,False,True
39626786,15.73000000,30.00000000,471.90000000,1665970224375,False,True
39626787,15.73000000,11.11000000,174.76030000,1665970224375,False,True
39626788,15.73000000,6.47000000,101.77310000,1665970224375,False,True
39626789,15.73000000,6.47000000,101.77310000,1665970224375,False,True
39626790,15.73000000,6.47000000,101.77310000,1665970224375,False,True
39626791,15.73000000,6.47000000,101.77310000,1665970224375,False,True
39626792,15.73000000,6.47000000,101.77310000,1665970224375,False,True
39626793,15.73000000,6.47000000,101.77310000,1665970224375,False,True
39626794,15.73000000,6.47000000,101.77310000,1665970224375,False,True
39626795,15.73000000,6.47000000,101.77310000,1665970224375,False,True
39626796,15.73000000,6.47000000,101.77310000,1665970224375,False,True
39626797,15.73000000,6.46000000,101.61580000,1665970224375,False,True
39626798,15.73000000,21.05000000,331.11650000,1665970234586,True,True
39626799,15.73000000,51.00000000,802.23000000,1665970234586,True,True
39626800,15.74000000,1.00000000,15.74000000,1665970235055,False,True
39626801,15.74000000,29.00000000,456.46000000,1665970236436,False,True
39626802,15.74000000,3.03000000,47.69220000,1665970236436,False,True
39626803,15.74000000,0.82000000,12.90680000,1665970236436,False,True
39626804,15.74000000,0.64000000,10.07360000,1665970236436,False,True
39626805,15.74000000,1.00000000,15.74000000,1665970236444,False,True
39626806,15.74000000,1.53000000,24.08220000,1665970236456,False,True
39626807,15.74000000,3.30000000,51.94200000,1665970236456,False,True
39626808,15.74000000,5.65000000,88.93100000,1665970236456,False,True
39626809,15.74000000,0.82000000,12.90680000,1665970236457,False,True
39626810,15.74000000,1.46000000,22.98040000,1665970236457,False,True
39626811,15.74000000,6.02000000,94.75480000,1665970236457,False,True
39626812,15.74000000,6.47000000,101.83780000,1665970236457,False,True
39626813,15.74000000,6.47000000,101.83780000,1665970236457,False,True
39626814,15.74000000,6.47000000,101.83780000,1665970236457,False,True
39626815,15.74000000,6.47000000,101.83780000,1665970236457,False,True
39626816,15.74000000,6.47000000,101.83780000,1665970236457,False,True
39626817,15.74000000,6.47000000,101.83780000,1665970236457,False,True
39626818,15.74000000,6.47000000,101.83780000,1665970236457,False,True
39626819,15.74000000,4.78000000,75.23720000,1665970236457,False,True
39626820,15.74000000,1.69000000,26.60060000,1665970236510,False,True
39626821,15.74000000,6.42000000,101.05080000,1665970236510,False,True
39626822,15.74000000,21.82000000,343.44680000,1665970236525,False,True
39626823,15.74000000,1.55000000,24.39700000,1665970236532,False,True
39626824,15.74000000,13.99000000,220.20260000,1665970259338,True,True
39626825,15.74000000,8.51000000,133.94740000,1665970259338,True,True
39626826,15.74000000,7.25000000,114.11500000,1665970259347,True,True
39626827,15.74000000,12.70000000,199.89800000,1665970261280,True,True
39626828,15.74000000,12.70000000,199.89800000,1665970281521,True,True
39626829,15.74000000,1.96000000,30.85040000,1665970312833,True,True
39626830,15.74000000,3.01000000,47.37740000,1665970331794,True,True
39626831,15.74000000,5.69000000,89.56060000,1665970331794,True,True
39626832,15.74000000,16.75000000,263.64500000,1665970341202,True,True
39626833,15.74000000,16.74000000,263.48760000,1665970341202,True,True
39626834,15.75000000,0.70000000,11.02500000,1665970441777,False,True
39626835,15.75000000,0.69000000,10.86750000,1665970441777,False,True
39626836,15.75000000,4.20000000,66.15000000,1665970441777,False,True
39626837,15.75000000,1.91000000,30.08250000,1665970441777,False,True
39626838,15.75000000,12.98000000,204.43500000,1665970441777,False,True
39626839,15.74000000,1.09000000,17.15660000,1665970453666,True,True
39626840,15.75000000,1.09000000,17.16750000,1665970454088,False,True
39626841,15.75000000,34.74000000,547.15500000,1665970465214,False,True
39626842,15.75000000,25.52000000,401.94000000,1665970465228,False,True
39626843,15.75000000,3.13000000,49.29750000,1665970465228,False,True
39626844,15.75000000,19.93000000,313.89750000,1665970465256,False,True
39626845,15.75000000,29.45000000,463.83750000,1665970465260,False,True
39626846,15.75000000,36.03000000,567.47250000,1665970465266,False,True
39626847,15.75000000,22.69000000,357.36750000,1665970465266,False,True
39626848,15.75000000,107.46000000,1692.49500000,1665970465272,False,True
39626849,15.75000000,3.30000000,51.97500000,1665970465272,False,True
39626850,15.75000000,6.47000000,101.90250000,1665970465272,False,True
39626851,15.75000000,1.46000000,22.99500000,1665970465272,False,True
39626852,15.75000000,6.47000000,101.90250000,1665970465272,False,True
39626853,15.75000000,6.47000000,101.90250000,1665970465272,False,True
39626854,15.75000000,6.47000000,101.90250000,1665970465272,False,True
39626855,15.75000000,6.47000000,101.90250000,1665970465272,False,True
39626856,15.75000000,6.47000000,101.90250000,1665970465272,False,True
39626857,15.75000000,6.47000000,101.90250000,1665970465272,False,True
39626858,15.75000000,6.47000000,101.90250000,1665970465272,False,True
39626859,15.75000000,6.47000000,101.90250000,1665970465272,False,True
39626860,15.75000000,6.39000000,100.64250000,1665970465272,False,True
39626861,15.76000000,3.02000000,47.59520000,1665970465287,False,True
39626862,15.76000000,8.17000000,128.75920000,1665970465287,False,True
39626863,15.75000000,6.68000000,105.21000000,1665970496298,True,True
39626864,15.75000000,1.66000000,26.14500000,1665970556217,True,True
39626865,15.75000000,1.43000000,22.52250000,1665970556217,True,True
39626866,15.75000000,1.65000000,25.98750000,1665970556220,True,True
39626867,15.75000000,1.79000000,28.19250000,1665970556223,True,True
39626868,15.75000000,0.65000000,10.23750000,1665970574316,True,True
39626869,15.75000000,4.52000000,71.19000000,1665970698562,True,True
39626870,15.75000000,12.30000000,193.72500000,1665970698562,True,True
39626871,15.75000000,12.30000000,193.72500000,1665970698562,True,True
39626872,15.75000000,57.14000000,899.95500000,1665970698562,True,True
39626873,15.75000000,6.20000000,97.65000000,1665970698562,True,True
39626874,15.75000000,8.68000000,136.71000000,1665970698562,True,True
39626875,15.75000000,43.82000000,690.16500000,1665970698562,True,True
39626876,15.75000000,76.30000000,1201.72500000,1665970698562,True,True
39626877,15.75000000,155.33000000,2446.44750000,1665970698562,True,True
39626878,15.75000000,317.32000000,4997.79000000,1665970698562,True,True
39626879,15.75000000,1.09000000,17.16750000,1665970698562,True,True
39626880,15.75000000,1.09000000,17.16750000,1665970698562,True,True
39626881,15.75000000,1.09000000,17.16750000,1665970698562,True,True
39626882,15.75000000,1.09000000,17.16750000,1665970698562,True,True
39626883,15.75000000,142.85000000,2249.88750000,1665970698562,True,True
39626884,15.75000000,82.01000000,1291.65750000,1665970698562,True,True
39626885,15.75000000,19.67000000,309.80250000,1665970698562,True,True
39626886,15.75000000,95.81000000,1509.00750000,1665970698562,True,True
39626887,15.75000000,1.11000000,17.48250000,1665970698562,True,True
39626888,15.75000000,1.11000000,17.48250000,1665970698562,True,True
39626889,15.75000000,66.72000000,1050.84000000,1665970698576,False,True
39626890,15.75000000,15.87000000,249.95250000,1665970698699,False,True
39626891,15.75000000,43.61000000,686.85750000,1665970698736,False,True
39626892,15.75000000,4.77000000,75.12750000,1665970698772,False,True
39626893,15.75000000,28.28000000,445.41000000,1665970698802,False,True
39626894,15.75000000,2.38000000,37.48500000,1665970698847,False,True
39626895,15.75000000,12.70000000,200.02500000,1665970698882,False,True
39626896,15.75000000,2.06000000,32.44500000,1665970698923,False,True
39626897,15.75000000,16.21000000,255.30750000,1665970698963,False,True
39626898,15.75000000,45.27000000,713.00250000,1665970699183,False,True
39626899,15.75000000,42.55000000,670.16250000,1665970699683,False,True
39626900,15.75000000,12.10000000,190.57500000,1665970699996,False,True
39626901,15.75000000,39.98000000,629.68500000,1665970700207,False,True
39626902,15.75000000,6.80000000,107.10000000,1665970700611,False,True
39626903,15.75000000,37.58000000,591.88500000,1665970700708,False,True
39626904,15.75000000,2.76000000,43.47000000,1665970700806,False,True
39626905,15.75000000,12.70000000,200.02500000,1665970700852,False,True
39626906,15.75000000,36.84000000,580.23000000,1665970701263,False,True
39626907,15.75000000,35.33000000,556.44750000,1665970701772,False,True
39626908,15.74000000,68.81000000,1083.06940000,1665970706570,True,True
39626909,15.74000000,11.14000000,175.34360000,1665970706570,True,True
39626910,15.74000000,3.30000000,51.94200000,1665970706570,True,True
39626911,15.74000000,6.40000000,100.73600000,1665970706676,False,True
39626912,15.74000000,3.82000000,60.12680000,1665970706889,False,True
39626913,15.74000000,0.71000000,11.17540000,1665970767398,False,True
39626914,15.74000000,13.27000000,208.86980000,1665970772510,False,True
39626915,15.74000000,3.99000000,62.80260000,1665970772510,False,True
39626916,15.75000000,6.45000000,101.58750000,1665970773497,False,True
39626917,15.74000000,34.83000000,548.22420000,1665970792934,True,True
39626918,15.74000000,2.32000000,36.51680000,1665970792934,True,True
39626919,15.74000000,6.20000000,97.58800000,1665970843919,True,True
39626920,15.74000000,12.30000000,193.60200000,1665970843919,True,True
39626921,15.74000000,6.40000000,100.73600000,1665970843919,True,True
39626922,15.74000000,8.60000000,135.36400000,1665970843919,True,True
39626923,15.74000000,5.38000000,84.68120000,1665970843937,True,True
39626924,15.74000000,17.04000000,268.20960000,1665970843937,True,True
39626925,15.74000000,6.23000000,98.06020000,1665970867319,True,True
39626926,15.74000000,9.66000000,152.04840000,1665970867321,True,True
39626927,15.73000000,6.77000000,106.49210000,1665970990215,True,True
39626928,15.73000000,1.40000000,22.02200000,1665970990277,True,True
39626929,15.73000000,4.69000000,73.77370000,1665970990277,True,True
39626930,15.73000000,1.65000000,25.95450000,1665970990277,True,True
39626931,15.73000000,2.17000000,34.13410000,1665970990406,True,True
39626932,15.73000000,0.94000000,14.78620000,1665971027698,False,True
39626933,15.72000000,2.31000000,36.31320000,1665971046159,True,True
39626934,15.72000000,30.00000000,471.60000000,1665971046159,True,True
39626935,15.72000000,507.09000000,7971.45480000,1665971046159,True,True
39626936,15.73000000,1.46000000,22.96580000,1665971106990,False,True
39626937,15.73000000,6.20000000,97.52600000,1665971167186,True,True
39626938,15.73000000,4.29000000,67.48170000,1665971167186,True,True
39626939,15.73000000,50.25000000,790.43250000,1665971167209,True,True
39626940,15.73000000,9.03000000,142.04190000,1665971167215,True,True
39626941,15.73000000,1.46000000,22.96580000,1665971167215,True,True
39626942,15.72000000,1.44000000,22.63680000,1665971167338,True,True
39626943,15.72000000,31.80000000,499.89600000,1665971178283,True,True
39626944,15.73000000,2.39000000,37.59470000,1665971345565,False,True
39626945,15.74000000,6.40000000,100.73600000,1665971381083,False,True
39626946,15.74000000,13.98000000,220.04520000,1665971381083,False,True
39626947,15.74000000,2.40000000,37.77600000,1665971381083,False,True
39626948,15.74000000,5.87000000,92.39380000,1665971381083,False,True
39626949,15.74000000,18.23000000,286.94020000,1665971381096,False,True
39626950,15.74000000,2.22000000,34.94280000,1665971423913,False,True
39626951,15.73000000,6.20000000,97.52600000,1665971505761,True,True
39626952,15.73000000,3.34000000,52.53820000,1665971505761,True,True
39626953,15.73000000,16.66000000,262.06180000,1665971505761,True,True
39626954,15.73000000,3.00000000,47.19000000,1665971552353,False,True
39626955,15.72000000,1.00000000,15.72000000,1665971569793,True,True
39626956,15.72000000,28.65000000,450.37800000,1665971597028,True,True
39626957,15.72000000,0.76000000,11.94720000,1665971597420,True,True
39626958,15.72000000,0.92000000,14.46240000,1665971597917,True,True
39626959,15.72000000,0.92000000,14.46240000,1665971597920,True,True
39626960,15.72000000,0.92000000,14.46240000,1665971597920,True,True
39626961,15.72000000,0.92000000,14.46240000,1665971597921,True,True
39626962,15.72000000,0.92000000,14.46240000,1665971597923,True,True
39626963,15.72000000,0.92000000,14.46240000,1665971597923,True,True
39626964,15.72000000,1.09000000,17.13480000,1665971597923,True,True
39626965,15.72000000,18.01000000,283.11720000,1665971598155,True,True
39626966,15.72000000,40.13000000,630.84360000,1665971633991,True,True
39626967,15.72000000,3.02000000,47.47440000,1665971633991,True,True
39626968,15.72000000,3.30000000,51.87600000,1665971633991,True,True
39626969,15.72000000,0.65000000,10.21800000,1665971633991,True,True
39626970,15.72000000,20.45000000,321.47400000,1665971633991,True,True
39626971,15.72000000,1.46000000,22.95120000,1665971633991,True,True
39626972,15.72000000,11.78000000,185.18160000,1665971633991,True,True
39626973,15.72000000,2.38000000,37.41360000,1665971636064,False,True
39626974,15.71000000,3.69000000,57.96990000,1665971731626,True,True
39626975,15.72000000,6.24000000,98.09280000,1665971737799,False,True
39626976,15.72000000,29.20000000,459.02400000,1665971737799,False,True
39626977,15.71000000,2.31000000,36.29010000,1665971747264,True,True
39626978,15.71000000,2.49000000,39.11790000,1665971747264,True,True
39626979,15.71000000,6.20000000,97.40200000,1665971747264,True,True
39626980,15.71000000,3.30000000,51.84300000,1665971747264,True,True
39626981,15.71000000,1.85000000,29.06350000,1665971747264,True,True
39626982,15.71000000,1.46000000,22.93660000,1665971747264,True,True
39626983,15.71000000,13.98000000,219.62580000,1665971747264,True,True
39626984,15.71000000,40.25000000,632.32750000,1665971747264,True,True
39626985,15.71000000,3.99000000,62.68290000,1665971747264,True,True
39626986,15.71000000,7.27000000,114.21170000,1665971809414,True,True
39626987,15.71000000,3.24000000,50.90040000,1665971809414,True,True
39626988,15.71000000,31.69000000,497.84990000,1665971809414,True,True
39626989,15.71000000,1.09000000,17.12390000,1665971809434,True,True
39626990,15.71000000,3.06000000,48.07260000,1665971809434,True,True
39626991,15.71000000,3.40000000,53.41400000,1665971809449,True,True
39626992,15.70000000,28.11000000,441.32700000,1665971818034,True,True
39626993,15.70000000,1.89000000,29.67300000,1665971818045,True,True
39626994,15.70000000,3.03000000,47.57100000,1665971818045,True,True
39626995,15.70000000,0.70000000,10.99000000,1665971818045,True,True
39626996,15.70000000,1.91000000,29.98700000,1665971818045,True,True
39626997,15.70000000,4.20000000,65.94000000,1665971818045,True,True
39626998,15.70000000,6.36000000,99.85200000,1665971818045,True,True
39626999,15.70000000,0.65000000,10.20500000,1665971818045,True,True
39627000,15.70000000,3.30000000,51.81000000,1665971818045,True,True
39627001,15.70000000,3.36000000,52.75200000,1665971818045,True,True
39627002,15.70000000,1.46000000,22.92200000,1665971818045,True,True
39627003,15.69000000,0.69000000,10.82610000,1665971898274,True,True
39627004,15.69000000,3.40000000,53.34600000,1665971898274,True,True
39627005,15.69000000,3.30000000,51.77700000,1665971898274,True,True
39627006,15.69000000,1.46000000,22.90740000,1665971898274,True,True
39627007,15.68000000,0.95000000,14.89600000,1665971913721,True,True
39627008,15.68000000,2.08000000,32.61440000,1665971925929,True,True
39627009,15.68000000,4.55000000,71.34400000,1665971925929,True,True
39627010,15.68000000,25.45000000,399.05600000,1665971926193,True,True
39627011,15.68000000,0.84000000,13.17120000,1665971926193,True,True
39627012,15.68000000,6.00000000,94.08000000,1665971926193,True,True
39627013,15.68000000,0.65000000,10.19200000,1665971926193,True,True
39627014,15.68000000,1.46000000,22.89280000,1665971926193,True,True
39627015,15.68000000,3.30000000,51.74400000,1665971926193,True,True
39627016,15.68000000,10.83000000,169.81440000,1665971943139,False,True
39627017,15.68000000,6.20000000,97.21600000,1665971943139,False,True
39627018,15.68000000,0.65000000,10.19200000,1665971943139,False,True
39627019,15.67000000,1.91000000,29.92970000,1665971984220,True,True
39627020,15.67000000,1.46000000,22.87820000,1665971984220,True,True
39627021,15.67000000,3.30000000,51.71100000,1665971984220,True,True
39627022,15.67000000,0.65000000,10.18550000,1665971984220,True,True
39627023,15.67000000,7.01000000,109.84670000,1665971984220,True,True
39627024,15.66000000,0.64000000,10.02240000,1665971984220,True,True
39627025,15.66000000,4.21000000,65.92860000,1665971984220,True,True
39627026,15.66000000,30.00000000,469.80000000,1665971984220,True,True
39627027,15.66000000,11.14000000,174.45240000,1665971984220,True,True
39627028,15.66000000,166.40000000,2605.82400000,1665971984220,True,True
39627029,15.66000000,84.00000000,1315.44000000,1665971984220,True,True
39627030,15.66000000,10.00000000,156.60000000,1665971984220,True,True
39627031,15.66000000,93.01000000,1456.53660000,1665971984220,True,True
39627032,15.66000000,25.28000000,395.88480000,1665971984220,True,True
39627033,15.66000000,45.77000000,716.75820000,1665971984220,True,True
39627034,15.66000000,1.22000000,19.10520000,1665971984296,True,True
39627035,15.66000000,6.20000000,97.09200000,1665971986504,False,True
39627036,15.66000000,1.46000000,22.86360000,1665971988472,True,True
39627037,15.66000000,0.46000000,7.20360000,1665971988472,True,True
39627038,15.67000000,2.39000000,37.45130000,1665972006133,True,True
39627039,15.68000000,0.65000000,10.19200000,1665972015979,False,True
39627040,15.68000000,1.46000000,22.89280000,1665972015979,False,True
39627041,15.68000000,10.00000000,156.80000000,1665972015979,False,True
39627042,15.68000000,1.80000000,28.22400000,1665972016012,True,True
39627043,15.68000000,1.47000000,23.04960000,1665972017589,True,True
39627044,15.68000000,2.08000000,32.61440000,1665972017612,True,True
39627045,15.68000000,5.35000000,83.88800000,1665972017612,True,True
39627046,15.68000000,13.88000000,217.63840000,1665972063195,False,True
39627047,15.67000000,6.28000000,98.40760000,1665972066014,True,True
39627048,15.67000000,2.01000000,31.49670000,1665972066014,True,True
39627049,15.67000000,12.34000000,193.36780000,1665972066014,True,True
39627050,15.68000000,33.49000000,525.12320000,1665972071940,False,True
39627051,15.68000000,18.40000000,288.51200000,1665972071956,False,True
39627052,15.68000000,8.91000000,139.70880000,1665972071956,False,True
39627053,15.68000000,62.83000000,985.17440000,1665972071956,False,True
39627054,15.68000000,6.28000000,98.47040000,1665972071956,False,True
39627055,15.69000000,2.49000000,39.06810000,1665972082111,False,True
39627056,15.69000000,0.65000000,10.19850000,1665972082111,False,True
39627057,15.69000000,1.46000000,22.90740000,1665972082111,False,True
39627058,15.69000000,6.83000000,107.16270000,1665972083138,True,True
39627059,15.69000000,4.52000000,70.91880000,1665972084476,True,True
39627060,15.69000000,3.41000000,53.50290000,1665972105736,False,True
39627061,15.69000000,3.24000000,50.83560000,1665972105868,False,True
39627062,15.69000000,1.47000000,23.06430000,1665972120074,False,True
39627063,15.69000000,4.43000000,69.50670000,1665972123337,False,True
39627064,15.69000000,7.01000000,109.98690000,1665972123337,False,True
39627065,15.69000000,2.82000000,44.24580000,1665972123337,False,True
39627066,15.69000000,14.26000000,223.73940000,1665972125329,False,True
39627067,15.69000000,12.92000000,202.71480000,1665972126332,False,True
39627068,15.70000000,1.34000000,21.03800000,1665972126332,False,True
39627069,15.69000000,5.35000000,83.94150000,1665972150110,True,True
39627070,15.69000000,5.35000000,83.94150000,1665972150110,True,True
39627071,15.69000000,12.54000000,196.75260000,1665972150110,True,True
39627072,15.69000000,12.54000000,196.75260000,1665972190068,False,True
39627073,15.69000000,53.59000000,840.82710000,1665972190068,False,True
39627074,15.68000000,33.51000000,525.43680000,1665972193255,True,True
39627075,15.68000000,10.25000000,160.72000000,1665972196427,True,True
39627076,15.68000000,9.22000000,144.56960000,1665972196443,True,True
39627077,15.68000000,10.05000000,157.58400000,1665972196460,True,True
39627078,15.68000000,19.95000000,312.81600000,1665972196460,True,True
39627079,15.68000000,60.00000000,940.80000000,1665972196461,True,True
39627080,15.68000000,22.42000000,351.54560000,1665972196505,True,True
39627081,15.68000000,36.31000000,569.34080000,1665972196548,True,True
39627082,15.68000000,117.68000000,1845.22240000,1665972196608,True,True
39627083,15.68000000,11.17000000,175.14560000,1665972196615,True,True
39627084,15.68000000,8.99000000,140.96320000,1665972196620,True,True
39627085,15.68000000,3.10000000,48.60800000,1665972196655,True,True
39627086,15.68000000,4.36000000,68.36480000,1665972197121,True,True
39627087,15.68000000,4.37000000,68.52160000,1665972197122,True,True
39627088,15.68000000,0.86000000,13.48480000,1665972197616,True,True
39627089,15.68000000,0.86000000,13.48480000,1665972197618,True,True
39627090,15.68000000,0.86000000,13.48480000,1665972197618,True,True
39627091,15.68000000,0.86000000,13.48480000,1665972197619,True,True
39627092,15.68000000,1.26000000,19.75680000,1665972201776,True,True
39627093,15.68000000,1.04000000,16.30720000,1665972201791,True,True
39627094,15.68000000,1.68000000,26.34240000,1665972202344,True,True
39627095,15.67000000,1.01000000,15.82670000,1665972207894,True,True
39627096,15.67000000,1.48000000,23.19160000,1665972219071,True,True
39627097,15.67000000,3.30000000,51.71100000,1665972219071,True,True
39627098,15.67000000,1.46000000,22.87820000,1665972219071,True,True
39627099,15.67000000,27.03000000,423.56010000,1665972219071,True,True
39627100,15.67000000,1.47000000,23.03490000,1665972251941,False,True
39627101,15.67000000,1.47000000,23.03490000,1665972252014,False,True
39627102,15.67000000,0.71000000,11.12570000,1665972272652,False,True
39627103,15.67000000,1.10000000,17.23700000,1665972313589,False,True
39627104,15.66000000,0.65000000,10.17900000,1665972334965,True,True
39627105,15.66000000,26.38000000,413.11080000,1665972334965,True,True
39627106,15.66000000,3.62000000,56.68920000,1665972370155,True,True
39627107,15.66000000,3.30000000,51.67800000,1665972370155,True,True
39627108,15.66000000,1.46000000,22.86360000,1665972370155,True,True
39627109,15.66000000,7.15000000,111.96900000,1665972370427,False,True
39627110,15.66000000,1.04000000,16.28640000,1665972439828,False,True
39627111,15.66000000,31.13000000,487.49580000,1665972452100,False,True
39627112,15.65000000,1.53000000,23.94450000,1665972454438,True,True
39627113,15.65000000,0.01000000,0.15650000,1665972454438,True,True
39627114,15.66000000,32.35000000,506.60100000,1665972481967,False,True
39627115,15.66000000,2.18000000,34.13880000,1665972481967,False,True
39627116,15.66000000,33.44000000,523.67040000,1665972481972,False,True
39627117,15.66000000,28.57000000,447.40620000,1665972481980,False,True
39627118,15.66000000,7.55000000,118.23300000,1665972481980,False,True
39627119,15.66000000,26.67000000,417.65220000,1665972481980,False,True
39627120,15.66000000,44.99000000,704.54340000,1665972481986,False,True
39627121,15.66000000,9.55000000,149.55300000,1665972481986,False,True
39627122,15.66000000,2.00000000,31.32000000,1665972481986,False,True
39627123,15.66000000,6.73000000,105.39180000,1665972481987,False,True
39627124,15.66000000,3.91000000,61.23060000,1665972481991,False,True
39627125,15.66000000,2.71000000,42.43860000,1665972481991,False,True
39627126,15.66000000,56.35000000,882.44100000,1665972481992,False,True
39627127,15.66000000,1.67000000,26.15220000,1665972481995,False,True
39627128,15.66000000,32.63000000,510.98580000,1665972481995,False,True
39627129,15.66000000,0.49000000,7.67340000,1665972481996,False,True
39627130,15.66000000,71.99000000,1127.36340000,1665972481996,False,True
39627131,15.66000000,11.52000000,180.40320000,1665972481996,False,True
39627132,15.67000000,0.72000000,11.28240000,1665972504668,False,True
39627133,15.67000000,0.85000000,13.31950000,1665972504671,False,True
39627134,15.68000000,2.18000000,34.18240000,1665972756226,False,True
39627135,15.68000000,27.82000000,436.21760000,1665972756284,False,True
39627136,15.68000000,3.30000000,51.74400000,1665972756284,False,True
39627137,15.68000000,1.46000000,22.89280000,1665972756284,False,True
39627138,15.68000000,6.77000000,106.15360000,1665972756284,False,True
39627139,15.69000000,1.00000000,15.69000000,1665972756387,False,True
39627140,15.68000000,19.84000000,311.09120000,1665972782094,True,True
39627141,15.69000000,5.49000000,86.13810000,1665972817443,False,True
39627142,15.69000000,11.61000000,182.16090000,1665972817443,False,True
39627143,15.69000000,2.49000000,39.06810000,1665972817443,False,True
39627144,15.69000000,0.70000000,10.98300000,1665972817443,False,True
39627145,15.69000000,3.18000000,49.89420000,1665972817443,False,True
39627146,15.69000000,0.65000000,10.19850000,1665972817443,False,True
39627147,15.69000000,3.33000000,52.24770000,1665972817443,False,True
39627148,15.69000000,3.30000000,51.77700000,1665972817443,False,True
39627149,15.69000000,1.46000000,22.90740000,1665972817443,False,True
39627150,15.70000000,12.64000000,198.44800000,1665972817443,False,True
39627151,15.70000000,321.06000000,5040.64200000,1665972817443,False,True
39627152,15.70000000,20.00000000,314.00000000,1665972843541,False,True
39627153,15.70000000,20.00000000,314.00000000,1665972843542,False,True
39627154,15.70000000,275.27000000,4321.73900000,1665972843549,False,True
39627155,15.70000000,30.00000000,471.00000000,1665972843549,False,True
39627156,15.70000000,31.60000000,496.12000000,1665972843549,False,True
39627157,15.70000000,57.28000000,899.29600000,1665972918292,True,True
39627158,15.70000000,7.79000000,122.30300000,1665972922918,True,True
39627159,15.70000000,12.54000000,196.87800000,1665972922918,True,True
39627160,15.70000000,7.03000000,110.37100000,1665972922918,True,True
39627161,15.70000000,29.86000000,468.80200000,1665972922918,True,True
39627162,15.70000000,34.30000000,538.51000000,1665972922924,True,True
39627163,15.70000000,24.88000000,390.61600000,1665972922926,True,True
39627164,15.70000000,14.48000000,227.33600000,1665972922926,True,True
39627165,15.70000000,0.66000000,10.36200000,1665972922926,True,True
39627166,15.70000000,34.22000000,537.25400000,1665972922926,True,True
39627167,15.70000000,22.44000000,352.30800000,1665972922928,True,True
39627168,15.70000000,22.79000000,357.80300000,1665972932288,False,True
39627169,15.70000000,12.54000000,196.87800000,1665972932312,False,True
39627170,15.71000000,0.94000000,14.76740000,1665972970794,False,True
39627171,15.70000000,1.09000000,17.11300000,1665972973959,True,True
39627172,15.71000000,1.10000000,17.28100000,1665972974409,False,True
39627173,15.71000000,2.17000000,34.09070000,1665973003151,False,True
39627174,15.71000000,32.78000000,514.97380000,1665973003151,False,True
39627175,15.71000000,3.18000000,49.95780000,1665973003151,False,True
39627176,15.71000000,0.65000000,10.21150000,1665973003151,False,True
39627177,15.71000000,3.30000000,51.84300000,1665973003151,False,True
39627178,15.71000000,1.46000000,22.93660000,1665973003151,False,True
39627179,15.72000000,3.03000000,47.63160000,1665973029787,False,True
39627180,15.72000000,1.91000000,30.02520000,1665973029787,False,True
39627181,15.72000000,28.78000000,452.42160000,1665973029787,False,True
39627182,15.72000000,1.14000000,17.92080000,1665973029800,False,True
39627183,15.72000000,0.08000000,1.25760000,1665973029834,False,True
39627184,15.72000000,2.29000000,35.99880000,1665973029834,False,True
39627185,15.72000000,0.71000000,11.16120000,1665973029945,False,True
39627186,15.72000000,3.30000000,51.87600000,1665973029945,False,True
39627187,15.72000000,1.46000000,22.95120000,1665973029945,False,True
39627188,15.72000000,1.09000000,17.13480000,1665973032773,True,True
39627189,15.72000000,6.20000000,97.46400000,1665973032773,True,True
39627190,15.72000000,31.97000000,502.56840000,1665973032773,True,True
39627191,15.72000000,33.72000000,530.07840000,1665973032796,True,True
39627192,15.72000000,55.03000000,865.07160000,1665973032815,True,True
39627193,15.72000000,12.54000000,197.12880000,1665973032829,True,True
39627194,15.72000000,1.46000000,22.95120000,1665973037039,False,True
39627195,15.72000000,91.32000000,1435.55040000,1665973037039,False,True
39627196,15.72000000,12.54000000,197.12880000,1665973037039,False,True
39627197,15.72000000,5.35000000,84.10200000,1665973038056,False,True
39627198,15.72000000,5.35000000,84.10200000,1665973038056,False,True
39627199,15.72000000,12.72000000,199.95840000,1665973102869,False,True
39627200,15.72000000,6.20000000,97.46400000,1665973102869,False,True
39627201,15.72000000,14.08000000,221.33760000,1665973102869,False,True
39627202,15.72000000,3.10000000,48.73200000,1665973122993,True,True
39627203,15.72000000,1.09000000,17.13480000,1665973233376,True,True
39627204,15.72000000,0.94000000,14.77680000,1665973233376,True,True
39627205,15.72000000,6.04000000,94.94880000,1665973233388,True,True
39627206,15.71000000,2.39000000,37.54690000,1665973370344,False,True
39627207,15.71000000,34.26000000,538.22460000,1665973370990,False,True
39627208,15.71000000,33.40000000,524.71400000,1665973370996,False,True
39627209,15.71000000,1.88000000,29.53480000,1665973371020,False,True
39627210,15.72000000,4.64000000,72.94080000,1665973379050,True,True
39627211,15.72000000,5.36000000,84.25920000,1665973431754,True,True
39627212,15.72000000,3.13000000,49.20360000,1665973431830,True,True
39627213,15.72000000,2.12000000,33.32640000,1665973525610,True,True
39627214,15.72000000,10.42000000,163.80240000,1665973708883,True,True
39627215,15.72000000,2.29000000,35.99880000,1665973708883,True,True
39627216,15.73000000,6.49000000,102.08770000,1665973820875,False,True
39627217,15.73000000,3.18000000,50.02140000,1665973820875,False,True
39627218,15.73000000,3.30000000,51.90900000,1665973820875,False,True
39627219,15.73000000,11.14000000,175.23220000,1665973820875,False,True
39627220,15.73000000,5.57000000,87.61610000,1665973820875,False,True
39627221,15.73000000,4.34000000,68.26820000,1665973820890,False,True
39627222,15.73000000,1.46000000,22.96580000,1665973820890,False,True
39627223,15.73000000,6.49000000,102.08770000,1665973820890,False,True
39627224,15.73000000,6.49000000,102.08770000,1665973820890,False,True
39627225,15.73000000,6.49000000,102.08770000,1665973820890,False,True
39627226,15.73000000,3.38000000,53.16740000,1665973820890,False,True
39627227,15.73000000,3.11000000,48.92030000,1665973820944,False,True
39627228,15.73000000,4.85000000,76.29050000,1665973821275,False,True
39627229,15.73000000,4.79000000,75.34670000,1665973821288,False,True
39627230,15.73000000,1.49000000,23.43770000,1665973821288,False,True
39627231,15.73000000,5.00000000,78.65000000,1665973821411,False,True
39627232,15.73000000,9.60000000,151.00800000,1665973821411,False,True
39627233,15.73000000,6.49000000,102.08770000,1665973821417,False,True
39627234,15.73000000,6.49000000,102.08770000,1665973821417,False,True
39627235,15.73000000,1.62000000,25.48260000,1665973821417,False,True
39627236,15.73000000,4.87000000,76.60510000,1665973821434,False,True
39627237,15.73000000,8.43000000,132.60390000,1665973821434,False,True
39627238,15.73000000,6.48000000,101.93040000,1665973821437,False,True
39627239,15.74000000,1.99000000,31.32260000,1665973831669,False,True
39627240,15.74000000,6.12000000,96.32880000,1665973844839,False,True
39627241,15.74000000,21.89000000,344.54860000,1665973844996,False,True
39627242,15.74000000,3.03000000,47.69220000,1665973844996,False,True
39627243,15.74000000,0.82000000,12.90680000,1665973844996,False,True
39627244,15.74000000,3.30000000,51.94200000,1665973844996,False,True
39627245,15.74000000,1.46000000,22.98040000,1665973844996,False,True
39627246,15.74000000,6.50000000,102.31000000,1665973844996,False,True
39627247,15.74000000,6.50000000,102.31000000,1665973845053,False,True
39627248,15.74000000,6.50000000,102.31000000,1665973845102,False,True
39627249,15.74000000,6.50000000,102.31000000,1665973845106,False,True
39627250,15.74000000,6.50000000,102.31000000,1665973845128,False,True
39627251,15.74000000,6.50000000,102.31000000,1665973845212,False,True
39627252,15.74000000,6.50000000,102.31000000,1665973845222,False,True
39627253,15.74000000,6.50000000,102.31000000,1665973845235,False,True
39627254,15.74000000,6.50000000,102.31000000,1665973845272,False,True
39627255,15.74000000,6.44000000,101.36560000,1665973845282,False,True
39627256,15.74000000,2.21000000,34.78540000,1665973850430,True,True
39627257,15.74000000,2.48000000,39.03520000,1665973850433,True,True
39627258,15.74000000,2.15000000,33.84100000,1665973851101,True,True
39627259,15.74000000,1.60000000,25.18400000,1665973851105,True,True
39627260,15.74000000,1.73000000,27.23020000,1665973891938,True,True
39627261,15.74000000,35.47000000,558.29780000,1665973901263,True,True
39627262,15.74000000,24.35000000,383.26900000,1665973901265,True,True
39627263,15.74000000,35.65000000,561.13100000,1665973901265,True,True
39627264,15.74000000,104.54000000,1645.45960000,1665973901269,True,True
39627265,15.74000000,15.46000000,243.34040000,1665973901269,True,True
39627266,15.74000000,41.71000000,656.51540000,1665973901271,True,True
39627267,15.74000000,4.47000000,70.35780000,1665973901271,True,True
39627268,15.74000000,88.85000000,1398.49900000,1665973901271,True,True
39627269,15.74000000,37.90000000,596.54600000,1665973901271,True,True
39627270,15.74000000,20.00000000,314.80000000,1665973901273,True,True
39627271,15.74000000,38.41000000,604.57340000,1665973901273,True,True
39627272,15.74000000,14.02000000,220.67480000,1665973901892,True,True
39627273,15.74000000,13.86000000,218.15640000,1665973901893,True,True
39627274,15.74000000,17.41000000,274.03340000,1665973901902,True,True
39627275,15.74000000,2.03000000,31.95220000,1665973901912,True,True
39627276,15.74000000,33.59000000,528.70660000,1665973901922,True,True
39627277,15.74000000,40.71000000,640.77540000,1665973915436,True,True
39627278,15.74000000,54.25000000,853.89500000,1665973915436,True,True
39627279,15.74000000,38.43000000,604.88820000,1665973915436,True,True
39627280,15.74000000,6.61000000,104.04140000,1665973915436,True,True
39627281,15.74000000,9.11000000,143.39140000,1665973915447,True,True
39627282,15.74000000,90.01000000,1416.75740000,1665973915447,True,True
39627283,15.74000000,28.21000000,444.02540000,1665973915447,True,True
39627284,15.74000000,5.35000000,84.20900000,1665973924241,False,True
39627285,15.74000000,5.35000000,84.20900000,1665973924241,False,True
39627286,15.74000000,39.52000000,622.04480000,1665973933033,True,True
39627287,15.74000000,38.45000000,605.20300000,1665973933049,True,True
39627288,15.74000000,69.23000000,1089.68020000,1665973933052,True,True
39627289,15.73000000,12.61000000,198.35530000,1665974107396,True,True
39627290,15.73000000,7.00000000,110.11000000,1665974107396,True,True
39627291,15.73000000,0.65000000,10.22450000,1665974107396,True,True
39627292,15.73000000,20.54000000,323.09420000,1665974107396,True,True
39627293,15.73000000,123.32000000,1939.82360000,1665974135968,True,True
39627294,15.73000000,30.15000000,474.25950000,1665974147507,True,True
39627295,15.73000000,6.20000000,97.52600000,1665974169400,True,True
39627296,15.72000000,2.38000000,37.41360000,1665974181529,True,True
39627297,15.73000000,0.90000000,14.15700000,1665974241468,False,True
39627298,15.73000000,1.00000000,15.73000000,1665974359274,False,True
39627299,15.73000000,1.00000000,15.73000000,1665974359387,False,True
39627300,15.73000000,5.98000000,94.06540000,1665974359471,False,True
39627301,15.73000000,5.68000000,89.34640000,1665974359473,False,True
39627302,15.73000000,143.42000000,2255.99660000,1665974359525,False,True
39627303,15.74000000,1.08000000,16.99920000,1665974366377,False,True
39627304,15.74000000,156.90000000,2469.60600000,1665974558728,False,True
39627305,15.74000000,5.60000000,88.14400000,1665974558728,False,True
39627306,15.74000000,7.00000000,110.18000000,1665974558728,False,True
39627307,15.74000000,6.50000000,102.31000000,1665974558728,False,True
39627308,15.74000000,7.00000000,110.18000000,1665974558728,False,True
39627309,15.74000000,0.95000000,14.95300000,1665974558728,False,True
39627310,15.74000000,0.65000000,10.23100000,1665974558728,False,True
39627311,15.74000000,12.54000000,197.37960000,1665974558728,False,True
39627312,15.74000000,51.32000000,807.77680000,1665974558728,False,True
39627313,15.74000000,6.50000000,102.31000000,1665974593774,False,True
39627314,15.74000000,6.50000000,102.31000000,1665974593774,False,True
39627315,15.74000000,6.50000000,102.31000000,1665974593774,False,True
39627316,15.74000000,6.50000000,102.31000000,1665974593774,False,True
39627317,15.74000000,6.50000000,102.31000000,1665974593774,False,True
39627318,15.74000000,6.50000000,102.31000000,1665974593774,False,True
39627319,15.74000000,6.50000000,102.31000000,1665974593774,False,True
39627320,15.74000000,6.50000000,102.31000000,1665974593774,False,True
39627321,15.74000000,6.42000000,101.05080000,1665974593774,False,True
39627322,15.75000000,0.70000000,11.02500000,1665974593784,False,True
39627323,15.75000000,0.30000000,4.72500000,1665974593784,False,True
39627324,15.74000000,1.09000000,17.15660000,1665974623699,True,True
39627325,15.75000000,1.09000000,17.16750000,1665974624121,False,True
39627326,15.75000000,0.52000000,8.19000000,1665974661659,False,True
39627327,15.75000000,4.20000000,66.15000000,1665974661659,False,True
39627328,15.75000000,0.69000000,10.86750000,1665974661659,False,True
39627329,15.75000000,3.17000000,49.92750000,1665974661659,False,True
39627330,15.75000000,4.11000000,64.73250000,1665974661659,False,True
39627331,15.75000000,1.77000000,27.87750000,1665974693015,False,True
39627332,15.75000000,2.50000000,39.37500000,1665974776525,False,True
39627333,15.75000000,1.00000000,15.75000000,1665974776525,False,True
39627334,15.74000000,10.00000000,157.40000000,1665974897383,True,True
39627335,15.75000000,6.34000000,99.85500000,1665974911608,False,True
39627336,15.75000000,0.16000000,2.52000000,1665974922996,False,True
39627337,15.75000000,12.53000000,197.34750000,1665974922996,False,True
39627338,15.75000000,2.30000000,36.22500000,1665974936893,False,True
39627339,15.75000000,3.01000000,47.40750000,1665974936893,False,True
39627340,15.75000000,6.50000000,102.37500000,1665974936893,False,True
39627341,15.75000000,0.88000000,13.86000000,1665974936893,False,True
39627342,15.74000000,2.60000000,40.92400000,1665975007755,True,True
39627343,15.74000000,6.20000000,97.58800000,1665975007755,True,True
39627344,15.74000000,4.11000000,64.69140000,1665975007755,True,True
39627345,15.74000000,12.54000000,197.37960000,1665975007755,True,True
39627346,15.74000000,9.55000000,150.31700000,1665975007755,True,True
39627347,15.74000000,10.00000000,157.40000000,1665975022717,True,True
39627348,15.74000000,40.99000000,645.18260000,1665975030062,True,True
39627349,15.74000000,4.27000000,67.20980000,1665975030081,True,True
39627350,15.74000000,3.17000000,49.89580000,1665975030081,True,True
39627351,15.74000000,1.22000000,19.20280000,1665975030081,True,True
39627352,15.74000000,10.89000000,171.40860000,1665975030081,True,True
