40084268,18.29000000,1.87000000,34.20230000,1667088007772,True,True
40084269,18.29000000,4.91000000,89.80390000,1667088008549,True,True
40084270,18.29000000,23.64000000,432.37560000,1667088008984,True,True
40084271,18.29000000,1.09000000,19.93610000,1667088008984,True,True
40084272,18.29000000,1.09000000,19.93610000,1667088008984,True,True
40084273,18.29000000,4.01000000,73.34290000,1667088009085,False,True
40084274,18.29000000,3.28000000,59.99120000,1667088010977,False,True
40084275,18.28000000,1.52000000,27.78560000,1667088011480,True,True
40084276,18.28000000,0.05000000,0.91400000,1667088011480,True,True
40084277,18.29000000,20.36000000,372.38440000,1667088014887,False,True
40084278,18.29000000,1.51000000,27.61790000,1667088014887,False,True
40084279,18.28000000,3.30000000,60.32400000,1667088025319,True,True
40084280,18.28000000,3.24000000,59.22720000,1667088025319,True,True
40084281,18.28000000,1.09000000,19.92520000,1667088025319,True,True
40084282,18.27000000,0.87000000,15.89490000,1667088025324,True,True
40084283,18.27000000,16.43000000,300.17610000,1667088025324,True,True
40084284,18.27000000,17.82000000,325.57140000,1667088025324,True,True
40084285,18.27000000,40.12000000,732.99240000,1667088025324,True,True
40084286,18.27000000,24.62000000,449.80740000,1667088025324,True,True
40084287,18.27000000,2.64000000,48.23280000,1667088025610,False,True
40084288,18.27000000,2.64000000,48.23280000,1667088025631,False,True
40084289,18.27000000,12.53000000,228.92310000,1667088025646,False,True
40084290,18.27000000,32.40000000,591.94800000,1667088025646,False,True
40084291,18.27000000,2.64000000,48.23280000,1667088025654,False,True
40084292,18.27000000,3.14000000,57.36780000,1667088025656,False,True
40084293,18.27000000,54.20000000,990.23400000,1667088025656,False,True
40084294,18.27000000,2.23000000,40.74210000,1667088025683,False,True
40084295,18.27000000,4.38000000,80.02260000,1667088027047,False,True
40084296,18.28000000,6.42000000,117.35760000,1667088027047,False,True
40084297,18.28000000,2.87000000,52.46360000,1667088027047,False,True
40084298,18.27000000,23.64000000,431.90280000,1667088028336,True,True
40084299,18.27000000,30.46000000,556.50420000,1667088028336,True,True
40084300,18.27000000,3.30000000,60.29100000,1667088028336,True,True
40084301,18.27000000,1.09000000,19.91430000,1667088029384,True,True
40084302,18.27000000,1.09000000,19.91430000,1667088029384,True,True
40084303,18.27000000,23.29000000,425.50830000,1667088029384,True,True
40084304,18.27000000,1.09000000,19.91430000,1667088029384,True,True
40084305,18.27000000,1.09000000,19.91430000,1667088029384,True,True
40084306,18.27000000,7.25000000,132.45750000,1667088029384,True,True
40084307,18.28000000,0.76000000,13.89280000,1667088030014,False,True
40084308,18.28000000,4.57000000,83.53960000,1667088030044,False,True
40084309,18.28000000,6.60000000,120.64800000,1667088030044,False,True
40084310,18.27000000,0.86000000,15.71220000,1667088031540,True,True
40084311,18.27000000,0.89000000,16.26030000,1667088036262,True,True
40084312,18.28000000,26.81000000,490.08680000,1667088039059,False,True
40084313,18.27000000,1.02000000,18.63540000,1667088039681,True,True
40084314,18.28000000,32.82000000,599.94960000,1667088039881,False,True
40084315,18.27000000,1.09000000,19.91430000,1667088042383,True,True
40084316,18.27000000,0.65000000,11.87550000,1667088042383,True,True
40084317,18.28000000,17.81000000,325.56680000,1667088049957,False,True
40084318,18.28000000,2.58000000,47.16240000,1667088049957,False,True
40084319,18.28000000,23.61000000,431.59080000,1667088049957,False,True
40084320,18.28000000,10.14000000,185.35920000,1667088065594,True,True
40084321,18.28000000,5.44000000,99.44320000,1667088065624,True,True
40084322,18.28000000,6.32000000,115.52960000,1667088068276,False,True
40084323,18.28000000,5.46000000,99.80880000,1667088069060,False,True
40084324,18.28000000,11.86000000,216.80080000,1667088069949,False,True
40084325,18.29000000,8.11000000,148.33190000,1667088076829,False,True
40084326,18.29000000,0.87000000,15.91230000,1667088077518,False,True
40084327,18.29000000,3.24000000,59.25960000,1667088077518,False,True
40084328,18.29000000,1.38000000,25.24020000,1667088077518,False,True
40084329,18.29000000,8.04000000,147.05160000,1667088104181,False,True
40084330,18.29000000,7.67000000,140.28430000,1667088104181,False,True
40084331,18.29000000,7.67000000,140.28430000,1667088104181,False,True
40084332,18.29000000,4.17000000,76.26930000,1667088104275,False,True
40084333,18.29000000,23.64000000,432.37560000,1667088120003,True,True
40084334,18.28000000,1.09000000,19.92520000,1667088131804,True,True
40084335,18.28000000,1.09000000,19.92520000,1667088131804,True,True
40084336,18.28000000,1.09000000,19.92520000,1667088131804,True,True
40084337,18.28000000,1.09000000,19.92520000,1667088131804,True,True
40084338,18.27000000,0.87000000,15.89490000,1667088134346,True,True
40084339,18.27000000,3.30000000,60.29100000,1667088134346,True,True
40084340,18.27000000,3.24000000,59.19480000,1667088134356,True,True
40084341,18.27000000,38.16000000,697.18320000,1667088141559,False,True
40084342,18.27000000,1.24000000,22.65480000,1667088141559,False,True
40084343,18.28000000,6.77000000,123.75560000,1667088142535,False,True
40084344,18.28000000,3.24000000,59.22720000,1667088142639,False,True
40084345,18.29000000,0.90000000,16.46100000,1667088153760,False,True
40084346,18.28000000,1.09000000,19.92520000,1667088171273,True,True
40084347,18.28000000,1.09000000,19.92520000,1667088171273,True,True
40084348,18.28000000,1.09000000,19.92520000,1667088171273,True,True
40084349,18.28000000,13.37000000,244.40360000,1667088171273,True,True
40084350,18.29000000,0.87000000,15.91230000,1667088181181,False,True
40084351,18.29000000,3.24000000,59.25960000,1667088181181,False,True
40084352,18.29000000,3.30000000,60.35700000,1667088181181,False,True
40084353,18.30000000,1.57000000,28.73100000,1667088187326,False,True
40084354,18.30000000,6.63000000,121.32900000,1667088208219,False,True
40084355,18.30000000,5.48000000,100.28400000,1667088208219,False,True
40084356,18.30000000,5.45000000,99.73500000,1667088208246,False,True
40084357,18.30000000,10.60000000,193.98000000,1667088208246,False,True
40084358,18.30000000,7.20000000,131.76000000,1667088208306,False,True
40084359,18.30000000,5.84000000,106.87200000,1667088208308,False,True
40084360,18.30000000,3.24000000,59.29200000,1667088208308,False,True
40084361,18.30000000,3.30000000,60.39000000,1667088208308,False,True
40084362,18.30000000,54.83000000,1003.38900000,1667088208308,False,True
40084363,18.30000000,1.09000000,19.94700000,1667088208308,False,True
40084364,18.30000000,1.09000000,19.94700000,1667088208308,False,True
40084365,18.30000000,1.09000000,19.94700000,1667088208308,False,True
40084366,18.30000000,40.66000000,744.07800000,1667088208552,True,True
40084367,18.30000000,3.34000000,61.12200000,1667088208552,True,True
40084368,18.30000000,20.30000000,371.49000000,1667088208558,True,True
40084369,18.30000000,10.14000000,185.56200000,1667088208657,False,True
40084370,18.30000000,57.34000000,1049.32200000,1667088208657,False,True
40084371,18.30000000,23.64000000,432.61200000,1667088208657,False,True
40084372,18.30000000,13.03000000,238.44900000,1667088208887,True,True
40084373,18.30000000,10.61000000,194.16300000,1667088208887,True,True
40084374,18.30000000,0.83000000,15.18900000,1667088222048,False,True
40084375,18.29000000,35.65000000,652.03850000,1667088224169,True,True
40084376,18.29000000,6.63000000,121.26270000,1667088224169,True,True
40084377,18.29000000,19.35000000,353.91150000,1667088224169,True,True
40084378,18.29000000,17.82000000,325.92780000,1667088224169,True,True
40084379,18.29000000,1.74000000,31.82460000,1667088224391,False,True
40084380,18.28000000,3.30000000,60.32400000,1667088258272,True,True
40084381,18.28000000,3.24000000,59.22720000,1667088258272,True,True
40084382,18.28000000,7.30000000,133.44400000,1667088258272,True,True
40084383,18.27000000,11.91000000,217.59570000,1667088264256,True,True
40084384,18.27000000,0.87000000,15.89490000,1667088264256,True,True
40084385,18.27000000,1.16000000,21.19320000,1667088264256,True,True
40084386,18.27000000,41.25000000,753.63750000,1667088264256,True,True
40084387,18.27000000,3.24000000,59.19480000,1667088264256,True,True
40084388,18.27000000,3.30000000,60.29100000,1667088264256,True,True
40084389,18.27000000,2.23000000,40.74210000,1667088264310,False,True
40084390,18.27000000,19.67000000,359.37090000,1667088264344,False,True
40084391,18.27000000,28.53000000,521.24310000,1667088264344,False,True
40084392,18.27000000,0.83000000,15.16410000,1667088284792,False,True
40084393,18.27000000,17.78000000,324.84060000,1667088298585,False,True
40084394,18.27000000,0.01000000,0.18270000,1667088298586,False,True
40084395,18.28000000,35.65000000,651.68200000,1667088300523,False,True
40084396,18.28000000,1.09000000,19.92520000,1667088311149,True,True
40084397,18.28000000,1.09000000,19.92520000,1667088311149,True,True
40084398,18.28000000,23.64000000,432.13920000,1667088311149,True,True
40084399,18.28000000,35.62000000,651.13360000,1667088311149,True,True
40084400,18.27000000,32.74000000,598.15980000,1667088312932,True,True
40084401,18.28000000,1.53000000,27.96840000,1667088317579,False,True
40084402,18.27000000,0.95000000,17.35650000,1667088323775,True,True
40084403,18.27000000,0.65000000,11.87550000,1667088324040,True,True
40084404,18.27000000,2.88000000,52.61760000,1667088324040,True,True
40084405,18.27000000,2.23000000,40.74210000,1667088328036,False,True
40084406,18.26000000,0.55000000,10.04300000,1667088339470,True,True
40084407,18.26000000,1.52000000,27.75520000,1667088339470,True,True
40084408,18.26000000,3.30000000,60.25800000,1667088339470,True,True
40084409,18.26000000,3.24000000,59.16240000,1667088339470,True,True
40084410,18.26000000,0.65000000,11.86900000,1667088339470,True,True
40084411,18.26000000,21.41000000,390.94660000,1667088345623,False,True
40084412,18.26000000,22.59000000,412.49340000,1667088345623,False,True
40084413,18.26000000,28.63000000,522.78380000,1667088345633,False,True
40084414,18.26000000,4.93000000,90.02180000,1667088345633,False,True
40084415,18.26000000,1.69000000,30.85940000,1667088357366,False,True
40084416,18.26000000,0.54000000,9.86040000,1667088357366,False,True
40084417,18.26000000,11.86000000,216.56360000,1667088357377,False,True
40084418,18.26000000,6.20000000,113.21200000,1667088357377,False,True
40084419,18.26000000,11.70000000,213.64200000,1667088357377,False,True
40084420,18.26000000,0.87000000,15.88620000,1667088377054,True,True
40084421,18.26000000,8.38000000,153.01880000,1667088380875,True,True
40084422,18.26000000,14.39000000,262.76140000,1667088382797,True,True
40084423,18.26000000,15.37000000,280.65620000,1667088382797,True,True
40084424,18.26000000,44.17000000,806.54420000,1667088383050,True,True
40084425,18.26000000,1.75000000,31.95500000,1667088383133,False,True
40084426,18.26000000,76.36000000,1394.33360000,1667088385603,False,True
40084427,18.26000000,23.64000000,431.66640000,1667088385603,False,True
40084428,18.26000000,34.09000000,622.48340000,1667088385603,False,True
40084429,18.26000000,30.46000000,556.19960000,1667088385603,False,True
40084430,18.26000000,1.11000000,20.26860000,1667088385603,False,True
40084431,18.26000000,1.11000000,20.26860000,1667088385603,False,True
40084432,18.26000000,50.26000000,917.74760000,1667088385603,False,True
40084433,18.26000000,1.09000000,19.90340000,1667088385603,False,True
40084434,18.26000000,1.09000000,19.90340000,1667088385603,False,True
40084435,18.26000000,1.09000000,19.90340000,1667088385603,False,True
40084436,18.26000000,1.09000000,19.90340000,1667088385603,False,True
40084437,18.26000000,12.40000000,226.42400000,1667088385603,False,True
40084438,18.26000000,6.20000000,113.21200000,1667088385603,False,True
40084439,18.26000000,11.70000000,213.64200000,1667088385603,False,True
40084440,18.26000000,14.70000000,268.42200000,1667088385603,False,True
40084441,18.26000000,12.69000000,231.71940000,1667088385603,False,True
40084442,18.26000000,0.01000000,0.18260000,1667088385656,False,True
40084443,18.27000000,21.41000000,391.16070000,1667088399933,False,True
40084444,18.27000000,0.65000000,11.87550000,1667088399933,False,True
40084445,18.27000000,1.71000000,31.24170000,1667088399933,False,True
40084446,18.27000000,30.46000000,556.50420000,1667088399939,False,True
40084447,18.27000000,9.19000000,167.90130000,1667088399944,False,True
40084448,18.27000000,2.23000000,40.74210000,1667088407315,True,True
40084449,18.28000000,0.65000000,11.88200000,1667088425019,False,True
40084450,18.28000000,3.24000000,59.22720000,1667088425019,False,True
40084451,18.28000000,3.30000000,60.32400000,1667088425019,False,True
40084452,18.29000000,0.87000000,15.91230000,1667088428279,False,True
40084453,18.29000000,3.24000000,59.25960000,1667088428279,False,True
40084454,18.29000000,3.30000000,60.35700000,1667088428279,False,True
40084455,18.30000000,38.22000000,699.42600000,1667088428813,False,True
40084456,18.30000000,31.21000000,571.14300000,1667088428813,False,True
40084457,18.30000000,12.00000000,219.60000000,1667088428813,False,True
40084458,18.30000000,81.99000000,1500.41700000,1667088428813,False,True
40084459,18.30000000,182.38000000,3337.55400000,1667088428813,False,True
40084460,18.30000000,18.46000000,337.81800000,1667088428813,False,True
40084461,18.30000000,3.24000000,59.29200000,1667088431307,False,True
40084462,18.30000000,3.30000000,60.39000000,1667088431307,False,True
40084463,18.30000000,9.19000000,168.17700000,1667088445792,True,True
40084464,18.31000000,0.87000000,15.92970000,1667088458448,False,True
40084465,18.31000000,0.55000000,10.07050000,1667088458448,False,True
40084466,18.31000000,72.23000000,1322.53130000,1667088458448,False,True
40084467,18.31000000,236.10000000,4322.99100000,1667088458448,False,True
40084468,18.31000000,13.93000000,255.05830000,1667088458450,False,True
40084469,18.31000000,60.85000000,1114.16350000,1667088458463,False,True
40084470,18.31000000,0.55000000,10.07050000,1667088458463,False,True
40084471,18.31000000,1.52000000,27.83120000,1667088458463,False,True
40084472,18.31000000,3.24000000,59.32440000,1667088458463,False,True
40084473,18.31000000,3.30000000,60.42300000,1667088458463,False,True
40084474,18.31000000,35.86000000,656.59660000,1667088459616,True,True
40084475,18.30000000,34.11000000,624.21300000,1667088459616,True,True
40084476,18.30000000,9.95000000,182.08500000,1667088459616,True,True
40084477,18.30000000,37.69000000,689.72700000,1667088459616,True,True
40084478,18.30000000,44.72000000,818.37600000,1667088459616,True,True
40084479,18.30000000,30.98000000,566.93400000,1667088459616,True,True
40084480,18.30000000,7.57000000,138.53100000,1667088459618,True,True
40084481,18.30000000,10.90000000,199.47000000,1667088459618,True,True
40084482,18.30000000,0.93000000,17.01900000,1667088476029,True,True
40084483,18.30000000,2.23000000,40.80900000,1667088478080,False,True
40084484,18.31000000,3.92000000,71.77520000,1667088502412,False,True
40084485,18.31000000,31.33000000,573.65230000,1667088502412,False,True
40084486,18.31000000,2.23000000,40.83130000,1667088502467,True,True
40084487,18.31000000,68.53000000,1254.78430000,1667088506531,True,True
40084488,18.31000000,36.75000000,672.89250000,1667088506541,True,True
40084489,18.31000000,20.59000000,377.00290000,1667088506541,True,True
40084490,18.31000000,3.02000000,55.29620000,1667088506543,True,True
40084491,18.30000000,10.56000000,193.24800000,1667088571501,False,True
40084492,18.30000000,3.41000000,62.40300000,1667088571501,False,True
40084493,18.29000000,6.35000000,116.14150000,1667088591052,True,True
40084494,18.30000000,20.79000000,380.45700000,1667088597986,False,True
40084495,18.30000000,13.32000000,243.75600000,1667088597987,False,True
40084496,18.30000000,1.07000000,19.58100000,1667088597987,False,True
40084497,18.30000000,9.17000000,167.81100000,1667088598069,False,True
40084498,18.31000000,9.61000000,175.95910000,1667088618223,False,True
40084499,18.31000000,16.87000000,308.88970000,1667088618223,False,True
40084500,18.31000000,2.22000000,40.64820000,1667088618272,True,True
40084501,18.31000000,9.17000000,167.90270000,1667088639710,True,True
40084502,18.31000000,2.21000000,40.46510000,1667088656673,True,True
40084503,18.31000000,6.64000000,121.57840000,1667088667903,True,True
40084504,18.31000000,1.00000000,18.31000000,1667088669672,True,True
40084505,18.31000000,39.87000000,730.01970000,1667088669672,True,True
40084506,18.31000000,11.66000000,213.49460000,1667088682297,False,True
40084507,18.31000000,11.66000000,213.49460000,1667088715530,True,True
40084508,18.31000000,5.21000000,95.39510000,1667088715541,True,True
40084509,18.31000000,15.23000000,278.86130000,1667088715541,True,True
40084510,18.31000000,3.67000000,67.19770000,1667088731412,False,True
40084511,18.31000000,11.70000000,214.22700000,1667088737550,False,True
40084512,18.31000000,6.20000000,113.52200000,1667088737550,False,True
40084513,18.31000000,44.00000000,805.64000000,1667088744469,True,True
40084514,18.30000000,1.90000000,34.77000000,1667088752998,True,True
40084515,18.30000000,0.10000000,1.83000000,1667088752998,True,True
40084516,18.30000000,0.92000000,16.83600000,1667088752998,True,True
40084517,18.30000000,0.88000000,16.10400000,1667088752998,True,True
40084518,18.30000000,1.30000000,23.79000000,1667088752999,True,True
40084519,18.30000000,0.60000000,10.98000000,1667088752999,True,True
40084520,18.30000000,1.90000000,34.77000000,1667088753001,True,True
40084521,18.30000000,1.90000000,34.77000000,1667088753002,True,True
40084522,18.30000000,1.90000000,34.77000000,1667088753002,True,True
40084523,18.30000000,48.57000000,888.83100000,1667088753004,True,True
40084524,18.30000000,3.00000000,54.90000000,1667088760962,False,True
40084525,18.29000000,1.00000000,18.29000000,1667088772917,True,True
40084526,18.29000000,0.87000000,15.91230000,1667088772917,True,True
40084527,18.29000000,3.30000000,60.35700000,1667088772917,True,True
40084528,18.29000000,3.24000000,59.25960000,1667088772917,True,True
40084529,18.29000000,1.09000000,19.93610000,1667088775392,False,True
40084530,18.29000000,1.09000000,19.93610000,1667088775392,False,True
40084531,18.29000000,0.03000000,0.54870000,1667088775392,False,True
40084532,18.29000000,1.06000000,19.38740000,1667088775404,False,True
40084533,18.29000000,1.09000000,19.93610000,1667088775404,False,True
40084534,18.29000000,2.15000000,39.32350000,1667088777683,True,True
40084535,18.29000000,1.00000000,18.29000000,1667088779428,True,True
40084536,18.28000000,1.09000000,19.92520000,1667088781816,True,True
40084537,18.28000000,2.21000000,40.39880000,1667088781991,True,True
40084538,18.28000000,3.24000000,59.22720000,1667088781991,True,True
40084539,18.28000000,33.47000000,611.83160000,1667088781991,True,True
40084540,18.28000000,1.09000000,19.92520000,1667088782033,False,True
40084541,18.28000000,1.13000000,20.65640000,1667088782033,False,True
40084542,18.27000000,13.83000000,252.67410000,1667088782922,True,True
40084543,18.27000000,0.87000000,15.89490000,1667088783388,True,True
40084544,18.27000000,0.65000000,11.87550000,1667088783388,True,True
40084545,18.27000000,2.22000000,40.55940000,1667088783436,False,True
40084546,18.27000000,1.09000000,19.91430000,1667088783672,False,True
40084547,18.27000000,1.09000000,19.91430000,1667088783672,False,True
40084548,18.27000000,63.33000000,1157.03910000,1667088786319,True,True
40084549,18.27000000,3.30000000,60.29100000,1667088786319,True,True
40084550,18.27000000,50.85000000,929.02950000,1667088786319,True,True
40084551,18.27000000,3.24000000,59.19480000,1667088786437,True,True
40084552,18.27000000,44.38000000,810.82260000,1667088786437,True,True
40084553,18.27000000,2.22000000,40.55940000,1667088787739,False,True
40084554,18.27000000,1.09000000,19.91430000,1667088788041,False,True
40084555,18.27000000,1.09000000,19.91430000,1667088788041,False,True
40084556,18.27000000,1.09000000,19.91430000,1667088788041,False,True
40084557,18.27000000,1.09000000,19.91430000,1667088788041,False,True
40084558,18.27000000,1.00000000,18.27000000,1667088788478,True,True
40084559,18.28000000,1.18000000,21.57040000,1667088789340,False,True
40084560,18.27000000,1.09000000,19.91430000,1667088793230,False,True
40084561,18.27000000,1.09000000,19.91430000,1667088793230,False,True
40084562,18.27000000,1.09000000,19.91430000,1667088793230,False,True
40084563,18.27000000,21.42000000,391.34340000,1667088842128,False,True
40084564,18.27000000,6.42000000,117.29340000,1667088842128,False,True
40084565,18.27000000,1.09000000,19.91430000,1667088842128,False,True
40084566,18.27000000,1.09000000,19.91430000,1667088842128,False,True
40084567,18.27000000,15.63000000,285.56010000,1667088842128,False,True
40084568,18.27000000,48.71000000,889.93170000,1667088842142,False,True
40084569,18.27000000,1.09000000,19.91430000,1667088842936,False,True
40084570,18.27000000,1.09000000,19.91430000,1667088842936,False,True
40084571,18.27000000,54.93000000,1003.57110000,1667088842936,False,True
40084572,18.28000000,12.82000000,234.34960000,1667088848733,False,True
40084573,18.28000000,8.33000000,152.27240000,1667088852796,False,True
40084574,18.28000000,3.19000000,58.31320000,1667088852843,False,True
40084575,18.28000000,23.64000000,432.13920000,1667088857782,True,True
40084576,18.28000000,37.73000000,689.70440000,1667088857782,True,True
40084577,18.28000000,1.09000000,19.92520000,1667088857874,False,True
40084578,18.28000000,1.09000000,19.92520000,1667088875111,False,True
40084579,18.28000000,1.09000000,19.92520000,1667088875111,False,True
40084580,18.29000000,14.62000000,267.39980000,1667088883732,False,True
40084581,18.28000000,37.54000000,686.23120000,1667088904999,True,True
40084582,18.28000000,33.40000000,610.55200000,1667088905097,False,True
40084583,18.28000000,6.42000000,117.35760000,1667088905097,False,True
40084584,18.28000000,1.09000000,19.92520000,1667088905097,False,True
40084585,18.28000000,71.09000000,1299.52520000,1667088905097,False,True
40084586,18.28000000,1.09000000,19.92520000,1667088907929,False,True
40084587,18.28000000,37.48000000,685.13440000,1667088907929,False,True
40084588,18.28000000,1.09000000,19.92520000,1667088907929,False,True
40084589,18.28000000,6.20000000,113.33600000,1667088907929,False,True
40084590,18.28000000,11.70000000,213.87600000,1667088907929,False,True
40084591,18.28000000,1.11000000,20.29080000,1667088907929,False,True
40084592,18.28000000,1.09000000,19.92520000,1667088907929,False,True
40084593,18.28000000,48.73000000,890.78440000,1667088907929,False,True
40084594,18.28000000,1.09000000,19.92520000,1667088907929,False,True
40084595,18.29000000,9.02000000,164.97580000,1667088908734,False,True
40084596,18.29000000,6.43000000,117.60470000,1667088908734,False,True
40084597,18.28000000,6.20000000,113.33600000,1667088932677,False,True
40084598,18.28000000,3.80000000,69.46400000,1667088932677,False,True
40084599,18.27000000,12.31000000,224.90370000,1667088938863,True,True
40084600,18.27000000,23.64000000,431.90280000,1667088938863,True,True
40084601,18.27000000,15.57000000,284.46390000,1667088938863,True,True
40084602,18.27000000,17.82000000,325.57140000,1667088938863,True,True
40084603,18.27000000,0.88000000,16.07760000,1667088942528,False,True
40084604,18.27000000,1.34000000,24.48180000,1667088942624,False,True
40084605,18.27000000,12.62000000,230.56740000,1667088946637,False,True
40084606,18.27000000,4.85000000,88.60950000,1667088946637,False,True
40084607,18.27000000,17.12000000,312.78240000,1667088947986,False,True
40084608,18.27000000,10.59000000,193.47930000,1667088952057,False,True
40084609,18.28000000,1.09000000,19.92520000,1667088953749,False,True
40084610,18.28000000,13.15000000,240.38200000,1667088953749,False,True
40084611,18.28000000,6.63000000,121.19640000,1667088968734,False,True
40084612,18.27000000,2.73000000,49.87710000,1667088980249,False,True
40084613,18.27000000,2.23000000,40.74210000,1667088981328,False,True
40084614,18.27000000,1.09000000,19.91430000,1667088986144,False,True
40084615,18.27000000,1.09000000,19.91430000,1667088986144,False,True
40084616,18.27000000,1.09000000,19.91430000,1667088986144,False,True
40084617,18.27000000,1.09000000,19.91430000,1667088986144,False,True
40084618,18.28000000,6.46000000,118.08880000,1667088988733,False,True
40084619,18.28000000,4.92000000,89.93760000,1667088991323,False,True
40084620,18.27000000,21.97000000,401.39190000,1667088997013,True,True
40084621,18.27000000,9.35000000,170.82450000,1667088998733,False,True
40084622,18.27000000,8.77000000,160.22790000,1667089028733,False,True
40084623,18.27000000,1.80000000,32.88600000,1667089029573,False,True
40084624,18.27000000,1.00000000,18.27000000,1667089034271,False,True
40084625,18.28000000,8.08000000,147.70240000,1667089053733,False,True
40084626,18.28000000,2.79000000,51.00120000,1667089054275,False,True
40084627,18.28000000,5.75000000,105.11000000,1667089054275,False,True
40084628,18.28000000,1.09000000,19.92520000,1667089054275,False,True
40084629,18.28000000,1.09000000,19.92520000,1667089054275,False,True
40084630,18.28000000,1.09000000,19.92520000,1667089054275,False,True
40084631,18.29000000,1.02000000,18.65580000,1667089055831,False,True
40084632,18.29000000,0.87000000,15.91230000,1667089058747,False,True
40084633,18.29000000,3.24000000,59.25960000,1667089058747,False,True
40084634,18.29000000,3.30000000,60.35700000,1667089058747,False,True
40084635,18.29000000,16.13000000,295.01770000,1667089058747,False,True
40084636,18.29000000,1.09000000,19.93610000,1667089058747,False,True
40084637,18.29000000,1.09000000,19.93610000,1667089058747,False,True
40084638,18.29000000,1.09000000,19.93610000,1667089058747,False,True
40084639,18.29000000,1.09000000,19.93610000,1667089058747,False,True
40084640,18.29000000,1.74000000,31.82460000,1667089067984,False,True
40084641,18.28000000,2.22000000,40.58160000,1667089071710,False,True
40084642,18.28000000,16.73000000,305.82440000,1667089071749,False,True
40084643,18.29000000,15.33000000,280.38570000,1667089073747,False,True
40084644,18.29000000,1.68000000,30.72720000,1667089082236,False,True
40084645,18.28000000,1.09000000,19.92520000,1667089088733,False,True
40084646,18.28000000,1.09000000,19.92520000,1667089088733,False,True
40084647,18.28000000,1.09000000,19.92520000,1667089088733,False,True
40084648,18.28000000,1.09000000,19.92520000,1667089088733,False,True
40084649,18.28000000,10.97000000,200.53160000,1667089088733,False,True
40084650,18.27000000,0.87000000,15.89490000,1667089110671,True,True
40084651,18.27000000,0.55000000,10.04850000,1667089110671,True,True
40084652,18.27000000,1.42000000,25.94340000,1667089110674,True,True
40084653,18.27000000,1.33000000,24.29910000,1667089110676,True,True
40084654,18.27000000,0.09000000,1.64430000,1667089110676,True,True
40084655,18.27000000,1.42000000,25.94340000,1667089110677,True,True
40084656,18.27000000,1.42000000,25.94340000,1667089110677,True,True
40084657,18.27000000,0.31000000,5.66370000,1667089110677,True,True
40084658,18.27000000,1.11000000,20.27970000,1667089110677,True,True
40084659,18.27000000,15.93000000,291.04110000,1667089116041,False,True
40084660,18.27000000,1.09000000,19.91430000,1667089116041,False,True
40084661,18.27000000,17.02000000,310.95540000,1667089122751,True,True
40084662,18.27000000,32.83000000,599.80410000,1667089122763,True,True
40084663,18.27000000,1.09000000,19.91430000,1667089133747,False,True
40084664,18.27000000,1.09000000,19.91430000,1667089133747,False,True
40084665,18.27000000,1.09000000,19.91430000,1667089133747,False,True
40084666,18.27000000,1.09000000,19.91430000,1667089133747,False,True
40084667,18.27000000,2.15000000,39.28050000,1667089133747,False,True
40084668,18.27000000,1.09000000,19.91430000,1667089148734,False,True
40084669,18.27000000,6.20000000,113.27400000,1667089148734,False,True
40084670,18.27000000,5.52000000,100.85040000,1667089148734,False,True
40084671,18.26000000,12.00000000,219.12000000,1667089151794,True,True
40084672,18.26000000,1.52000000,27.75520000,1667089151794,True,True
40084673,18.26000000,3.30000000,60.25800000,1667089151794,True,True
40084674,18.26000000,3.23000000,58.97980000,1667089151794,True,True
40084675,18.26000000,1.09000000,19.90340000,1667089153677,False,True
40084676,18.26000000,0.18000000,3.28680000,1667089153677,False,True
40084677,18.26000000,0.91000000,16.61660000,1667089155503,False,True
40084678,18.26000000,4.16000000,75.96160000,1667089170699,False,True
40084679,18.26000000,11.87000000,216.74620000,1667089183733,False,True
40084680,18.25000000,0.88000000,16.06000000,1667089198703,True,True
40084681,18.25000000,1.52000000,27.74000000,1667089198703,True,True
40084682,18.25000000,0.55000000,10.03750000,1667089198703,True,True
40084683,18.25000000,3.30000000,60.22500000,1667089198703,True,True
40084684,18.25000000,3.24000000,59.13000000,1667089198703,True,True
40084685,18.25000000,113.14000000,2064.80500000,1667089198703,True,True
40084686,18.25000000,6.58000000,120.08500000,1667089198703,True,True
40084687,18.24000000,0.88000000,16.05120000,1667089205937,True,True
40084688,18.24000000,0.69000000,12.58560000,1667089205937,True,True
40084689,18.24000000,0.69000000,12.58560000,1667089205937,True,True
40084690,18.24000000,0.55000000,10.03200000,1667089205937,True,True
40084691,18.24000000,2.31000000,42.13440000,1667089205937,True,True
40084692,18.24000000,5.12000000,93.38880000,1667089205938,True,True
40084693,18.25000000,9.35000000,170.63750000,1667089208733,False,True
40084694,18.24000000,3.30000000,60.19200000,1667089210264,True,True
40084695,18.23000000,1.52000000,27.70960000,1667089210281,True,True
40084696,18.23000000,6.87000000,125.24010000,1667089210281,True,True
40084697,18.23000000,32.38000000,590.28740000,1667089210281,True,True
40084698,18.23000000,0.91000000,16.58930000,1667089210883,True,True
40084699,18.23000000,1.59000000,28.98570000,1667089212075,True,True
40084700,18.23000000,3.24000000,59.06520000,1667089212075,True,True
40084701,18.22000000,0.88000000,16.03360000,1667089216137,True,True
40084702,18.22000000,3.02000000,55.02440000,1667089216137,True,True
40084703,18.22000000,1.73000000,31.52060000,1667089236861,True,True
40084704,18.23000000,0.65000000,11.84950000,1667089238447,False,True
40084705,18.22000000,2.23000000,40.63060000,1667089240114,True,True
40084706,18.23000000,8.68000000,158.23640000,1667089243733,False,True
40084707,18.23000000,3.51000000,63.98730000,1667089243733,False,True
40084708,18.22000000,3.02000000,55.02440000,1667089246557,True,True
40084709,18.22000000,3.30000000,60.12600000,1667089246557,True,True
40084710,18.22000000,1.33000000,24.23260000,1667089246557,True,True
40084711,18.22000000,6.42000000,116.97240000,1667089251305,False,True
40084712,18.22000000,1.09000000,19.85980000,1667089251305,False,True
40084713,18.22000000,1.09000000,19.85980000,1667089251305,False,True
40084714,18.22000000,6.42000000,116.97240000,1667089251305,False,True
40084715,18.22000000,1.09000000,19.85980000,1667089251305,False,True
40084716,18.22000000,25.07000000,456.77540000,1667089251428,False,True
40084717,18.22000000,1.09000000,19.85980000,1667089257378,False,True
40084718,18.22000000,1.09000000,19.85980000,1667089257378,False,True
40084719,18.22000000,2.42000000,44.09240000,1667089267341,True,True
40084720,18.23000000,14.55000000,265.24650000,1667089267681,False,True
40084721,18.23000000,12.48000000,227.51040000,1667089267681,False,True
40084722,18.23000000,40.38000000,736.12740000,1667089267681,False,True
40084723,18.23000000,63.52000000,1157.96960000,1667089267681,False,True
40084724,18.23000000,8.29000000,151.12670000,1667089268734,False,True
40084725,18.22000000,6.42000000,116.97240000,1667089298734,False,True
40084726,18.22000000,4.76000000,86.72720000,1667089298734,False,True
40084727,18.22000000,1.09000000,19.85980000,1667089303338,False,True
40084728,18.22000000,1.09000000,19.85980000,1667089303338,False,True
40084729,18.22000000,28.92000000,526.92240000,1667089303338,False,True
40084730,18.23000000,10.78000000,196.51940000,1667089309805,False,True
40084731,18.23000000,11.19000000,203.99370000,1667089309805,False,True
40084732,18.23000000,17.01000000,310.09230000,1667089309837,False,True
40084733,18.23000000,11.52000000,210.00960000,1667089309844,False,True
40084734,18.23000000,6.20000000,113.02600000,1667089309844,False,True
40084735,18.23000000,19.91000000,362.95930000,1667089309844,False,True
40084736,18.23000000,13.07000000,238.26610000,1667089309844,False,True
40084737,18.23000000,11.95000000,217.84850000,1667089324719,True,True
40084738,18.24000000,11.83000000,215.77920000,1667089328733,False,True
40084739,18.24000000,0.88000000,16.05120000,1667089358734,False,True
40084740,18.24000000,3.30000000,60.19200000,1667089358734,False,True
40084741,18.24000000,3.24000000,59.09760000,1667089358734,False,True
40084742,18.24000000,5.11000000,93.20640000,1667089358734,False,True
40084743,18.23000000,30.46000000,555.28580000,1667089373619,True,True
40084744,18.23000000,0.65000000,11.84950000,1667089373619,True,True
40084745,18.23000000,5.62000000,102.45260000,1667089388733,False,True
40084746,18.23000000,24.84000000,452.83320000,1667089395017,False,True
40084747,18.23000000,40.19000000,732.66370000,1667089395017,False,True
40084748,18.23000000,3.84000000,70.00320000,1667089395017,False,True
40084749,18.23000000,6.74000000,122.87020000,1667089403735,False,True
40084750,18.22000000,17.12000000,311.92640000,1667089418755,True,True
40084751,18.22000000,0.65000000,11.84300000,1667089419407,True,True
40084752,18.22000000,0.65000000,11.84300000,1667089419407,True,True
40084753,18.22000000,0.65000000,11.84300000,1667089419407,True,True
40084754,18.22000000,0.65000000,11.84300000,1667089419407,True,True
40084755,18.22000000,0.65000000,11.84300000,1667089419407,True,True
40084756,18.22000000,0.65000000,11.84300000,1667089419430,True,True
40084757,18.22000000,5.60000000,102.03200000,1667089419634,True,True
40084758,18.22000000,0.88000000,16.03360000,1667089419634,True,True
40084759,18.22000000,3.30000000,60.12600000,1667089419634,True,True
40084760,18.22000000,3.24000000,59.03280000,1667089419634,True,True
40084761,18.22000000,10.97000000,199.87340000,1667089433750,False,True
40084762,18.22000000,2.35000000,42.81700000,1667089433750,False,True
40084763,18.21000000,1.52000000,27.67920000,1667089436777,True,True
40084764,18.21000000,0.63000000,11.47230000,1667089436777,True,True
40084765,18.21000000,4.94000000,89.95740000,1667089436777,True,True
40084766,18.21000000,1.10000000,20.03100000,1667089436777,True,True
40084767,18.21000000,3.30000000,60.09300000,1667089436777,True,True
40084768,18.21000000,27.45000000,499.86450000,1667089436777,True,True
40084769,18.21000000,3.24000000,59.00040000,1667089436777,True,True
40084770,18.21000000,15.16000000,276.06360000,1667089436777,True,True
40084771,18.21000000,39.78000000,724.39380000,1667089440790,False,True
40084772,18.22000000,9.96000000,181.47120000,1667089443400,False,True
40084773,18.22000000,0.83000000,15.12260000,1667089443480,True,True
40084774,18.22000000,1.40000000,25.50800000,1667089443567,True,True
40084775,18.22000000,2.23000000,40.63060000,1667089443845,True,True
40084776,18.22000000,15.17000000,276.39740000,1667089448734,False,True
40084777,18.22000000,2.40000000,43.72800000,1667089450630,False,True
40084778,18.22000000,72.49000000,1320.76780000,1667089450630,False,True
40084779,18.22000000,4.38000000,79.80360000,1667089450643,False,True
40084780,18.22000000,18.80000000,342.53600000,1667089455582,True,True
40084781,18.21000000,4.84000000,88.13640000,1667089455617,True,True
40084782,18.22000000,18.80000000,342.53600000,1667089456527,False,True
40084783,18.22000000,24.45000000,445.47900000,1667089456527,False,True
40084784,18.22000000,1.13000000,20.58860000,1667089456529,False,True
40084785,18.22000000,0.42000000,7.65240000,1667089456529,False,True
40084786,18.22000000,12.70000000,231.39400000,1667089456529,False,True
40084787,18.22000000,6.20000000,112.96400000,1667089456529,False,True
40084788,18.22000000,2.33000000,42.45260000,1667089456529,False,True
40084789,18.22000000,11.84000000,215.72480000,1667089456532,False,True
40084790,18.22000000,0.53000000,9.65660000,1667089456535,False,True
40084791,18.22000000,14.80000000,269.65600000,1667089456535,False,True
40084792,18.22000000,2.00000000,36.44000000,1667089459375,True,True
40084793,18.23000000,3.30000000,60.15900000,1667089459863,False,True
40084794,18.23000000,3.24000000,59.06520000,1667089459863,False,True
40084795,18.23000000,11.14000000,203.08220000,1667089459863,False,True
40084796,18.23000000,2.36000000,43.02280000,1667089459873,False,True
40084797,18.23000000,44.00000000,802.12000000,1667089474725,True,True
40084798,18.23000000,6.10000000,111.20300000,1667089474726,True,True
40084799,18.23000000,19.18000000,349.65140000,1667089474726,True,True
40084800,18.23000000,4.46000000,81.30580000,1667089474738,True,True
40084801,18.22000000,11.70000000,213.17400000,1667089485019,False,True
40084802,18.22000000,6.20000000,112.96400000,1667089485019,False,True
40084803,18.22000000,12.30000000,224.10600000,1667089485019,False,True
40084804,18.22000000,12.30000000,224.10600000,1667089485019,False,True
40084805,18.23000000,6.57000000,119.77110000,1667089488733,False,True
40084806,18.22000000,1.94000000,35.34680000,1667089502890,True,True
40084807,18.22000000,1.09000000,19.85980000,1667089503033,False,True
40084808,18.22000000,0.41000000,7.47020000,1667089503033,False,True
40084809,18.22000000,6.40000000,116.60800000,1667089503044,False,True
40084810,18.22000000,6.40000000,116.60800000,1667089505853,True,True
40084811,18.22000000,2.23000000,40.63060000,1667089507756,True,True
40084812,18.22000000,1.09000000,19.85980000,1667089508733,False,True
40084813,18.22000000,1.09000000,19.85980000,1667089508733,False,True
40084814,18.22000000,6.20000000,112.96400000,1667089508733,False,True
40084815,18.22000000,0.78000000,14.21160000,1667089508733,False,True
40084816,18.22000000,2.23000000,40.63060000,1667089515082,True,True
40084817,18.22000000,2.23000000,40.63060000,1667089515124,True,True
40084818,18.22000000,4.26000000,77.61720000,1667089515444,True,True
40084819,18.21000000,3.30000000,60.09300000,1667089515893,True,True
40084820,18.21000000,0.18000000,3.27780000,1667089515893,True,True
40084821,18.22000000,3.48000000,63.40560000,1667089515984,True,True
40084822,18.21000000,6.00000000,109.26000000,1667089516015,True,True
40084823,18.22000000,5.87000000,106.95140000,1667089518243,True,True
40084824,18.22000000,0.71000000,12.93620000,1667089518296,True,True
40084825,18.22000000,5.16000000,94.01520000,1667089518296,True,True
40084826,18.22000000,9.06000000,165.07320000,1667089533733,False,True
40084827,18.21000000,3.30000000,60.09300000,1667089536874,True,True
40084828,18.21000000,30.67000000,558.50070000,1667089536874,True,True
40084829,18.20000000,0.88000000,16.01600000,1667089548745,True,True
40084830,18.20000000,0.11000000,2.00200000,1667089548745,True,True
40084831,18.20000000,5.01000000,91.18200000,1667089567666,True,True
40084832,18.21000000,7.54000000,137.30340000,1667089568733,False,True
40084833,18.21000000,8.21000000,149.50410000,1667089593733,False,True
40084834,18.21000000,4.71000000,85.76910000,1667089593733,False,True
40084835,18.20000000,1.38000000,25.11600000,1667089598403,True,True
40084836,18.20000000,2.69000000,48.95800000,1667089598403,True,True
40084837,18.20000000,0.74000000,13.46800000,1667089598403,True,True
40084838,18.20000000,1.71000000,31.12200000,1667089598403,True,True
40084839,18.20000000,0.72000000,13.10400000,1667089598403,True,True
40084840,18.20000000,1.71000000,31.12200000,1667089598403,True,True
40084841,18.20000000,3.24000000,58.96800000,1667089598403,True,True
40084842,18.20000000,3.30000000,60.06000000,1667089598403,True,True
40084843,18.20000000,0.64000000,11.64800000,1667089609592,True,True
40084844,18.21000000,8.56000000,155.87760000,1667089628733,False,True
40084845,18.21000000,10.38000000,189.01980000,1667089650768,False,True
40084846,18.21000000,35.62000000,648.64020000,1667089650768,False,True
40084847,18.21000000,11.34000000,206.50140000,1667089650768,False,True
40084848,18.21000000,28.97000000,527.54370000,1667089650816,False,True
40084849,18.21000000,15.55000000,283.16550000,1667089650816,False,True
40084850,18.21000000,2.10000000,38.24100000,1667089650894,True,True
40084851,18.22000000,0.88000000,16.03360000,1667089653733,False,True
40084852,18.22000000,0.65000000,11.84300000,1667089653733,False,True
40084853,18.22000000,3.30000000,60.12600000,1667089653733,False,True
40084854,18.22000000,1.28000000,23.32160000,1667089653733,False,True
40084855,18.21000000,0.65000000,11.83650000,1667089674813,True,True
40084856,18.21000000,11.11000000,202.31310000,1667089678733,False,True
40084857,18.21000000,1.09000000,19.84890000,1667089688733,False,True
40084858,18.21000000,1.09000000,19.84890000,1667089688733,False,True
40084859,18.21000000,10.04000000,182.82840000,1667089688733,False,True
40084860,18.20000000,12.00000000,218.40000000,1667089689718,True,True
40084861,18.21000000,1.66000000,30.22860000,1667089709430,False,True
40084862,18.21000000,12.30000000,223.98300000,1667089709430,False,True
40084863,18.21000000,6.20000000,112.90200000,1667089709430,False,True
40084864,18.21000000,12.30000000,223.98300000,1667089709430,False,True
40084865,18.21000000,1.09000000,19.84890000,1667089709430,False,True
40084866,18.21000000,1.09000000,19.84890000,1667089709430,False,True
40084867,18.22000000,0.65000000,11.84300000,1667089715517,False,True
40084868,18.22000000,30.46000000,554.98120000,1667089716223,True,True
40084869,18.21000000,11.07000000,201.58470000,1667089722836,True,True
40084870,18.21000000,0.37000000,6.73770000,1667089722836,True,True
40084871,18.22000000,2.81000000,51.19820000,1667089723733,False,True
40084872,18.21000000,11.44000000,208.32240000,1667089724836,True,True
40084873,18.21000000,11.44000000,208.32240000,1667089725836,True,True
40084874,18.21000000,11.06000000,201.40260000,1667089744833,True,True
40084875,18.21000000,0.65000000,11.83650000,1667089744833,True,True
40084876,18.21000000,28.29000000,515.16090000,1667089744833,True,True
40084877,18.21000000,1.77000000,32.23170000,1667089744840,True,True
40084878,18.21000000,2.75000000,50.07750000,1667089744840,True,True
40084879,18.21000000,2.81000000,51.17010000,1667089744842,True,True
40084880,18.20000000,3.30000000,60.06000000,1667089755346,True,True
40084881,18.20000000,3.24000000,58.96800000,1667089755346,True,True
40084882,18.20000000,0.88000000,16.01600000,1667089755346,True,True
40084883,18.20000000,30.46000000,554.37200000,1667089770912,False,True
40084884,18.20000000,23.25000000,423.15000000,1667089770912,False,True
40084885,18.20000000,18.98000000,345.43600000,1667089770912,False,True
40084886,18.20000000,35.62000000,648.28400000,1667089770912,False,True
40084887,18.20000000,27.61000000,502.50200000,1667089775107,True,True
40084888,18.20000000,23.29000000,423.87800000,1667089775107,True,True
40084889,18.20000000,38.24000000,695.96800000,1667089775107,True,True
40084890,18.20000000,11.86000000,215.85200000,1667089775107,True,True
40084891,18.20000000,23.29000000,423.87800000,1667089787414,False,True
40084892,18.20000000,1.09000000,19.83800000,1667089787414,False,True
40084893,18.20000000,1.09000000,19.83800000,1667089787414,False,True
40084894,18.19000000,1.53000000,27.83070000,1667089799755,True,True
40084895,18.19000000,0.55000000,10.00450000,1667089799755,True,True
40084896,18.19000000,40.26000000,732.32940000,1667089799755,True,True
40084897,18.19000000,23.64000000,430.01160000,1667089799755,True,True
40084898,18.19000000,2.23000000,40.56370000,1667089799792,False,True
40084899,18.19000000,21.41000000,389.44790000,1667089804804,False,True
40084900,18.19000000,1.09000000,19.82710000,1667089804804,False,True
40084901,18.19000000,1.09000000,19.82710000,1667089804804,False,True
40084902,18.19000000,20.93000000,380.71670000,1667089804804,False,True
40084903,18.19000000,0.80000000,14.55200000,1667089831912,False,True
40084904,18.19000000,1.09000000,19.82710000,1667089831912,False,True
40084905,18.19000000,12.30000000,223.73700000,1667089831912,False,True
40084906,18.19000000,11.70000000,212.82300000,1667089831912,False,True
40084907,18.19000000,4.57000000,83.12830000,1667089831912,False,True
40084908,18.19000000,7.73000000,140.60870000,1667089833573,False,True
40084909,18.19000000,6.20000000,112.77800000,1667089833573,False,True
40084910,18.19000000,17.05000000,310.13950000,1667089833573,False,True
40084911,18.19000000,1.09000000,19.82710000,1667089853318,False,True
40084912,18.18000000,0.88000000,15.99840000,1667089860858,True,True
40084913,18.18000000,1.40000000,25.45200000,1667089860858,True,True
40084914,18.19000000,1.09000000,19.82710000,1667089862317,False,True
40084915,18.19000000,1.09000000,19.82710000,1667089869033,False,True
40084916,18.19000000,1.11000000,20.19090000,1667089869033,False,True
40084917,18.19000000,1.09000000,19.82710000,1667089869033,False,True
40084918,18.19000000,5.88000000,106.95720000,1667089869033,False,True
40084919,18.19000000,5.82000000,105.86580000,1667089869694,False,True
40084920,18.19000000,1.11000000,20.19090000,1667089869694,False,True
40084921,18.19000000,0.79000000,14.37010000,1667089871738,True,True
40084922,18.19000000,23.64000000,430.01160000,1667089872183,True,True
40084923,18.18000000,0.13000000,2.36340000,1667089876790,True,True
40084924,18.18000000,0.69000000,12.54420000,1667089876790,True,True
40084925,18.18000000,2.99000000,54.35820000,1667089876790,True,True
40084926,18.18000000,1.11000000,20.17980000,1667089876790,True,True
40084927,18.18000000,1.67000000,30.36060000,1667089876790,True,True
40084928,18.18000000,0.84000000,15.27120000,1667089876790,True,True
40084929,18.18000000,9.76000000,177.43680000,1667089876790,True,True
40084930,18.18000000,3.30000000,59.99400000,1667089876790,True,True
40084931,18.18000000,3.24000000,58.90320000,1667089876790,True,True
40084932,18.18000000,23.64000000,429.77520000,1667089876790,True,True
40084933,18.18000000,1.01000000,18.36180000,1667089876790,True,True
40084934,18.18000000,34.61000000,629.20980000,1667089878914,True,True
40084935,18.18000000,38.29000000,696.11220000,1667089878914,True,True
40084936,18.18000000,1.85000000,33.63300000,1667089878914,True,True
40084937,18.17000000,0.69000000,12.53730000,1667089884552,True,True
40084938,18.17000000,0.71000000,12.90070000,1667089884552,True,True
40084939,18.17000000,4.89000000,88.85130000,1667089884552,True,True
40084940,18.17000000,3.30000000,59.96100000,1667089884552,True,True
40084941,18.17000000,3.24000000,58.87080000,1667089884552,True,True
40084942,18.17000000,38.21000000,694.27570000,1667089884552,True,True
40084943,18.17000000,1.62000000,29.43540000,1667089884732,False,True
40084944,18.18000000,6.20000000,112.71600000,1667089888470,False,True
40084945,18.18000000,1.75000000,31.81500000,1667089888517,True,True
40084946,18.18000000,4.16000000,75.62880000,1667089891832,True,True
40084947,18.18000000,17.59000000,319.78620000,1667089926015,True,True
40084948,18.18000000,47.28000000,859.55040000,1667089937573,False,True
40084949,18.18000000,23.00000000,418.14000000,1667089937573,False,True
40084950,18.18000000,38.26000000,695.56680000,1667089937573,False,True
40084951,18.19000000,3.30000000,60.02700000,1667089956098,False,True
40084952,18.19000000,3.24000000,58.93560000,1667089956098,False,True
40084953,18.19000000,0.65000000,11.82350000,1667089956098,False,True
40084954,18.19000000,21.90000000,398.36100000,1667089968771,True,True
40084955,18.20000000,0.56000000,10.19200000,1667089969990,False,True
40084956,18.20000000,0.88000000,16.01600000,1667089990161,False,True
40084957,18.20000000,3.30000000,60.06000000,1667089990161,False,True
40084958,18.20000000,4.95000000,90.09000000,1667089990161,False,True
40084959,18.20000000,6.04000000,109.92800000,1667089990178,False,True
40084960,18.20000000,7.14000000,129.94800000,1667089990178,False,True
40084961,18.20000000,1.98000000,36.03600000,1667089990306,False,True
40084962,18.20000000,1.87000000,34.03400000,1667089990601,False,True
40084963,18.20000000,5.78000000,105.19600000,1667089990601,False,True
40084964,18.20000000,5.21000000,94.82200000,1667089990610,False,True
40084965,18.20000000,0.41000000,7.46200000,1667089990610,False,True
40084966,18.20000000,10.58000000,192.55600000,1667089990613,False,True
40084967,18.21000000,5.49000000,99.97290000,1667089992234,False,True
40084968,18.20000000,2.06000000,37.49200000,1667089996537,True,True
40084969,18.20000000,20.00000000,364.00000000,1667089996556,True,True
40084970,18.20000000,17.65000000,321.23000000,1667089997184,True,True
40084971,18.20000000,38.21000000,695.42200000,1667089997206,True,True
40084972,18.20000000,33.16000000,603.51200000,1667089997206,True,True
40084973,18.20000000,43.21000000,786.42200000,1667089997227,True,True
40084974,18.20000000,23.64000000,430.24800000,1667089997227,True,True
40084975,18.20000000,24.97000000,454.45400000,1667089997227,True,True
40084976,18.19000000,16.36000000,297.58840000,1667090003841,True,True
40084977,18.19000000,21.93000000,398.90670000,1667090003841,True,True
40084978,18.19000000,35.17000000,639.74230000,1667090003841,True,True
40084979,18.19000000,10.40000000,189.17600000,1667090003855,True,True
40084980,18.19000000,1.11000000,20.19090000,1667090010485,False,True
40084981,18.19000000,1.11000000,20.19090000,1667090010485,False,True
40084982,18.19000000,5.07000000,92.22330000,1667090010485,False,True
40084983,18.20000000,30.46000000,554.37200000,1667090027554,True,True
40084984,18.20000000,38.54000000,701.42800000,1667090027554,True,True
40084985,18.20000000,38.25000000,696.15000000,1667090027554,True,True
40084986,18.20000000,2.23000000,40.58600000,1667090041327,True,True
40084987,18.20000000,1.09000000,19.83800000,1667090043401,False,True
40084988,18.20000000,1.09000000,19.83800000,1667090043401,False,True
40084989,18.20000000,2.23000000,40.58600000,1667090051756,True,True
40084990,18.20000000,7.53000000,137.04600000,1667090054031,True,True
40084991,18.20000000,9.63000000,175.26600000,1667090063847,True,True
40084992,18.20000000,5.27000000,95.91400000,1667090063996,True,True
40084993,18.20000000,4.36000000,79.35200000,1667090064022,True,True
40084994,18.20000000,2.18000000,39.67600000,1667090064048,True,True
40084995,18.19000000,5.05000000,91.85950000,1667090071682,True,True
40084996,18.19000000,17.83000000,324.32770000,1667090074885,True,True
40084997,18.19000000,39.73000000,722.68870000,1667090074885,True,True
40084998,18.19000000,39.14000000,711.95660000,1667090074885,True,True
40084999,18.19000000,41.37000000,752.52030000,1667090074885,True,True
40085000,18.18000000,14.30000000,259.97400000,1667090087681,True,True
40085001,18.19000000,1.41000000,25.64790000,1667090088110,False,True
40085002,18.19000000,0.56000000,10.18640000,1667090088784,False,True
40085003,18.19000000,12.32000000,224.10080000,1667090088914,False,True
40085004,18.19000000,14.29000000,259.93510000,1667090090677,True,True
40085005,18.19000000,5.56000000,101.13640000,1667090099811,True,True
40085006,18.18000000,5.56000000,101.08080000,1667090110415,True,True
40085007,18.19000000,51.69000000,940.24110000,1667090115037,True,True
40085008,18.18000000,5.57000000,101.26260000,1667090118541,True,True
40085009,18.18000000,1.04000000,18.90720000,1667090123576,True,True
40085010,18.18000000,0.65000000,11.81700000,1667090127089,True,True
40085011,18.18000000,3.24000000,58.90320000,1667090127089,True,True
40085012,18.18000000,0.88000000,15.99840000,1667090127089,True,True
40085013,18.18000000,2.40000000,43.63200000,1667090127089,True,True
40085014,18.18000000,39.80000000,723.56400000,1667090130211,True,True
40085015,18.18000000,4.20000000,76.35600000,1667090130211,True,True
40085016,18.18000000,2.23000000,40.54140000,1667090133305,False,True
40085017,18.17000000,9.37000000,170.25290000,1667090136510,True,True
40085018,18.18000000,21.41000000,389.23380000,1667090137962,False,True
40085019,18.18000000,50.55000000,918.99900000,1667090137962,False,True
40085020,18.18000000,6.80000000,123.62400000,1667090138832,True,True
40085021,18.18000000,23.64000000,429.77520000,1667090138832,True,True
40085022,18.18000000,37.07000000,673.93260000,1667090138832,True,True
40085023,18.18000000,30.46000000,553.76280000,1667090139616,False,True
40085024,18.18000000,18.91000000,343.78380000,1667090139616,False,True
40085025,18.18000000,53.18000000,966.81240000,1667090139616,False,True
40085026,18.18000000,7.28000000,132.35040000,1667090145176,True,True
40085027,18.18000000,8.27000000,150.34860000,1667090145248,True,True
40085028,18.19000000,0.65000000,11.82350000,1667090145681,False,True
40085029,18.19000000,37.64000000,684.67160000,1667090145681,False,True
40085030,18.20000000,0.88000000,16.01600000,1667090147105,False,True
40085031,18.20000000,3.30000000,60.06000000,1667090147105,False,True
40085032,18.20000000,3.24000000,58.96800000,1667090147105,False,True
40085033,18.20000000,1.00000000,18.20000000,1667090149782,True,True
40085034,18.20000000,19.29000000,351.07800000,1667090150518,True,True
40085035,18.20000000,19.29000000,351.07800000,1667090152507,True,True
40085036,18.20000000,3.97000000,72.25400000,1667090153509,True,True
40085037,18.20000000,15.32000000,278.82400000,1667090153509,True,True
40085038,18.20000000,4.45000000,80.99000000,1667090198022,True,True
40085039,18.21000000,0.65000000,11.83650000,1667090208409,False,True
40085040,18.21000000,3.30000000,60.09300000,1667090208409,False,True
40085041,18.21000000,3.24000000,59.00040000,1667090208409,False,True
40085042,18.21000000,32.48000000,591.46080000,1667090211127,True,True
40085043,18.21000000,10.56000000,192.29760000,1667090211135,True,True
40085044,18.20000000,35.80000000,651.56000000,1667090222856,True,True
40085045,18.20000000,10.98000000,199.83600000,1667090222856,True,True
40085046,18.20000000,10.98000000,199.83600000,1667090222856,True,True
40085047,18.20000000,10.98000000,199.83600000,1667090222856,True,True
40085048,18.20000000,2.23000000,40.58600000,1667090222900,False,True
40085049,18.19000000,37.64000000,684.67160000,1667090224283,True,True
40085050,18.19000000,16.54000000,300.86260000,1667090224283,True,True
40085051,18.19000000,25.41000000,462.20790000,1667090224283,True,True
40085052,18.19000000,0.65000000,11.82350000,1667090224283,True,True
40085053,18.19000000,3.30000000,60.02700000,1667090224283,True,True
40085054,18.19000000,3.24000000,58.93560000,1667090224283,True,True
40085055,18.19000000,31.55000000,573.89450000,1667090224283,True,True
40085056,18.19000000,138.21000000,2514.03990000,1667090282074,True,True
40085057,18.18000000,0.77000000,13.99860000,1667090298328,True,True
40085058,18.18000000,0.11000000,1.99980000,1667090304927,True,True
40085059,18.18000000,3.30000000,59.99400000,1667090304927,True,True
40085060,18.18000000,0.65000000,11.81700000,1667090304927,True,True
40085061,18.18000000,3.24000000,58.90320000,1667090304927,True,True
40085062,18.18000000,40.26000000,731.92680000,1667090304927,True,True
40085063,18.18000000,1.03000000,18.72540000,1667090309680,False,True
40085064,18.18000000,1.09000000,19.81620000,1667090320231,False,True
40085065,18.18000000,7.19000000,130.71420000,1667090335192,True,True
40085066,18.18000000,2.95000000,53.63100000,1667090335197,True,True
40085067,18.19000000,18.90000000,343.79100000,1667090355963,False,True
40085068,18.19000000,11.56000000,210.27640000,1667090355963,False,True
40085069,18.19000000,29.69000000,540.06110000,1667090355975,False,True
40085070,18.19000000,0.65000000,11.82350000,1667090355975,False,True
40085071,18.19000000,39.92000000,726.14480000,1667090355975,False,True
40085072,18.19000000,7.49000000,136.24310000,1667090356393,True,True
40085073,18.19000000,7.49000000,136.24310000,1667090356393,True,True
40085074,18.19000000,18.90000000,343.79100000,1667090356393,True,True
40085075,18.20000000,0.88000000,16.01600000,1667090366469,False,True
40085076,18.20000000,0.71000000,12.92200000,1667090366469,False,True
40085077,18.20000000,1.24000000,22.56800000,1667090366471,False,True
40085078,18.20000000,10.56000000,192.19200000,1667090399000,True,True
40085079,18.20000000,16.91000000,307.76200000,1667090399000,True,True
40085080,18.21000000,0.65000000,11.83650000,1667090408318,False,True
40085081,18.21000000,1.59000000,28.95390000,1667090408318,False,True
40085082,18.21000000,2.74000000,49.89540000,1667090408318,False,True
40085083,18.21000000,2.58000000,46.98180000,1667090408318,False,True
40085084,18.21000000,0.60000000,10.92600000,1667090413074,False,True
40085085,18.21000000,52.85000000,962.39850000,1667090416000,False,True
40085086,18.21000000,18.90000000,344.16900000,1667090416000,False,True
40085087,18.22000000,0.60000000,10.93200000,1667090433150,False,True
40085088,18.22000000,0.28000000,5.10160000,1667090433372,False,True
40085089,18.22000000,5.20000000,94.74400000,1667090433372,False,True
40085090,18.22000000,9.41000000,171.45020000,1667090438623,False,True
40085091,18.22000000,53.45000000,973.85900000,1667090438623,False,True
40085092,18.22000000,3.30000000,60.12600000,1667090438623,False,True
40085093,18.22000000,3.24000000,59.03280000,1667090438623,False,True
40085094,18.22000000,2.23000000,40.63060000,1667090438748,True,True
40085095,18.22000000,111.20000000,2026.06400000,1667090439327,False,True
40085096,18.22000000,2.22000000,40.44840000,1667090446011,True,True
40085097,18.23000000,1.53000000,27.89190000,1667090456715,False,True
40085098,18.23000000,2.74000000,49.95020000,1667090456715,False,True
40085099,18.23000000,10.57000000,192.69110000,1667090456715,False,True
40085100,18.23000000,3.30000000,60.15900000,1667090456715,False,True
40085101,18.23000000,3.24000000,59.06520000,1667090456715,False,True
40085102,18.23000000,10.97000000,199.98310000,1667090456715,False,True
40085103,18.23000000,1.11000000,20.23530000,1667090456715,False,True
40085104,18.23000000,1.11000000,20.23530000,1667090456715,False,True
40085105,18.23000000,1.09000000,19.87070000,1667090456715,False,True
40085106,18.23000000,1.09000000,19.87070000,1667090456715,False,True
40085107,18.23000000,10.14000000,184.85220000,1667090456715,False,True
40085108,18.23000000,41.32000000,753.26360000,1667090456715,False,True
40085109,18.23000000,5.29000000,96.43670000,1667090456820,False,True
40085110,18.23000000,2.22000000,40.47060000,1667090456939,True,True
40085111,18.24000000,0.88000000,16.05120000,1667090457725,False,True
40085112,18.24000000,10.94000000,199.54560000,1667090457725,False,True
40085113,18.24000000,0.55000000,10.03200000,1667090457725,False,True
40085114,18.24000000,1.53000000,27.90720000,1667090457725,False,True
40085115,18.24000000,0.69000000,12.58560000,1667090457725,False,True
40085116,18.24000000,0.69000000,12.58560000,1667090457725,False,True
40085117,18.24000000,9.60000000,175.10400000,1667090457725,False,True
40085118,18.24000000,81.11000000,1479.44640000,1667090457725,False,True
40085119,18.24000000,2.74000000,49.97760000,1667090457725,False,True
40085120,18.24000000,1.59000000,29.00160000,1667090457725,False,True
40085121,18.24000000,12.30000000,224.35200000,1667090457725,False,True
40085122,18.24000000,6.20000000,113.08800000,1667090457725,False,True
40085123,18.24000000,11.70000000,213.40800000,1667090457725,False,True
40085124,18.24000000,6.33000000,115.45920000,1667090457725,False,True
40085125,18.24000000,8.86000000,161.60640000,1667090466862,False,True
40085126,18.24000000,4.36000000,79.52640000,1667090483797,True,True
40085127,18.24000000,38.54000000,702.96960000,1667090493833,True,True
40085128,18.24000000,0.55000000,10.03200000,1667090499824,False,True
40085129,18.24000000,2.21000000,40.31040000,1667090501874,True,True
40085130,18.24000000,4.44000000,80.98560000,1667090550453,False,True
40085131,18.24000000,27.01000000,492.66240000,1667090550453,False,True
40085132,18.24000000,7.09000000,129.32160000,1667090550767,True,True
40085133,18.23000000,13.96000000,254.49080000,1667090563490,True,True
40085134,18.23000000,13.96000000,254.49080000,1667090563493,True,True
40085135,18.23000000,12.55000000,228.78650000,1667090563493,True,True
40085136,18.23000000,12.55000000,228.78650000,1667090563493,True,True
40085137,18.23000000,14.28000000,260.32440000,1667090563500,True,True
40085138,18.23000000,67.31000000,1227.06130000,1667090563500,True,True
40085139,18.23000000,13.39000000,244.09970000,1667090563500,True,True
40085140,18.23000000,73.33000000,1336.80590000,1667090563500,True,True
40085141,18.23000000,13.28000000,242.09440000,1667090563502,True,True
40085142,18.23000000,13.28000000,242.09440000,1667090592655,False,True
40085143,18.22000000,10.37000000,188.94140000,1667090595939,True,True
40085144,18.22000000,2.80000000,51.01600000,1667090595939,True,True
40085145,18.22000000,0.88000000,16.03360000,1667090611885,True,True
40085146,18.22000000,3.30000000,60.12600000,1667090611885,True,True
40085147,18.22000000,0.70000000,12.75400000,1667090656690,False,True
40085148,18.21000000,0.65000000,11.83650000,1667090680813,True,True
40085149,18.21000000,5.19000000,94.50990000,1667090680813,True,True
40085150,18.21000000,3.24000000,59.00040000,1667090680813,True,True
40085151,18.21000000,3.30000000,60.09300000,1667090680813,True,True
40085152,18.21000000,19.44000000,354.00240000,1667090686968,False,True
40085153,18.21000000,14.46000000,263.31660000,1667090686968,False,True
40085154,18.21000000,4.50000000,81.94500000,1667090686979,False,True
40085155,18.21000000,25.00000000,455.25000000,1667090687701,False,True
40085156,18.21000000,6.20000000,112.90200000,1667090687701,False,True
40085157,18.21000000,12.30000000,223.98300000,1667090687701,False,True
40085158,18.21000000,0.50000000,9.10500000,1667090687701,False,True
40085159,18.21000000,9.10000000,165.71100000,1667090689231,False,True
40085160,18.21000000,2.70000000,49.16700000,1667090689766,False,True
40085161,18.21000000,5.32000000,96.87720000,1667090689766,False,True
40085162,18.20000000,3.00000000,54.60000000,1667090694160,True,True
40085163,18.20000000,1.61000000,29.30200000,1667090716539,True,True
40085164,18.20000000,0.88000000,16.01600000,1667090728822,True,True
40085165,18.20000000,21.38000000,389.11600000,1667090728822,True,True
40085166,18.21000000,11.91000000,216.88110000,1667090761368,False,True
40085167,18.21000000,13.42000000,244.37820000,1667090761369,False,True
40085168,18.21000000,32.01000000,582.90210000,1667090761375,False,True
40085169,18.22000000,0.88000000,16.03360000,1667090770467,False,True
40085170,18.22000000,18.91000000,344.54020000,1667090775442,True,True
40085171,18.22000000,25.09000000,457.13980000,1667090775442,True,True
40085172,18.22000000,43.89000000,799.67580000,1667090775455,True,True
40085173,18.22000000,14.82000000,270.02040000,1667090775455,True,True
40085174,18.22000000,24.77000000,451.30940000,1667090775465,True,True
40085175,18.22000000,5.69000000,103.67180000,1667090775465,True,True
40085176,18.23000000,3.30000000,60.15900000,1667090846615,False,True
40085177,18.23000000,0.65000000,11.84950000,1667090846615,False,True
40085178,18.23000000,3.24000000,59.06520000,1667090846615,False,True
40085179,18.23000000,10.42000000,189.95660000,1667090846615,False,True
40085180,18.23000000,10.22000000,186.31060000,1667090846615,False,True
40085181,18.23000000,6.49000000,118.31270000,1667090846615,False,True
40085182,18.24000000,0.88000000,16.05120000,1667090856179,False,True
40085183,18.24000000,14.51000000,264.66240000,1667090856179,False,True
40085184,18.24000000,7.63000000,139.17120000,1667090856179,False,True
40085185,18.24000000,4.67000000,85.18080000,1667090856227,False,True
40085186,18.24000000,3.30000000,60.19200000,1667090856227,False,True
40085187,18.24000000,1.11000000,20.24640000,1667090856227,False,True
40085188,18.24000000,3.24000000,59.09760000,1667090856227,False,True
40085189,18.24000000,10.14000000,184.95360000,1667090859750,True,True
40085190,18.24000000,30.46000000,555.59040000,1667090859750,True,True
40085191,18.24000000,43.95000000,801.64800000,1667090859750,True,True
40085192,18.24000000,50.43000000,919.84320000,1667090859750,True,True
40085193,18.24000000,31.88000000,581.49120000,1667090859750,True,True
40085194,18.24000000,2.22000000,40.49280000,1667090884412,True,True
40085195,18.23000000,0.64000000,11.66720000,1667090890148,True,True
40085196,18.24000000,13.47000000,245.69280000,1667090909062,False,True
40085197,18.24000000,13.63000000,248.61120000,1667090909062,False,True
40085198,18.24000000,2.21000000,40.31040000,1667090916950,True,True
40085199,18.24000000,11.42000000,208.30080000,1667090916987,True,True
40085200,18.24000000,6.42000000,117.10080000,1667090916987,True,True
40085201,18.24000000,39.50000000,720.48000000,1667090916987,True,True
40085202,18.24000000,30.46000000,555.59040000,1667090919853,True,True
40085203,18.24000000,5.15000000,93.93600000,1667090936196,False,True
40085204,18.24000000,30.46000000,555.59040000,1667090946868,True,True
40085205,18.24000000,5.91000000,107.79840000,1667090946882,True,True
40085206,18.24000000,40.23000000,733.79520000,1667090946882,True,True
40085207,18.22000000,34.64000000,631.14080000,1667090962341,True,True
40085208,18.22000000,18.83000000,343.08260000,1667090962365,True,True
40085209,18.22000000,40.11000000,730.80420000,1667090962365,True,True
40085210,18.22000000,0.88000000,16.03360000,1667090962365,True,True
40085211,18.22000000,3.24000000,59.03280000,1667090962365,True,True
40085212,18.22000000,3.30000000,60.12600000,1667090962365,True,True
40085213,18.22000000,2.53000000,46.09660000,1667090962365,True,True
40085214,18.22000000,18.60000000,338.89200000,1667090962365,True,True
40085215,18.22000000,6.20000000,112.96400000,1667090962365,True,True
40085216,18.22000000,2.10000000,38.26200000,1667090963313,False,True
40085217,18.22000000,26.47000000,482.28340000,1667090963313,False,True
40085218,18.22000000,0.63000000,11.47860000,1667090977771,True,True
40085219,18.22000000,1.00000000,18.22000000,1667090981488,True,True
40085220,18.22000000,2.50000000,45.55000000,1667090990056,True,True
40085221,18.22000000,49.70000000,905.53400000,1667091010322,True,True
40085222,18.22000000,1.09000000,19.85980000,1667091010322,True,True
40085223,18.22000000,1.09000000,19.85980000,1667091010322,True,True
40085224,18.22000000,1.27000000,23.13940000,1667091014424,False,True
40085225,18.21000000,0.65000000,11.83650000,1667091030006,True,True
40085226,18.21000000,3.24000000,59.00040000,1667091030006,True,True
40085227,18.21000000,3.30000000,60.09300000,1667091030006,True,True
40085228,18.20000000,0.88000000,16.01600000,1667091033794,True,True
40085229,18.20000000,3.24000000,58.96800000,1667091033794,True,True
40085230,18.20000000,3.30000000,60.06000000,1667091033794,True,True
40085231,18.20000000,0.65000000,11.83000000,1667091048700,False,True
40085232,18.20000000,1.09000000,19.83800000,1667091050143,True,True
40085233,18.19000000,1.09000000,19.82710000,1667091050143,True,True
40085234,18.21000000,17.09000000,311.20890000,1667091063377,False,True
40085235,18.21000000,1.09000000,19.84890000,1667091063474,True,True
40085236,18.21000000,1.13000000,20.57730000,1667091063474,True,True
40085237,18.21000000,2.22000000,40.42620000,1667091068591,True,True
40085238,18.21000000,1.09000000,19.84890000,1667091068696,True,True
40085239,18.21000000,1.09000000,19.84890000,1667091068696,True,True
40085240,18.21000000,12.02000000,218.88420000,1667091080654,False,True
40085241,18.21000000,1.69000000,30.77490000,1667091090024,True,True
40085242,18.21000000,30.46000000,554.67660000,1667091112142,True,True
40085243,18.21000000,1.09000000,19.84890000,1667091112142,True,True
40085244,18.21000000,1.09000000,19.84890000,1667091112142,True,True
40085245,18.21000000,1.09000000,19.84890000,1667091112142,True,True
40085246,18.21000000,1.09000000,19.84890000,1667091112142,True,True
40085247,18.21000000,11.84000000,215.60640000,1667091114723,False,True
40085248,18.20000000,2.22000000,40.40400000,1667091125618,False,True
40085249,18.19000000,0.44000000,8.00360000,1667091157786,True,True
40085250,18.19000000,0.26000000,4.72940000,1667091157786,True,True
40085251,18.20000000,14.45000000,262.99000000,1667091211314,True,True
40085252,18.20000000,3.80000000,69.16000000,1667091212246,True,True
40085253,18.21000000,12.77000000,232.54170000,1667091227190,True,True
40085254,18.22000000,0.88000000,16.03360000,1667091229417,False,True
40085255,18.22000000,3.24000000,59.03280000,1667091229417,False,True
40085256,18.22000000,2.45000000,44.63900000,1667091229417,False,True
40085257,18.22000000,0.85000000,15.48700000,1667091229424,False,True
40085258,18.22000000,2.22000000,40.44840000,1667091240290,True,True
40085259,18.22000000,1.09000000,19.85980000,1667091244450,True,True
40085260,18.22000000,1.09000000,19.85980000,1667091244450,True,True
40085261,18.22000000,2.18000000,39.71960000,1667091244520,False,True
40085262,18.22000000,25.24000000,459.87280000,1667091244520,False,True
40085263,18.22000000,46.96000000,855.61120000,1667091274626,True,True
40085264,18.22000000,8.07000000,147.03540000,1667091274626,True,True
40085265,18.23000000,4.66000000,84.95180000,1667091291402,False,True
40085266,18.23000000,5.21000000,94.97830000,1667091291402,False,True
40085267,18.23000000,3.30000000,60.15900000,1667091291402,False,True
40085268,18.23000000,3.24000000,59.06520000,1667091291402,False,True
40085269,18.23000000,2.15000000,39.19450000,1667091295828,True,True
40085270,18.23000000,17.12000000,312.09760000,1667091296383,True,True
40085271,18.23000000,21.62000000,394.13260000,1667091296553,True,True
40085272,18.23000000,2.61000000,47.58030000,1667091296843,False,True
40085273,18.22000000,1.09000000,19.85980000,1667091320554,True,True
40085274,18.22000000,1.09000000,19.85980000,1667091320554,True,True
40085275,18.22000000,1.09000000,19.85980000,1667091320554,True,True
40085276,18.22000000,19.64000000,357.84080000,1667091330080,False,True
40085277,18.22000000,1.09000000,19.85980000,1667091331938,True,True
40085278,18.22000000,1.09000000,19.85980000,1667091331938,True,True
40085279,18.22000000,1.98000000,36.07560000,1667091358150,False,True
40085280,18.22000000,15.65000000,285.14300000,1667091358150,False,True
40085281,18.22000000,30.46000000,554.98120000,1667091358150,False,True
40085282,18.22000000,134.61000000,2452.59420000,1667091358150,False,True
40085283,18.22000000,19.44000000,354.19680000,1667091358446,True,True
40085284,18.22000000,1.09000000,19.85980000,1667091358446,True,True
40085285,18.22000000,0.09000000,1.63980000,1667091358446,True,True
40085286,18.22000000,1.00000000,18.22000000,1667091358459,True,True
40085287,18.22000000,1.09000000,19.85980000,1667091358459,True,True
40085288,18.22000000,1.09000000,19.85980000,1667091358459,True,True
40085289,18.22000000,1.37000000,24.96140000,1667091360774,False,True
40085290,18.21000000,10.41000000,189.56610000,1667091377936,True,True
40085291,18.21000000,3.30000000,60.09300000,1667091377936,True,True
40085292,18.21000000,3.24000000,59.00040000,1667091377936,True,True
40085293,18.20000000,0.88000000,16.01600000,1667091415660,True,True
40085294,18.20000000,3.30000000,60.06000000,1667091415660,True,True
40085295,18.20000000,3.24000000,58.96800000,1667091415660,True,True
40085296,18.20000000,7.42000000,135.04400000,1667091417048,False,True
40085297,18.20000000,1.95000000,35.49000000,1667091417058,False,True
40085298,18.21000000,14.48000000,263.68080000,1667091444936,False,True
40085299,18.20000000,0.84000000,15.28800000,1667091452603,False,True
40085300,18.20000000,0.85000000,15.47000000,1667091453966,False,True
40085301,18.21000000,9.90000000,180.27900000,1667091491505,False,True
40085302,18.21000000,16.23000000,295.54830000,1667091494378,False,True
40085303,18.21000000,8.75000000,159.33750000,1667091494926,False,True
40085304,18.21000000,4.64000000,84.49440000,1667091494927,False,True
40085305,18.21000000,40.96000000,745.88160000,1667091496356,True,True
40085306,18.21000000,8.74000000,159.15540000,1667091496387,True,True
40085307,18.21000000,18.90000000,344.16900000,1667091512452,True,True
40085308,18.20000000,7.96000000,144.87200000,1667091521842,False,True
40085309,18.20000000,1.33000000,24.20600000,1667091522478,False,True
40085310,18.20000000,1.09000000,19.83800000,1667091534339,True,True
40085311,18.19000000,6.53000000,118.78070000,1667091545309,True,True
40085312,18.19000000,3.30000000,60.02700000,1667091545309,True,True
40085313,18.19000000,1.09000000,19.82710000,1667091545309,True,True
40085314,18.19000000,1.09000000,19.82710000,1667091545309,True,True
40085315,18.19000000,1.09000000,19.82710000,1667091545309,True,True
40085316,18.19000000,1.09000000,19.82710000,1667091545309,True,True
40085317,18.19000000,33.94000000,617.36860000,1667091545309,True,True
40085318,18.19000000,5.35000000,97.31650000,1667091545634,False,True
40085319,18.19000000,5.35000000,97.31650000,1667091545634,False,True
40085320,18.19000000,9.61000000,174.80590000,1667091545634,False,True
40085321,18.19000000,1.09000000,19.82710000,1667091561152,False,True
40085322,18.19000000,23.03000000,418.91570000,1667091575374,True,True
40085323,18.19000000,1.75000000,31.83250000,1667091578523,False,True
40085324,18.19000000,4.01000000,72.94190000,1667091579706,True,True
40085325,18.19000000,4.02000000,73.12380000,1667091589336,False,True
40085326,18.19000000,17.80000000,323.78200000,1667091589336,False,True
40085327,18.20000000,10.72000000,195.10400000,1667091592983,False,True
40085328,18.19000000,5.49000000,99.86310000,1667091604948,True,True
40085329,18.18000000,0.88000000,15.99840000,1667091604948,True,True
40085330,18.18000000,0.69000000,12.54420000,1667091604948,True,True
40085331,18.18000000,1.53000000,27.81540000,1667091604948,True,True
40085332,18.18000000,5.52000000,100.35360000,1667091604948,True,True
40085333,18.18000000,3.24000000,58.90320000,1667091604948,True,True
40085334,18.18000000,3.30000000,59.99400000,1667091604948,True,True
40085335,18.18000000,18.90000000,343.60200000,1667091604948,True,True
40085336,18.18000000,4.97000000,90.35460000,1667091604948,True,True
40085337,18.19000000,7.55000000,137.33450000,1667091623312,True,True
40085338,18.20000000,3.65000000,66.43000000,1667091654014,False,True
40085339,18.20000000,0.84000000,15.28800000,1667091654039,False,True
40085340,18.18000000,30.65000000,557.21700000,1667091672351,True,True
40085341,18.18000000,20.13000000,365.96340000,1667091672351,True,True
40085342,18.18000000,2.23000000,40.54140000,1667091672447,False,True
40085343,18.17000000,49.41000000,897.77970000,1667091692780,True,True
40085344,18.18000000,15.21000000,276.51780000,1667091694871,False,True
40085345,18.18000000,30.46000000,553.76280000,1667091697758,True,True
40085346,18.18000000,15.22000000,276.69960000,1667091706487,True,True
40085347,18.18000000,46.92000000,853.00560000,1667091706487,True,True
40085348,18.18000000,19.97000000,363.05460000,1667091706487,True,True
40085349,18.18000000,46.92000000,853.00560000,1667091708615,False,True
40085350,18.18000000,46.94000000,853.36920000,1667091708615,False,True
40085351,18.18000000,18.71000000,340.14780000,1667091708615,False,True
40085352,18.19000000,0.61000000,11.09590000,1667091711028,False,True
40085353,18.19000000,9.94000000,180.80860000,1667091723497,False,True
40085354,18.19000000,8.56000000,155.70640000,1667091723508,False,True
40085355,18.19000000,13.38000000,243.38220000,1667091723515,False,True
40085356,18.20000000,0.88000000,16.01600000,1667091732778,False,True
40085357,18.20000000,3.30000000,60.06000000,1667091732778,False,True
40085358,18.20000000,3.24000000,58.96800000,1667091732778,False,True
40085359,18.20000000,10.14000000,184.54800000,1667091733508,True,True
40085360,18.20000000,3.23000000,58.78600000,1667091733508,True,True
40085361,18.19000000,2.23000000,40.56370000,1667091733530,True,True
40085362,18.20000000,46.81000000,851.94200000,1667091740924,True,True
40085363,18.20000000,19.78000000,359.99600000,1667091747847,False,True
40085364,18.20000000,0.96000000,17.47200000,1667091765909,True,True
40085365,18.20000000,27.87000000,507.23400000,1667091781699,True,True
40085366,18.21000000,3.24000000,59.00040000,1667091784370,False,True
40085367,18.21000000,3.30000000,60.09300000,1667091784370,False,True
40085368,18.21000000,0.80000000,14.56800000,1667091784370,False,True
40085369,18.21000000,16.91000000,307.93110000,1667091784370,False,True
40085370,18.21000000,8.78000000,159.88380000,1667091784376,False,True
40085371,18.22000000,0.88000000,16.03360000,1667091787751,False,True
40085372,18.22000000,4.30000000,78.34600000,1667091787751,False,True
40085373,18.22000000,0.97000000,17.67340000,1667091795097,False,True
40085374,18.22000000,3.30000000,60.12600000,1667091796491,False,True
40085375,18.22000000,41.08000000,748.47760000,1667091848152,True,True
40085376,18.22000000,9.94000000,181.10680000,1667091848152,True,True
40085377,18.22000000,19.84000000,361.48480000,1667091866338,True,True
40085378,18.22000000,28.07000000,511.43540000,1667091884066,True,True
40085379,18.23000000,1.53000000,27.89190000,1667091895521,False,True
40085380,18.23000000,13.93000000,253.94390000,1667091895521,False,True
40085381,18.22000000,10.07000000,183.47540000,1667091900068,True,True
40085382,18.22000000,0.65000000,11.84300000,1667091910351,False,True
40085383,18.22000000,0.55000000,10.02100000,1667091912035,False,True
40085384,18.22000000,2.06000000,37.53320000,1667091927971,True,True
40085385,18.21000000,10.92000000,198.85320000,1667091945737,True,True
40085386,18.22000000,27.03000000,492.48660000,1667091990962,False,True
40085387,18.22000000,10.07000000,183.47540000,1667091991040,False,True
40085388,18.23000000,10.01000000,182.48230000,1667092004623,False,True
40085389,18.23000000,9.77000000,178.10710000,1667092004623,False,True
40085390,18.23000000,3.30000000,60.15900000,1667092004623,False,True
40085391,18.23000000,5.56000000,101.35880000,1667092004623,False,True
40085392,18.22000000,1.72000000,31.33840000,1667092026232,True,True
40085393,18.23000000,6.48000000,118.13040000,1667092032325,False,True
40085394,18.23000000,1.37000000,24.97510000,1667092069834,False,True
40085395,18.22000000,27.42000000,499.59240000,1667092080838,True,True
40085396,18.22000000,12.16000000,221.55520000,1667092098199,False,True
40085397,18.23000000,36.47000000,664.84810000,1667092098199,False,True
40085398,18.23000000,9.95000000,181.38850000,1667092098199,False,True
40085399,18.23000000,0.14000000,2.55220000,1667092098199,False,True
40085400,18.23000000,24.89000000,453.74470000,1667092134095,False,True
40085401,18.23000000,8.76000000,159.69480000,1667092134095,False,True
40085402,18.22000000,1.09000000,19.85980000,1667092138721,True,True
40085403,18.22000000,1.09000000,19.85980000,1667092138721,True,True
40085404,18.22000000,1.09000000,19.85980000,1667092138721,True,True
40085405,18.22000000,1.09000000,19.85980000,1667092138721,True,True
40085406,18.21000000,12.39000000,225.62190000,1667092149182,True,True
40085407,18.21000000,13.67000000,248.93070000,1667092149182,True,True
40085408,18.21000000,34.70000000,631.88700000,1667092149182,True,True
40085409,18.21000000,22.86000000,416.28060000,1667092149182,True,True
40085410,18.21000000,3.24000000,59.00040000,1667092149182,True,True
40085411,18.21000000,3.30000000,60.09300000,1667092149182,True,True
40085412,18.21000000,19.98000000,363.83580000,1667092149182,True,True
40085413,18.21000000,18.60000000,338.70600000,1667092149182,True,True
40085414,18.21000000,6.20000000,112.90200000,1667092149182,True,True
40085415,18.21000000,21.21000000,386.23410000,1667092156358,True,True
40085416,18.21000000,27.20000000,495.31200000,1667092156358,True,True
40085417,18.21000000,1.09000000,19.84890000,1667092156358,True,True
40085418,18.21000000,1.09000000,19.84890000,1667092156358,True,True
40085419,18.21000000,1.09000000,19.84890000,1667092156358,True,True
40085420,18.21000000,1.09000000,19.84890000,1667092156358,True,True
40085421,18.21000000,28.22000000,513.88620000,1667092156358,True,True
40085422,18.21000000,18.72000000,340.89120000,1667092156358,True,True
40085423,18.21000000,25.69000000,467.81490000,1667092156358,True,True
40085424,18.21000000,2.22000000,40.42620000,1667092156391,False,True
40085425,18.21000000,43.57000000,793.40970000,1667092158781,False,True
40085426,18.21000000,40.70000000,741.14700000,1667092158801,False,True
40085427,18.21000000,8.56000000,155.87760000,1667092158831,False,True
40085428,18.21000000,8.56000000,155.87760000,1667092158930,False,True
40085429,18.21000000,12.90000000,234.90900000,1667092158981,False,True
40085430,18.21000000,6.20000000,112.90200000,1667092158981,False,True
40085431,18.21000000,5.77000000,105.07170000,1667092159011,False,True
40085432,18.21000000,10.74000000,195.57540000,1667092159250,False,True
40085433,18.21000000,38.40000000,699.26400000,1667092159400,False,True
40085434,18.21000000,11.74000000,213.78540000,1667092159405,False,True
40085435,18.21000000,8.59000000,156.42390000,1667092159410,False,True
40085436,18.21000000,9.20000000,167.53200000,1667092159411,False,True
40085437,18.21000000,440.00000000,8012.40000000,1667092159411,False,True
40085438,18.21000000,11.71000000,213.23910000,1667092159412,False,True
40085439,18.21000000,7.80000000,142.03800000,1667092159413,False,True
40085440,18.21000000,320.00000000,5827.20000000,1667092159414,False,True
40085441,18.21000000,1.09000000,19.84890000,1667092159415,False,True
40085442,18.21000000,1.09000000,19.84890000,1667092159417,False,True
40085443,18.21000000,163.04000000,2968.95840000,1667092159417,False,True
40085444,18.21000000,120.00000000,2185.20000000,1667092159417,False,True
40085445,18.21000000,1.09000000,19.84890000,1667092159419,False,True
40085446,18.21000000,260.00000000,4734.60000000,1667092159419,False,True
40085447,18.21000000,6.78000000,123.46380000,1667092159421,False,True
40085448,18.21000000,14.07000000,256.21470000,1667092159425,False,True
40085449,18.21000000,2.15000000,39.15150000,1667092159426,False,True
40085450,18.22000000,1.15000000,20.95300000,1667092160079,False,True
40085451,18.22000000,0.67000000,12.20740000,1667092160083,False,True
40085452,18.22000000,0.91000000,16.58020000,1667092160576,False,True
40085453,18.22000000,1.09000000,19.85980000,1667092180068,True,True
40085454,18.22000000,8.95000000,163.06900000,1667092180068,True,True
40085455,18.22000000,1.00000000,18.22000000,1667092180090,True,True
40085456,18.22000000,1.09000000,19.85980000,1667092180090,True,True
40085457,18.22000000,1.09000000,19.85980000,1667092180090,True,True
40085458,18.22000000,1.09000000,19.85980000,1667092180090,True,True
40085459,18.21000000,1.09000000,19.84890000,1667092204196,True,True
40085460,18.21000000,0.05000000,0.91050000,1667092204196,True,True
40085461,18.21000000,1.04000000,18.93840000,1667092204199,True,True
40085462,18.21000000,0.10000000,1.82100000,1667092204199,True,True
40085463,18.21000000,0.99000000,18.02790000,1667092204199,True,True
40085464,18.21000000,0.15000000,2.73150000,1667092204199,True,True
40085465,18.21000000,0.94000000,17.11740000,1667092204200,True,True
40085466,18.20000000,0.88000000,16.01600000,1667092257745,True,True
40085467,18.20000000,3.30000000,60.06000000,1667092257745,True,True
40085468,18.20000000,1.09000000,19.83800000,1667092257745,True,True
40085469,18.20000000,1.09000000,19.83800000,1667092257745,True,True
40085470,18.20000000,2.40000000,43.68000000,1667092257745,True,True
40085471,18.20000000,38.82000000,706.52400000,1667092257745,True,True
40085472,18.20000000,1.75000000,31.85000000,1667092290601,True,True
40085473,18.20000000,6.47000000,117.75400000,1667092295408,True,True
40085474,18.19000000,3.24000000,58.93560000,1667092315342,True,True
40085475,18.19000000,3.30000000,60.02700000,1667092315342,True,True
40085476,18.19000000,50.07000000,910.77330000,1667092315342,True,True
40085477,18.19000000,50.00000000,909.50000000,1667092315342,True,True
40085478,18.18000000,0.88000000,15.99840000,1667092323079,True,True
40085479,18.18000000,1.53000000,27.81540000,1667092323079,True,True
40085480,18.18000000,3.24000000,58.90320000,1667092323079,True,True
40085481,18.18000000,3.30000000,59.99400000,1667092323079,True,True
40085482,18.18000000,47.07000000,855.73260000,1667092327229,False,True
40085483,18.18000000,17.84000000,324.33120000,1667092327229,False,True
40085484,18.18000000,30.46000000,553.76280000,1667092327229,False,True
40085485,18.18000000,11.24000000,204.34320000,1667092327229,False,True
40085486,18.18000000,4.27000000,77.62860000,1667092327244,False,True
40085487,18.18000000,21.44000000,389.77920000,1667092334433,True,True
40085488,18.18000000,30.46000000,553.76280000,1667092363484,True,True
40085489,18.18000000,22.48000000,408.68640000,1667092363484,True,True
40085490,18.18000000,19.58000000,355.96440000,1667092363484,True,True
40085491,18.18000000,19.89000000,361.60020000,1667092363484,True,True
40085492,18.18000000,3.00000000,54.54000000,1667092376609,True,True
40085493,18.19000000,1.39000000,25.28410000,1667092389466,False,True
40085494,18.19000000,175.03000000,3183.79570000,1667092392683,True,True
40085495,18.19000000,47.08000000,856.38520000,1667092392683,True,True
40085496,18.19000000,1.09000000,19.82710000,1667092392683,True,True
40085497,18.19000000,12.87000000,234.10530000,1667092392683,True,True
40085498,18.19000000,1.09000000,19.82710000,1667092392683,True,True
40085499,18.19000000,22.62000000,411.45780000,1667092392683,True,True
40085500,18.19000000,1.09000000,19.82710000,1667092392683,True,True
40085501,18.19000000,41.91000000,762.34290000,1667092392683,True,True
40085502,18.19000000,1.09000000,19.82710000,1667092392683,True,True
40085503,18.19000000,182.98000000,3328.40620000,1667092392683,True,True
40085504,18.19000000,24.73000000,449.83870000,1667092392683,True,True
40085505,18.19000000,23.20000000,422.00800000,1667092392683,True,True
40085506,18.19000000,14.80000000,269.21200000,1667092392683,True,True
40085507,18.19000000,12.70000000,231.01300000,1667092392683,True,True
40085508,18.19000000,14.70000000,267.39300000,1667092392683,True,True
40085509,18.19000000,12.30000000,223.73700000,1667092392683,True,True
40085510,18.19000000,42.72000000,777.07680000,1667092392683,True,True
40085511,18.19000000,319.30000000,5808.06700000,1667092392683,True,True
40085512,18.19000000,111.12000000,2021.27280000,1667092392683,True,True
40085513,18.19000000,23.53000000,428.01070000,1667092392683,True,True
40085514,18.18000000,44.02000000,800.28360000,1667092392683,True,True
40085515,18.18000000,138.21000000,2512.65780000,1667092392683,True,True
40085516,18.18000000,17.84000000,324.33120000,1667092392683,True,True
40085517,18.18000000,66.05000000,1200.78900000,1667092392683,True,True
40085518,18.18000000,19.85000000,360.87300000,1667092392683,True,True
40085519,18.18000000,53.50000000,972.63000000,1667092392683,True,True
40085520,18.18000000,88.00000000,1599.84000000,1667092392683,True,True
40085521,18.18000000,11.53000000,209.61540000,1667092392683,True,True
40085522,18.18000000,24.57000000,446.68260000,1667092392683,True,True
40085523,18.18000000,49.48000000,899.54640000,1667092392683,True,True
40085524,18.18000000,120.69000000,2194.14420000,1667092392683,True,True
40085525,18.17000000,0.56000000,10.17520000,1667092392683,True,True
40085526,18.17000000,0.69000000,12.53730000,1667092392683,True,True
40085527,18.17000000,3.27000000,59.41590000,1667092392683,True,True
40085528,18.17000000,9.60000000,174.43200000,1667092392683,True,True
40085529,18.17000000,23.94000000,434.98980000,1667092392683,True,True
40085530,18.17000000,23.11000000,419.90870000,1667092392683,True,True
40085531,18.17000000,17.94000000,325.96980000,1667092392683,True,True
40085532,18.17000000,3.30000000,59.96100000,1667092392683,True,True
40085533,18.17000000,72.95000000,1325.50150000,1667092392683,True,True
40085534,18.17000000,49.53000000,899.96010000,1667092392683,True,True
40085535,18.17000000,50.14000000,911.04380000,1667092392683,True,True
40085536,18.17000000,74.51000000,1353.84670000,1667092392683,True,True
40085537,18.17000000,9.32000000,169.34440000,1667092392683,True,True
40085538,18.17000000,95.25000000,1730.69250000,1667092392683,True,True
40085539,18.17000000,82.56000000,1500.11520000,1667092392683,True,True
40085540,18.17000000,13.54000000,246.02180000,1667092392683,True,True
40085541,18.17000000,75.23000000,1366.92910000,1667092392683,True,True
40085542,18.16000000,0.88000000,15.98080000,1667092392683,True,True
40085543,18.16000000,1.53000000,27.78480000,1667092392683,True,True
40085544,18.16000000,6.87000000,124.75920000,1667092392683,True,True
40085545,18.16000000,0.61000000,11.07760000,1667092392683,True,True
40085546,18.16000000,1.34000000,24.33440000,1667092392683,True,True
40085547,18.16000000,0.61000000,11.07760000,1667092392683,True,True
40085548,18.16000000,3.76000000,68.28160000,1667092392683,True,True
40085549,18.16000000,1.16000000,21.06560000,1667092392683,True,True
40085550,18.16000000,11.94000000,216.83040000,1667092392683,True,True
40085551,18.16000000,15.00000000,272.40000000,1667092392683,True,True
40085552,18.16000000,2.11000000,38.31760000,1667092392683,True,True
40085553,18.16000000,0.69000000,12.53040000,1667092392683,True,True
40085554,18.16000000,1.39000000,25.24240000,1667092392683,True,True
40085555,18.16000000,0.56000000,10.16960000,1667092392683,True,True
40085556,18.16000000,1.34000000,24.33440000,1667092392683,True,True
40085557,18.16000000,1.59000000,28.87440000,1667092392683,True,True
40085558,18.16000000,3.50000000,63.56000000,1667092392683,True,True
40085559,18.16000000,84.39000000,1532.52240000,1667092392683,True,True
40085560,18.16000000,36.17000000,656.84720000,1667092392683,True,True
40085561,18.16000000,6.62000000,120.21920000,1667092392683,True,True
40085562,18.16000000,10.94000000,198.67040000,1667092392683,True,True
40085563,18.16000000,51.60000000,937.05600000,1667092392683,True,True
40085564,18.16000000,65.97000000,1198.01520000,1667092392683,True,True
40085565,18.16000000,10.00000000,181.60000000,1667092392683,True,True
40085566,18.16000000,160.82000000,2920.49120000,1667092392683,True,True
40085567,18.16000000,1.11000000,20.15760000,1667092392683,True,True
40085568,18.16000000,60.26000000,1094.32160000,1667092392683,True,True
40085569,18.16000000,221.17000000,4016.44720000,1667092392683,True,True
40085570,18.16000000,6.00000000,108.96000000,1667092392683,True,True
40085571,18.16000000,9.60000000,174.33600000,1667092392683,True,True
40085572,18.16000000,1.60000000,29.05600000,1667092392683,True,True
40085573,18.16000000,3.24000000,58.83840000,1667092392683,True,True
40085574,18.16000000,0.95000000,17.25200000,1667092392683,True,True
40085575,18.16000000,44.09000000,800.67440000,1667092392683,True,True
40085576,18.16000000,143.58000000,2607.41280000,1667092392683,True,True
40085577,18.16000000,206.67000000,3753.12720000,1667092392683,True,True
40085578,18.19000000,11.86000000,215.73340000,1667092392724,False,True
40085579,18.18000000,4.06000000,73.81080000,1667092392744,True,True
40085580,18.18000000,12.71000000,231.06780000,1667092392744,True,True
40085581,18.18000000,11.70000000,212.70600000,1667092392744,True,True
40085582,18.18000000,9.13000000,165.98340000,1667092392834,False,True
40085583,18.18000000,9.13000000,165.98340000,1667092392849,False,True
40085584,18.18000000,9.13000000,165.98340000,1667092392865,False,True
40085585,18.18000000,4.63000000,84.17340000,1667092393831,False,True
40085586,18.19000000,0.88000000,16.00720000,1667092394798,True,True
40085587,18.19000000,36.52000000,664.29880000,1667092399437,True,True
40085588,18.19000000,7.48000000,136.06120000,1667092399437,True,True
40085589,18.19000000,12.42000000,225.91980000,1667092399521,True,True
40085590,18.19000000,9.13000000,166.07470000,1667092420535,True,True
40085591,18.19000000,12.30000000,223.73700000,1667092420535,True,True
40085592,18.19000000,12.30000000,223.73700000,1667092420535,True,True
40085593,18.19000000,0.86000000,15.64340000,1667092420670,False,True
40085594,18.19000000,0.86000000,15.64340000,1667092423129,False,True
40085595,18.19000000,3.53000000,64.21070000,1667092423199,False,True
40085596,18.19000000,4.31000000,78.39890000,1667092423263,False,True
40085597,18.20000000,0.88000000,16.01600000,1667092442447,False,True
40085598,18.20000000,2.75000000,50.05000000,1667092442447,False,True
40085599,18.20000000,1.34000000,24.38800000,1667092442447,False,True
40085600,18.20000000,0.25000000,4.55000000,1667092442458,False,True
40085601,18.21000000,8.98000000,163.52580000,1667092476560,False,True
40085602,18.21000000,1.53000000,27.86130000,1667092476560,False,True
40085603,18.21000000,46.30000000,843.12300000,1667092476560,False,True
40085604,18.21000000,2.74000000,49.89540000,1667092476560,False,True
40085605,18.21000000,2.65000000,48.25650000,1667092476560,False,True
40085606,18.21000000,3.30000000,60.09300000,1667092508616,False,True
40085607,18.21000000,27.79000000,506.05590000,1667092508616,False,True
40085608,18.22000000,0.88000000,16.03360000,1667092534923,False,True
40085609,18.22000000,0.56000000,10.20320000,1667092534923,False,True
40085610,18.22000000,8.18000000,149.03960000,1667092534923,False,True
40085611,18.22000000,9.64000000,175.64080000,1667092534966,False,True
40085612,18.22000000,1.59000000,28.96980000,1667092534966,False,True
40085613,18.22000000,1.61000000,29.33420000,1667092534966,False,True
40085614,18.22000000,1.13000000,20.58860000,1667092534992,False,True
40085615,18.22000000,3.24000000,59.03280000,1667092534992,False,True
40085616,18.22000000,3.30000000,60.12600000,1667092534992,False,True
40085617,18.22000000,18.04000000,328.68880000,1667092534992,False,True
40085618,18.22000000,99.10000000,1805.60200000,1667092534992,False,True
40085619,18.22000000,20.00000000,364.40000000,1667092535001,False,True
40085620,18.23000000,1.53000000,27.89190000,1667092608235,False,True
40085621,18.23000000,6.87000000,125.24010000,1667092608235,False,True
40085622,18.23000000,5.84000000,106.46320000,1667092608235,False,True
40085623,18.24000000,0.88000000,16.05120000,1667092611473,False,True
40085624,18.24000000,1.53000000,27.90720000,1667092611473,False,True
40085625,18.24000000,0.69000000,12.58560000,1667092611473,False,True
40085626,18.24000000,0.69000000,12.58560000,1667092611473,False,True
40085627,18.24000000,3.30000000,60.19200000,1667092611473,False,True
40085628,18.24000000,1.59000000,29.00160000,1667092611473,False,True
40085629,18.24000000,3.24000000,59.09760000,1667092611473,False,True
40085630,18.24000000,7.49000000,136.61760000,1667092612514,True,True
40085631,18.24000000,7.49000000,136.61760000,1667092612514,True,True
40085632,18.24000000,17.55000000,320.11200000,1667092612514,True,True
40085633,18.23000000,18.90000000,344.54700000,1667092612514,True,True
40085634,18.23000000,16.92000000,308.45160000,1667092612514,True,True
40085635,18.23000000,10.97000000,199.98310000,1667092651738,True,True
40085636,18.23000000,9.13000000,166.43990000,1667092651738,True,True
40085637,18.23000000,7.81000000,142.37630000,1667092651738,True,True
40085638,18.23000000,24.68000000,449.91640000,1667092651738,True,True
40085639,18.23000000,1.09000000,19.87070000,1667092651738,True,True
40085640,18.23000000,1.09000000,19.87070000,1667092651738,True,True
40085641,18.23000000,1.09000000,19.87070000,1667092651738,True,True
40085642,18.23000000,1.09000000,19.87070000,1667092651738,True,True
40085643,18.23000000,0.39000000,7.10970000,1667092651738,True,True
40085644,18.23000000,17.16000000,312.82680000,1667092651772,True,True
40085645,18.23000000,49.35000000,899.65050000,1667092651772,True,True
40085646,18.23000000,13.92000000,253.76160000,1667092652103,True,True
40085647,18.23000000,2.23000000,40.65290000,1667092652303,False,True
40085648,18.23000000,2.92000000,53.23160000,1667092655582,False,True
40085649,18.23000000,1.46000000,26.61580000,1667092669836,False,True
40085650,18.23000000,1.46000000,26.61580000,1667092703033,False,True
40085651,18.24000000,42.12000000,768.26880000,1667092708184,False,True
40085652,18.24000000,4.38000000,79.89120000,1667092710361,True,True
40085653,18.24000000,39.62000000,722.66880000,1667092710370,True,True
40085654,18.24000000,8.56000000,156.13440000,1667092711243,False,True
40085655,18.24000000,8.56000000,156.13440000,1667092711314,False,True
40085656,18.24000000,1.78000000,32.46720000,1667092770262,False,True
40085657,18.24000000,2.27000000,41.40480000,1667092770262,False,True
40085658,18.24000000,2.19000000,39.94560000,1667092791861,False,True
40085659,18.24000000,1.56000000,28.45440000,1667092839327,False,True
40085660,18.24000000,1.09000000,19.88160000,1667092843498,True,True
40085661,18.24000000,1.09000000,19.88160000,1667092843498,True,True
40085662,18.24000000,1.09000000,19.88160000,1667092843498,True,True
40085663,18.24000000,1.09000000,19.88160000,1667092843498,True,True
40085664,18.24000000,14.72000000,268.49280000,1667092843498,True,True
40085665,18.24000000,1.27000000,23.16480000,1667092873950,False,True
40085666,18.22000000,0.88000000,16.03360000,1667092950085,True,True
40085667,18.22000000,3.30000000,60.12600000,1667092950085,True,True
40085668,18.22000000,3.24000000,59.03280000,1667092950085,True,True
40085669,18.22000000,18.90000000,344.35800000,1667092950085,True,True
40085670,18.22000000,1.09000000,19.85980000,1667092950085,True,True
40085671,18.22000000,1.09000000,19.85980000,1667092950085,True,True
40085672,18.22000000,1.09000000,19.85980000,1667092950085,True,True
40085673,18.22000000,1.09000000,19.85980000,1667092950085,True,True
40085674,18.22000000,2.22000000,40.44840000,1667092950166,False,True
40085675,18.22000000,18.90000000,344.35800000,1667093007661,False,True
40085676,18.22000000,1.00000000,18.22000000,1667093041721,False,True
40085677,18.22000000,8.33000000,151.77260000,1667093077722,False,True
40085678,18.22000000,15.05000000,274.21100000,1667093077727,False,True
40085679,18.22000000,3.66000000,66.68520000,1667093077735,False,True
40085680,18.22000000,5.18000000,94.37960000,1667093077735,False,True
40085681,18.22000000,11.23000000,204.61060000,1667093077736,False,True
40085682,18.23000000,8.87000000,161.70010000,1667093080967,False,True
40085683,18.23000000,8.37000000,152.58510000,1667093080968,False,True
40085684,18.23000000,16.95000000,308.99850000,1667093080997,False,True
40085685,18.24000000,0.74000000,13.49760000,1667093083879,False,True
40085686,18.24000000,0.80000000,14.59200000,1667093083880,False,True
40085687,18.24000000,3.30000000,60.19200000,1667093095664,False,True
40085688,18.24000000,0.58000000,10.57920000,1667093095664,False,True
40085689,18.24000000,0.30000000,5.47200000,1667093095666,False,True
40085690,18.24000000,1.19000000,21.70560000,1667093095666,False,True
40085691,18.24000000,2.36000000,43.04640000,1667093095666,False,True
40085692,18.24000000,0.88000000,16.05120000,1667093095675,False,True
40085693,18.24000000,20.13000000,367.17120000,1667093102507,True,True
40085694,18.24000000,12.30000000,224.35200000,1667093102507,True,True
40085695,18.24000000,12.30000000,224.35200000,1667093102507,True,True
40085696,18.24000000,12.70000000,231.64800000,1667093102507,True,True
40085697,18.24000000,14.70000000,268.12800000,1667093102507,True,True
40085698,18.24000000,23.20000000,423.16800000,1667093102507,True,True
40085699,18.24000000,6.20000000,113.08800000,1667093102507,True,True
40085700,18.24000000,11.70000000,213.40800000,1667093102507,True,True
40085701,18.24000000,24.67000000,449.98080000,1667093102507,True,True
40085702,18.23000000,2.99000000,54.50770000,1667093102507,True,True
40085703,18.23000000,11.81000000,215.29630000,1667093102507,True,True
40085704,18.24000000,24.67000000,449.98080000,1667093102619,False,True
40085705,18.24000000,30.46000000,555.59040000,1667093102619,False,True
40085706,18.24000000,15.66000000,285.63840000,1667093115476,True,True
40085707,18.25000000,0.88000000,16.06000000,1667093116281,False,True
40085708,18.25000000,6.62000000,120.81500000,1667093116281,False,True
40085709,18.25000000,0.61000000,11.13250000,1667093116281,False,True
