39677847,15.88000000,1.00000000,15.88000000,1666137636267,False,True
39677848,15.88000000,1.00000000,15.88000000,1666137636332,False,True
39677849,15.88000000,2.46000000,39.06480000,1666137636926,False,True
39677850,15.87000000,25.38000000,402.78060000,1666137636964,True,True
39677851,15.87000000,38.41000000,609.56670000,1666137636964,True,True
39677852,15.87000000,4.46000000,70.78020000,1666137637961,True,True
39677853,15.87000000,8.23000000,130.61010000,1666137637961,True,True
39677854,15.88000000,1.00000000,15.88000000,1666137640448,False,True
39677855,15.88000000,1.00000000,15.88000000,1666137640662,False,True
39677856,15.87000000,31.96000000,507.20520000,1666137641500,True,True
39677857,15.88000000,1.00000000,15.88000000,1666137643657,False,True
39677858,15.88000000,4.00000000,63.52000000,1666137651959,False,True
39677859,15.88000000,5.00000000,79.40000000,1666137651959,False,True
39677860,15.88000000,2.77000000,43.98760000,1666137651959,False,True
39677861,15.88000000,1.00000000,15.88000000,1666137652640,False,True
39677862,15.88000000,24.38000000,387.15440000,1666137654629,False,True
39677863,15.89000000,1.00000000,15.89000000,1666137654928,False,True
39677864,15.88000000,1.12000000,17.78560000,1666137661379,True,True
39677865,15.88000000,23.26000000,369.36880000,1666137662306,True,True
39677866,15.88000000,44.10000000,700.30800000,1666137662306,True,True
39677867,15.88000000,17.95000000,285.04600000,1666137662306,True,True
39677868,15.88000000,2.85000000,45.25800000,1666137662306,True,True
39677869,15.89000000,3.02000000,47.98780000,1666137714050,False,True
39677870,15.89000000,12.83000000,203.86870000,1666137729920,False,True
39677871,15.89000000,4.27000000,67.85030000,1666137729932,False,True
39677872,15.89000000,6.04000000,95.97560000,1666137729945,False,True
39677873,15.89000000,6.03000000,95.81670000,1666137729998,False,True
39677874,15.89000000,1.14000000,18.11460000,1666137729998,False,True
39677875,15.89000000,2.00000000,31.78000000,1666137730114,False,True
39677876,15.89000000,3.30000000,52.43700000,1666137730114,False,True
39677877,15.89000000,4.17000000,66.26130000,1666137730114,False,True
39677878,15.89000000,3.11000000,49.41790000,1666137730114,False,True
39677879,15.89000000,5.21000000,82.78690000,1666137730314,False,True
39677880,15.90000000,1.11000000,17.64900000,1666137747701,False,True
39677881,15.90000000,14.44000000,229.59600000,1666137747701,False,True
39677882,15.90000000,19.54000000,310.68600000,1666137747733,False,True
39677883,15.90000000,4.17000000,66.30300000,1666137747733,False,True
39677884,15.90000000,3.30000000,52.47000000,1666137747733,False,True
39677885,15.90000000,21.27000000,338.19300000,1666137747733,False,True
39677886,15.90000000,6.82000000,108.43800000,1666137755155,True,True
39677887,15.89000000,5.22000000,82.94580000,1666137771925,True,True
39677888,15.89000000,3.36000000,53.39040000,1666137771925,True,True
39677889,15.89000000,33.97000000,539.78330000,1666137771925,True,True
39677890,15.89000000,24.38000000,387.39820000,1666137771936,True,True
39677891,15.89000000,3.32000000,52.75480000,1666137775395,False,True
39677892,15.88000000,11.01000000,174.83880000,1666137778465,True,True
39677893,15.88000000,3.30000000,52.40400000,1666137778465,True,True
39677894,15.88000000,4.17000000,66.21960000,1666137778465,True,True
39677895,15.88000000,17.01000000,270.11880000,1666137778465,True,True
39677896,15.88000000,23.48000000,372.86240000,1666137778465,True,True
39677897,15.88000000,10.48000000,166.42240000,1666137778475,True,True
39677898,15.88000000,1.65000000,26.20200000,1666137778475,True,True
39677899,15.88000000,5.19000000,82.41720000,1666137778524,False,True
39677900,15.88000000,3.32000000,52.72160000,1666137790013,False,True
39677901,15.88000000,10.80000000,171.50400000,1666137790022,False,True
39677902,15.88000000,1.09000000,17.30920000,1666137817083,False,True
39677903,15.88000000,20.31000000,322.52280000,1666137817336,False,True
39677904,15.88000000,17.99000000,285.68120000,1666137818276,False,True
39677905,15.89000000,24.38000000,387.39820000,1666137842607,False,True
39677906,15.89000000,3.03000000,48.14670000,1666137842607,False,True
39677907,15.89000000,3.30000000,52.43700000,1666137842609,False,True
39677908,15.89000000,1.09000000,17.32010000,1666137842609,False,True
39677909,15.89000000,4.17000000,66.26130000,1666137842609,False,True
39677910,15.90000000,1.00000000,15.90000000,1666137842640,False,True
39677911,15.90000000,1.65000000,26.23500000,1666137845303,False,True
39677912,15.90000000,38.73000000,615.80700000,1666137857196,True,True
39677913,15.90000000,0.74000000,11.76600000,1666137857197,True,True
39677914,15.90000000,24.38000000,387.64200000,1666137857197,True,True
39677915,15.89000000,13.18000000,209.43020000,1666137882911,True,True
39677916,15.89000000,6.30000000,100.10700000,1666137919631,True,True
39677917,15.88000000,2.15000000,34.14200000,1666137921512,True,True
39677918,15.89000000,12.58000000,199.89620000,1666137932735,True,True
39677919,15.89000000,18.60000000,295.55400000,1666137942262,False,True
39677920,15.89000000,3.49000000,55.45610000,1666137942262,False,True
39677921,15.89000000,11.21000000,178.12690000,1666137942264,False,True
39677922,15.89000000,1.09000000,17.32010000,1666137942264,False,True
39677923,15.89000000,14.80000000,235.17200000,1666137942264,False,True
39677924,15.90000000,10.70000000,170.13000000,1666137958308,True,True
39677925,15.90000000,3.12000000,49.60800000,1666137963070,True,True
39677926,15.91000000,1.11000000,17.66010000,1666137975727,False,True
39677927,15.91000000,3.30000000,52.50300000,1666137975727,False,True
39677928,15.91000000,1.65000000,26.25150000,1666137975727,False,True
39677929,15.91000000,26.53000000,422.09230000,1666137975727,False,True
39677930,15.91000000,6.67000000,106.11970000,1666137975731,False,True
39677931,15.91000000,8.55000000,136.03050000,1666137975731,False,True
39677932,15.91000000,1.87000000,29.75170000,1666137975734,False,True
39677933,15.91000000,1.09000000,17.34190000,1666137975734,False,True
39677934,15.91000000,4.17000000,66.34470000,1666137975734,False,True
39677935,15.92000000,0.11000000,1.75120000,1666138003088,False,True
39677936,15.92000000,0.69000000,10.98480000,1666138003088,False,True
39677937,15.92000000,0.69000000,10.98480000,1666138003088,False,True
39677938,15.92000000,1.03000000,16.39760000,1666138003088,False,True
39677939,15.91000000,1.07000000,17.02370000,1666138004707,True,True
39677940,15.91000000,29.89000000,475.54990000,1666138005150,True,True
39677941,15.91000000,31.58000000,502.43780000,1666138005150,True,True
39677942,15.91000000,2.40000000,38.18400000,1666138005150,True,True
39677943,15.91000000,1.82000000,28.95620000,1666138005150,True,True
39677944,15.91000000,7.49000000,119.16590000,1666138005172,True,True
39677945,15.91000000,9.26000000,147.32660000,1666138005172,True,True
39677946,15.91000000,5.99000000,95.30090000,1666138005240,False,True
39677947,15.91000000,1.08000000,17.18280000,1666138005253,False,True
39677948,15.91000000,12.07000000,192.03370000,1666138006959,False,True
39677949,15.90000000,16.90000000,268.71000000,1666138007056,True,True
39677950,15.90000000,15.21000000,241.83900000,1666138007056,True,True
39677951,15.90000000,9.27000000,147.39300000,1666138007056,True,True
39677952,15.90000000,4.41000000,70.11900000,1666138007172,False,True
39677953,15.90000000,5.19000000,82.52100000,1666138007388,False,True
39677954,15.90000000,9.45000000,150.25500000,1666138013442,False,True
39677955,15.90000000,24.38000000,387.64200000,1666138013442,False,True
39677956,15.91000000,31.94000000,508.16540000,1666138031106,False,True
39677957,15.91000000,1.14000000,18.13740000,1666138033985,False,True
39677958,15.91000000,7.42000000,118.05220000,1666138033996,False,True
39677959,15.91000000,12.58000000,200.14780000,1666138033996,False,True
39677960,15.91000000,2.38000000,37.86580000,1666138034875,True,True
39677961,15.91000000,24.38000000,387.88580000,1666138045750,True,True
39677962,15.91000000,9.11000000,144.94010000,1666138045750,True,True
39677963,15.91000000,42.32000000,673.31120000,1666138045756,True,True
39677964,15.90000000,6.28000000,99.85200000,1666138053361,True,True
39677965,15.90000000,24.38000000,387.64200000,1666138124090,True,True
39677966,15.90000000,10.04000000,159.63600000,1666138124090,True,True
39677967,15.90000000,16.18000000,257.26200000,1666138124090,True,True
39677968,15.90000000,0.16000000,2.54400000,1666138124144,True,True
39677969,15.90000000,39.56000000,629.00400000,1666138124144,True,True
39677970,15.90000000,30.40000000,483.36000000,1666138124152,True,True
39677971,15.90000000,23.17000000,368.40300000,1666138124156,True,True
39677972,15.89000000,1.82000000,28.91980000,1666138150609,True,True
39677973,15.89000000,3.30000000,52.43700000,1666138150609,True,True
39677974,15.89000000,4.17000000,66.26130000,1666138150609,True,True
39677975,15.88000000,0.90000000,14.29200000,1666138160785,True,True
39677976,15.88000000,3.30000000,52.40400000,1666138160785,True,True
39677977,15.88000000,4.17000000,66.21960000,1666138160785,True,True
39677978,15.88000000,9.45000000,150.06600000,1666138161018,False,True
39677979,15.88000000,8.42000000,133.70960000,1666138180047,False,True
39677980,15.87000000,12.59000000,199.80330000,1666138191217,True,True
39677981,15.87000000,1.11000000,17.61570000,1666138191217,True,True
39677982,15.87000000,0.69000000,10.95030000,1666138191217,True,True
39677983,15.87000000,4.17000000,66.17790000,1666138191217,True,True
39677984,15.87000000,2.00000000,31.74000000,1666138191282,False,True
39677985,15.88000000,6.51000000,103.37880000,1666138198613,False,True
39677986,15.88000000,48.76000000,774.30880000,1666138198613,False,True
39677987,15.88000000,0.90000000,14.29200000,1666138198613,False,True
39677988,15.88000000,13.60000000,215.96800000,1666138198613,False,True
39677989,15.88000000,72.13000000,1145.42440000,1666138198613,False,True
39677990,15.88000000,25.52000000,405.25760000,1666138198613,False,True
39677991,15.88000000,6.20000000,98.45600000,1666138198613,False,True
39677992,15.88000000,84.00000000,1333.92000000,1666138198613,False,True
39677993,15.88000000,124.86000000,1982.77680000,1666138198613,False,True
39677994,15.88000000,3.12000000,49.54560000,1666138204061,False,True
39677995,15.87000000,6.17000000,97.91790000,1666138216247,True,True
39677996,15.87000000,8.85000000,140.44950000,1666138216270,True,True
39677997,15.86000000,1.11000000,17.60460000,1666138218328,True,True
39677998,15.86000000,0.69000000,10.94340000,1666138218328,True,True
39677999,15.86000000,3.30000000,52.33800000,1666138218328,True,True
39678000,15.86000000,4.17000000,66.13620000,1666138218328,True,True
39678001,15.86000000,6.20000000,98.33200000,1666138218328,True,True
39678002,15.86000000,24.38000000,386.66680000,1666138218328,True,True
39678003,15.86000000,24.38000000,386.66680000,1666138249747,False,True
39678004,15.86000000,5.26000000,83.42360000,1666138249747,False,True
39678005,15.86000000,2.97000000,47.10420000,1666138249747,False,True
39678006,15.86000000,15.02000000,238.21720000,1666138249748,False,True
39678007,15.86000000,24.63000000,390.63180000,1666138255638,True,True
39678008,15.86000000,15.02000000,238.21720000,1666138273974,True,True
39678009,15.86000000,32.61000000,517.19460000,1666138273981,True,True
39678010,15.86000000,0.98000000,15.54280000,1666138273993,True,True
39678011,15.86000000,4.22000000,66.92920000,1666138273993,True,True
39678012,15.86000000,24.38000000,386.66680000,1666138273993,True,True
39678013,15.86000000,17.98000000,285.16280000,1666138273993,True,True
39678014,15.86000000,24.38000000,386.66680000,1666138333210,False,True
39678015,15.86000000,27.18000000,431.07480000,1666138333210,False,True
39678016,15.87000000,36.39000000,577.50930000,1666138333219,False,True
39678017,15.87000000,1.81000000,28.72470000,1666138333219,False,True
39678018,15.87000000,20.18000000,320.25660000,1666138333219,False,True
39678019,15.87000000,73.32000000,1163.58840000,1666138333219,False,True
39678020,15.87000000,33.23000000,527.36010000,1666138333219,False,True
39678021,15.87000000,97.26000000,1543.51620000,1666138333222,False,True
39678022,15.87000000,12.97000000,205.83390000,1666138333222,False,True
39678023,15.87000000,9.04000000,143.46480000,1666138333222,False,True
39678024,15.87000000,89.43000000,1419.25410000,1666138333222,False,True
39678025,15.87000000,100.50000000,1594.93500000,1666138333222,False,True
39678026,15.87000000,8.14000000,129.18180000,1666138333223,False,True
39678027,15.87000000,12.59000000,199.80330000,1666138333223,False,True
39678028,15.87000000,26.00000000,412.62000000,1666138333223,False,True
39678029,15.87000000,61.86000000,981.71820000,1666138333223,False,True
39678030,15.87000000,4.04000000,64.11480000,1666138333223,False,True
39678031,15.87000000,72.21000000,1145.97270000,1666138333223,False,True
39678032,15.87000000,6.30000000,99.98100000,1666138333223,False,True
39678033,15.87000000,15.75000000,249.95250000,1666138333223,False,True
39678034,15.87000000,9.51000000,150.92370000,1666138333223,False,True
39678035,15.87000000,1.09000000,17.29830000,1666138333223,False,True
39678036,15.87000000,1.09000000,17.29830000,1666138333226,False,True
39678037,15.87000000,1.09000000,17.29830000,1666138333226,False,True
39678038,15.87000000,1.11000000,17.61570000,1666138333230,False,True
39678039,15.87000000,1.09000000,17.29830000,1666138333230,False,True
39678040,15.87000000,9.90000000,157.11300000,1666138333230,False,True
39678041,15.87000000,63.36000000,1005.52320000,1666138333231,False,True
39678042,15.87000000,20.64000000,327.55680000,1666138333231,False,True
39678043,15.87000000,7.15000000,113.47050000,1666138333235,False,True
39678044,15.88000000,1.00000000,15.88000000,1666138333243,False,True
39678045,15.88000000,1.00000000,15.88000000,1666138333312,False,True
39678046,15.87000000,38.69000000,614.01030000,1666138375722,True,True
39678047,15.87000000,0.84000000,13.33080000,1666138375722,True,True
39678048,15.87000000,88.10000000,1398.14700000,1666138375749,True,True
39678049,15.87000000,8.16000000,129.49920000,1666138375855,True,True
39678050,15.87000000,149.35000000,2370.18450000,1666138375865,True,True
39678051,15.87000000,10.00000000,158.70000000,1666138391649,True,True
39678052,15.87000000,14.28000000,226.62360000,1666138391953,True,True
39678053,15.87000000,0.10000000,1.58700000,1666138391979,True,True
39678054,15.87000000,9.51000000,150.92370000,1666138391979,True,True
39678055,15.86000000,2.85000000,45.20100000,1666138393298,True,True
39678056,15.85000000,1.12000000,17.75200000,1666138433810,True,True
39678057,15.85000000,0.69000000,10.93650000,1666138433810,True,True
39678058,15.85000000,8.50000000,134.72500000,1666138433810,True,True
39678059,15.85000000,6.27000000,99.37950000,1666138438179,True,True
39678060,15.85000000,30.47000000,482.94950000,1666138438234,True,True
39678061,15.85000000,1.41000000,22.34850000,1666138438292,True,True
39678062,15.85000000,1.89000000,29.95650000,1666138438292,True,True
39678063,15.85000000,0.90000000,14.26500000,1666138438292,True,True
39678064,15.85000000,0.04000000,0.63400000,1666138438292,True,True
39678065,15.85000000,3.26000000,51.67100000,1666138438349,True,True
39678066,15.85000000,0.94000000,14.89900000,1666138438349,True,True
39678067,15.85000000,4.21000000,66.72850000,1666138438407,True,True
39678068,15.85000000,3.96000000,62.76600000,1666138438458,True,True
39678069,15.85000000,3.71000000,58.80350000,1666138438519,True,True
39678070,15.85000000,3.48000000,55.15800000,1666138438575,True,True
39678071,15.85000000,3.26000000,51.67100000,1666138438602,True,True
39678072,15.85000000,3.05000000,48.34250000,1666138439066,True,True
39678073,15.85000000,2.86000000,45.33100000,1666138440423,True,True
39678074,15.85000000,2.51000000,39.78350000,1666138440481,True,True
39678075,15.85000000,0.14000000,2.21900000,1666138440545,True,True
39678076,15.85000000,2.37000000,37.56450000,1666138440545,True,True
39678077,15.85000000,2.36000000,37.40600000,1666138440607,True,True
39678078,15.85000000,2.21000000,35.02850000,1666138440666,True,True
39678079,15.85000000,2.07000000,32.80950000,1666138440732,True,True
39678080,15.85000000,1.94000000,30.74900000,1666138440792,True,True
39678081,15.85000000,1.82000000,28.84700000,1666138440846,True,True
39678082,15.85000000,1.32000000,20.92200000,1666138441051,True,True
39678083,15.84000000,10.00000000,158.40000000,1666138453452,True,True
39678084,15.84000000,43.17000000,683.81280000,1666138460607,True,True
39678085,15.84000000,31.02000000,491.35680000,1666138460619,True,True
39678086,15.84000000,146.88000000,2326.57920000,1666138460633,True,True
39678087,15.84000000,80.59000000,1276.54560000,1666138460656,True,True
39678088,15.84000000,7.46000000,118.16640000,1666138460668,True,True
39678089,15.84000000,2.03000000,32.15520000,1666138460771,True,True
39678090,15.84000000,2.03000000,32.15520000,1666138460773,True,True
39678091,15.84000000,2.03000000,32.15520000,1666138460774,True,True
39678092,15.84000000,2.03000000,32.15520000,1666138460774,True,True
39678093,15.84000000,2.03000000,32.15520000,1666138460774,True,True
39678094,15.84000000,7.28000000,115.31520000,1666138502408,True,True
39678095,15.84000000,232.61000000,3684.54240000,1666138503965,True,True
39678096,15.84000000,1.12000000,17.74080000,1666138503965,True,True
39678097,15.84000000,0.69000000,10.92960000,1666138503965,True,True
39678098,15.84000000,0.19000000,3.00960000,1666138503965,True,True
39678099,15.84000000,1.69000000,26.76960000,1666138504141,True,True
39678100,15.84000000,1.42000000,22.49280000,1666138504156,True,True
39678101,15.84000000,4.17000000,66.05280000,1666138504156,True,True
39678102,15.84000000,15.49000000,245.36160000,1666138536059,True,True
39678103,15.83000000,1.12000000,17.72960000,1666138549634,True,True
39678104,15.83000000,0.69000000,10.92270000,1666138549634,True,True
39678105,15.83000000,1.43000000,22.63690000,1666138549634,True,True
39678106,15.83000000,0.69000000,10.92270000,1666138549634,True,True
39678107,15.83000000,3.30000000,52.23900000,1666138549634,True,True
39678108,15.83000000,4.17000000,66.01110000,1666138549634,True,True
39678109,15.82000000,1.12000000,17.71840000,1666138549634,True,True
39678110,15.82000000,0.71000000,11.23220000,1666138549634,True,True
39678111,15.82000000,5.68000000,89.85760000,1666138549634,True,True
39678112,15.82000000,0.69000000,10.91580000,1666138549634,True,True
39678113,15.82000000,0.70000000,11.07400000,1666138549634,True,True
39678114,15.82000000,1.89000000,29.89980000,1666138549634,True,True
39678115,15.82000000,9.06000000,143.32920000,1666138549634,True,True
39678116,15.82000000,11.01000000,174.17820000,1666138549634,True,True
39678117,15.82000000,6.00000000,94.92000000,1666138549634,True,True
39678118,15.82000000,104.02000000,1645.59640000,1666138549634,True,True
39678119,15.82000000,64.73000000,1024.02860000,1666138549634,True,True
39678120,15.82000000,5.00000000,79.10000000,1666138549634,True,True
39678121,15.82000000,5.00000000,79.10000000,1666138549634,True,True
39678122,15.82000000,125.36000000,1983.19520000,1666138549634,True,True
39678123,15.82000000,10.62000000,168.00840000,1666138549634,True,True
39678124,15.82000000,84.00000000,1328.88000000,1666138549634,True,True
39678125,15.82000000,7.08000000,112.00560000,1666138549634,True,True
39678126,15.82000000,12.21000000,193.16220000,1666138549634,True,True
39678127,15.82000000,45.20000000,715.06400000,1666138549634,True,True
39678128,15.81000000,0.69000000,10.90890000,1666138549634,True,True
39678129,15.81000000,12.64000000,199.83840000,1666138549634,True,True
39678130,15.81000000,0.69000000,10.90890000,1666138549634,True,True
39678131,15.81000000,2.47000000,39.05070000,1666138549634,True,True
39678132,15.81000000,165.37000000,2614.49970000,1666138549634,True,True
39678133,15.83000000,5.01000000,79.30830000,1666138549658,False,True
39678134,15.82000000,13.62000000,215.46840000,1666138555719,False,True
39678135,15.82000000,36.59000000,578.85380000,1666138555719,False,True
39678136,15.82000000,50.78000000,803.33960000,1666138555719,False,True
39678137,15.82000000,73.29000000,1159.44780000,1666138559775,True,True
39678138,15.82000000,24.38000000,385.69160000,1666138564706,True,True
39678139,15.82000000,0.03000000,0.47460000,1666138564706,True,True
39678140,15.82000000,1.61000000,25.47020000,1666138576312,False,True
39678141,15.82000000,32.29000000,510.82780000,1666138577420,False,True
39678142,15.82000000,32.64000000,516.36480000,1666138577441,False,True
39678143,15.82000000,6.71000000,106.15220000,1666138577451,False,True
39678144,15.82000000,1.29000000,20.40780000,1666138577451,False,True
39678145,15.82000000,24.38000000,385.69160000,1666138577451,False,True
39678146,15.83000000,1.00000000,15.83000000,1666138577485,False,True
39678147,15.83000000,6.27000000,99.25410000,1666138587387,False,True
39678148,15.83000000,7.07000000,111.91810000,1666138587388,False,True
39678149,15.83000000,0.28000000,4.43240000,1666138587388,False,True
39678150,15.83000000,4.17000000,66.01110000,1666138587388,False,True
39678151,15.84000000,1.00000000,15.84000000,1666138587423,False,True
39678152,15.83000000,22.60000000,357.75800000,1666138590535,True,True
39678153,15.83000000,15.79000000,249.95570000,1666138599039,False,True
39678154,15.83000000,130.39000000,2064.07370000,1666138604132,False,True
39678155,15.82000000,8.07000000,127.66740000,1666138617919,True,True
39678156,15.83000000,11.28000000,178.56240000,1666138627073,False,True
39678157,15.83000000,14.70000000,232.70100000,1666138627073,False,True
39678158,15.83000000,6.20000000,98.14600000,1666138627073,False,True
39678159,15.83000000,18.60000000,294.43800000,1666138627073,False,True
39678160,15.83000000,8.24000000,130.43920000,1666138627073,False,True
39678161,15.82000000,8.88000000,140.48160000,1666138657333,True,True
39678162,15.82000000,39.36000000,622.67520000,1666138660649,True,True
39678163,15.82000000,25.07000000,396.60740000,1666138660652,True,True
39678164,15.82000000,12.96000000,205.02720000,1666138660652,True,True
39678165,15.82000000,14.59000000,230.81380000,1666138660652,True,True
39678166,15.82000000,9.79000000,154.87780000,1666138660653,True,True
39678167,15.82000000,6.52000000,103.14640000,1666138660653,True,True
39678168,15.82000000,7.12000000,112.63840000,1666138660665,True,True
39678169,15.82000000,13.60000000,215.15200000,1666138660665,True,True
39678170,15.82000000,24.38000000,385.69160000,1666138660671,True,True
39678171,15.82000000,2.39000000,37.80980000,1666138675470,False,True
39678172,15.82000000,20.00000000,316.40000000,1666138681504,False,True
39678173,15.82000000,7.18000000,113.58760000,1666138681518,False,True
39678174,15.82000000,48.76000000,771.38320000,1666138681518,False,True
39678175,15.81000000,0.70000000,11.06700000,1666138686351,True,True
39678176,15.81000000,3.30000000,52.17300000,1666138686351,True,True
39678177,15.81000000,4.17000000,65.92770000,1666138686351,True,True
39678178,15.80000000,0.91000000,14.37800000,1666138710680,True,True
39678179,15.80000000,1.28000000,20.22400000,1666138710680,True,True
39678180,15.80000000,1.63000000,25.75400000,1666138710680,True,True
39678181,15.80000000,1.92000000,30.33600000,1666138710680,True,True
39678182,15.80000000,1.37000000,21.64600000,1666138710680,True,True
39678183,15.80000000,0.72000000,11.37600000,1666138710680,True,True
39678184,15.80000000,9.49000000,149.94200000,1666138710680,True,True
39678185,15.80000000,0.87000000,13.74600000,1666138710680,True,True
39678186,15.80000000,58.61000000,926.03800000,1666138710680,True,True
39678187,15.80000000,4.70000000,74.26000000,1666138710680,True,True
39678188,15.80000000,7.31000000,115.49800000,1666138710680,True,True
39678189,15.80000000,0.69000000,10.90200000,1666138710680,True,True
39678190,15.80000000,57.27000000,904.86600000,1666138710680,True,True
39678191,15.80000000,2.02000000,31.91600000,1666138710680,True,True
39678192,15.81000000,33.64000000,531.84840000,1666138716977,False,True
39678193,15.81000000,39.68000000,627.34080000,1666138717007,False,True
39678194,15.82000000,1.00000000,15.82000000,1666138717098,False,True
39678195,15.81000000,6.32000000,99.91920000,1666138725649,True,True
39678196,15.81000000,1.42000000,22.45020000,1666138725824,True,True
39678197,15.81000000,38.24000000,604.57440000,1666138733326,True,True
39678198,15.81000000,24.38000000,385.44780000,1666138733326,True,True
39678199,15.81000000,5.16000000,81.57960000,1666138733385,False,True
39678200,15.81000000,6.25000000,98.81250000,1666138736678,False,True
39678201,15.81000000,27.48000000,434.45880000,1666138736678,False,True
39678202,15.82000000,5.00000000,79.10000000,1666138750630,False,True
39678203,15.82000000,5.00000000,79.10000000,1666138750630,False,True
39678204,15.82000000,1.14000000,18.03480000,1666138756418,True,True
39678205,15.83000000,0.68000000,10.76440000,1666138780671,False,True
39678206,15.83000000,1.53000000,24.21990000,1666138780673,False,True
39678207,15.83000000,1.09000000,17.25470000,1666138780695,False,True
39678208,15.83000000,0.90000000,14.24700000,1666138780695,False,True
39678209,15.83000000,4.17000000,66.01110000,1666138780695,False,True
39678210,15.83000000,1.09000000,17.25470000,1666138780695,False,True
39678211,15.83000000,1.09000000,17.25470000,1666138780695,False,True
39678212,15.83000000,24.38000000,385.93540000,1666138780713,False,True
39678213,15.83000000,9.63000000,152.44290000,1666138780778,True,True
39678214,15.83000000,9.63000000,152.44290000,1666138780778,True,True
39678215,15.83000000,11.20000000,177.29600000,1666138780892,True,True
39678216,15.83000000,10.83000000,171.43890000,1666138784812,True,True
39678217,15.83000000,9.44000000,149.43520000,1666138820307,True,True
39678218,15.83000000,6.20000000,98.14600000,1666138820307,True,True
39678219,15.82000000,10.17000000,160.88940000,1666138863754,True,True
39678220,15.82000000,23.56000000,372.71920000,1666138863754,True,True
39678221,15.82000000,0.90000000,14.23800000,1666138863795,True,True
39678222,15.82000000,5.31000000,84.00420000,1666138863859,False,True
39678223,15.81000000,18.08000000,285.84480000,1666138913883,True,True
39678224,15.81000000,3.30000000,52.17300000,1666138913883,True,True
39678225,15.81000000,6.48000000,102.44880000,1666138913883,True,True
39678226,15.81000000,5.78000000,91.38180000,1666138913883,True,True
39678227,15.81000000,16.31000000,257.86110000,1666138913889,True,True
39678228,15.81000000,2.99000000,47.27190000,1666138913892,True,True
39678229,15.81000000,4.17000000,65.92770000,1666138913894,True,True
39678230,15.81000000,6.93000000,109.56330000,1666138913894,True,True
39678231,15.80000000,6.95000000,109.81000000,1666138934482,True,True
39678232,15.80000000,17.43000000,275.39400000,1666138934482,True,True
39678233,15.80000000,4.17000000,65.88600000,1666138934487,True,True
39678234,15.80000000,3.30000000,52.14000000,1666138934487,True,True
39678235,15.80000000,3.07000000,48.50600000,1666138934505,False,True
39678236,15.79000000,0.69000000,10.89510000,1666138935116,True,True
39678237,15.79000000,1.14000000,18.00060000,1666138935116,True,True
39678238,15.79000000,12.59000000,198.79610000,1666138935116,True,True
39678239,15.79000000,16.39000000,258.79810000,1666138935116,True,True
39678240,15.79000000,75.83000000,1197.35570000,1666138935123,True,True
39678241,15.79000000,1.09000000,17.21110000,1666138935126,True,True
39678242,15.79000000,1.09000000,17.21110000,1666138935127,True,True
39678243,15.79000000,1.09000000,17.21110000,1666138935127,True,True
39678244,15.79000000,1.09000000,17.21110000,1666138935129,True,True
39678245,15.79000000,16.08000000,253.90320000,1666138935135,True,True
39678246,15.79000000,1.00000000,15.79000000,1666138935136,True,True
39678247,15.79000000,56.00000000,884.24000000,1666138935138,True,True
39678248,15.79000000,1.36000000,21.47440000,1666138935249,True,True
39678249,15.79000000,1.84000000,29.05360000,1666138935250,True,True
39678250,15.79000000,1.36000000,21.47440000,1666138935251,True,True
39678251,15.79000000,1.84000000,29.05360000,1666138935251,True,True
39678252,15.79000000,1.36000000,21.47440000,1666138935251,True,True
39678253,15.79000000,1.36000000,21.47440000,1666138935251,True,True
39678254,15.79000000,1.36000000,21.47440000,1666138935252,True,True
39678255,15.79000000,1.36000000,21.47440000,1666138935252,True,True
39678256,15.79000000,1.84000000,29.05360000,1666138935252,True,True
39678257,15.79000000,1.84000000,29.05360000,1666138935252,True,True
39678258,15.79000000,3.30000000,52.10700000,1666138935345,True,True
39678259,15.79000000,349.20000000,5513.86800000,1666138935716,True,True
39678260,15.79000000,2.56000000,40.42240000,1666138969352,False,True
39678261,15.79000000,56.06000000,885.18740000,1666138969372,False,True
39678262,15.79000000,10.35000000,163.42650000,1666138969379,False,True
39678263,15.79000000,22.09000000,348.80110000,1666138969379,False,True
39678264,15.80000000,10.80000000,170.64000000,1666138979629,False,True
39678265,15.80000000,20.42000000,322.63600000,1666138979629,False,True
39678266,15.80000000,1.41000000,22.27800000,1666138979629,False,True
39678267,15.80000000,10.04000000,158.63200000,1666138979633,False,True
39678268,15.80000000,38.55000000,609.09000000,1666138983338,True,True
39678269,15.81000000,0.64000000,10.11840000,1666138983970,False,True
39678270,15.80000000,7.34000000,115.97200000,1666138988115,True,True
39678271,15.81000000,23.01000000,363.78810000,1666139054860,False,True
39678272,15.81000000,65.77000000,1039.82370000,1666139054867,False,True
39678273,15.81000000,9.37000000,148.13970000,1666139054878,False,True
39678274,15.81000000,26.28000000,415.48680000,1666139054902,False,True
39678275,15.81000000,2.66000000,42.05460000,1666139054903,False,True
39678276,15.81000000,32.40000000,512.24400000,1666139054931,False,True
39678277,15.81000000,2.88000000,45.53280000,1666139054968,False,True
39678278,15.81000000,10.48000000,165.68880000,1666139054972,False,True
39678279,15.81000000,1.54000000,24.34740000,1666139055469,False,True
39678280,15.81000000,0.79000000,12.48990000,1666139055475,False,True
39678281,15.81000000,32.53000000,514.29930000,1666139056803,False,True
39678282,15.81000000,1.41000000,22.29210000,1666139056804,False,True
39678283,15.81000000,0.89000000,14.07090000,1666139056806,False,True
39678284,15.80000000,6.39000000,100.96200000,1666139083263,True,True
39678285,15.81000000,33.01000000,521.88810000,1666139096768,False,True
39678286,15.81000000,85.85000000,1357.28850000,1666139134636,False,True
39678287,15.81000000,208.81000000,3301.28610000,1666139135176,False,True
39678288,15.81000000,4.17000000,65.92770000,1666139135176,False,True
39678289,15.81000000,6.38000000,100.86780000,1666139144893,True,True
39678290,15.81000000,68.99000000,1090.73190000,1666139168769,True,True
39678291,15.81000000,27.18000000,429.71580000,1666139168769,True,True
39678292,15.81000000,125.46000000,1983.52260000,1666139168769,True,True
39678293,15.81000000,2.33000000,36.83730000,1666139168769,True,True
39678294,15.80000000,6.32000000,99.85600000,1666139179137,True,True
39678295,15.80000000,26.08000000,412.06400000,1666139179137,True,True
39678296,15.80000000,1.94000000,30.65200000,1666139179144,True,True
39678297,15.79000000,19.16000000,302.53640000,1666139189319,True,True
39678298,15.81000000,1.00000000,15.81000000,1666139198334,False,True
39678299,15.80000000,22.12000000,349.49600000,1666139198362,True,True
39678300,15.80000000,21.87000000,345.54600000,1666139222706,True,True
39678301,15.80000000,6.32000000,99.85600000,1666139232290,True,True
39678302,15.81000000,1.00000000,15.81000000,1666139239369,False,True
39678303,15.81000000,39.24000000,620.38440000,1666139272110,True,True
39678304,15.81000000,9.24000000,146.08440000,1666139272117,True,True
39678305,15.81000000,6.21000000,98.18010000,1666139272117,True,True
39678306,15.81000000,10.88000000,172.01280000,1666139272117,True,True
39678307,15.81000000,200.00000000,3162.00000000,1666139272122,True,True
39678308,15.81000000,7.67000000,121.26270000,1666139283245,True,True
39678309,15.81000000,30.12000000,476.19720000,1666139285684,True,True
39678310,15.81000000,14.05000000,222.13050000,1666139336597,True,True
39678311,15.82000000,3.16000000,49.99120000,1666139378503,False,True
39678312,15.82000000,3.30000000,52.20600000,1666139378503,False,True
39678313,15.82000000,6.40000000,101.24800000,1666139378503,False,True
39678314,15.82000000,19.91000000,314.97620000,1666139378503,False,True
39678315,15.82000000,6.21000000,98.24220000,1666139378513,False,True
39678316,15.82000000,1.06000000,16.76920000,1666139378534,False,True
39678317,15.82000000,6.19000000,97.92580000,1666139378534,False,True
39678318,15.82000000,0.90000000,14.23800000,1666139378535,False,True
39678319,15.82000000,4.17000000,65.96940000,1666139378535,False,True
39678320,15.83000000,1.00000000,15.83000000,1666139378558,False,True
39678321,15.82000000,3.16000000,49.99120000,1666139380656,True,True
39678322,15.82000000,24.39000000,385.84980000,1666139380656,True,True
39678323,15.82000000,12.64000000,199.96480000,1666139380656,True,True
39678324,15.82000000,30.62000000,484.40840000,1666139380656,True,True
39678325,15.82000000,35.03000000,554.17460000,1666139380656,True,True
39678326,15.82000000,7.74000000,122.44680000,1666139380656,True,True
39678327,15.82000000,68.92000000,1090.31440000,1666139380656,True,True
39678328,15.82000000,270.18000000,4274.24760000,1666139380656,True,True
39678329,15.82000000,34.04000000,538.51280000,1666139380656,True,True
39678330,15.82000000,111.02000000,1756.33640000,1666139380656,True,True
39678331,15.82000000,107.67000000,1703.33940000,1666139380656,True,True
39678332,15.82000000,1.11000000,17.56020000,1666139380656,True,True
39678333,15.82000000,1.11000000,17.56020000,1666139380656,True,True
39678334,15.82000000,14.70000000,232.55400000,1666139380656,True,True
39678335,15.82000000,6.20000000,98.08400000,1666139380656,True,True
39678336,15.82000000,18.60000000,294.25200000,1666139380656,True,True
39678337,15.82000000,15.50000000,245.21000000,1666139380656,True,True
39678338,15.82000000,11.70000000,185.09400000,1666139380656,True,True
39678339,15.82000000,12.30000000,194.58600000,1666139380656,True,True
39678340,15.82000000,12.30000000,194.58600000,1666139380656,True,True
39678341,15.82000000,36.43000000,576.32260000,1666139380656,True,True
39678342,15.81000000,128.31000000,2028.58110000,1666139380656,True,True
39678343,15.81000000,50.16000000,793.02960000,1666139380656,True,True
39678344,15.81000000,96.94000000,1532.62140000,1666139380656,True,True
39678345,15.81000000,18.80000000,297.22800000,1666139380656,True,True
39678346,15.81000000,84.00000000,1328.04000000,1666139380656,True,True
39678347,15.81000000,9.55000000,150.98550000,1666139380656,True,True
39678348,15.81000000,1.09000000,17.23290000,1666139380656,True,True
39678349,15.81000000,75.79000000,1198.23990000,1666139380656,True,True
39678350,15.82000000,7.49000000,118.49180000,1666139380734,True,True
39678351,15.82000000,5.31000000,84.00420000,1666139380734,True,True
39678352,15.83000000,84.00000000,1329.72000000,1666139396795,False,True
39678353,15.84000000,1.00000000,15.84000000,1666139396822,False,True
39678354,15.84000000,51.13000000,809.89920000,1666139404035,False,True
39678355,15.84000000,3.30000000,52.27200000,1666139422212,False,True
39678356,15.84000000,1.81000000,28.67040000,1666139422212,False,True
39678357,15.85000000,2.47000000,39.14950000,1666139434365,False,True
39678358,15.85000000,5.40000000,85.59000000,1666139434365,False,True
39678359,15.84000000,9.57000000,151.58880000,1666139438936,True,True
39678360,15.84000000,40.43000000,640.41120000,1666139438936,True,True
39678361,15.85000000,0.74000000,11.72900000,1666139453283,False,True
39678362,15.85000000,1.71000000,27.10350000,1666139453285,False,True
39678363,15.85000000,1.11000000,17.59350000,1666139471596,False,True
39678364,15.84000000,1.16000000,18.37440000,1666139477116,True,True
39678365,15.85000000,3.15000000,49.92750000,1666139499700,False,True
39678366,15.85000000,1.31000000,20.76350000,1666139499700,False,True
39678367,15.85000000,1.99000000,31.54150000,1666139500015,False,True
39678368,15.85000000,4.17000000,66.09450000,1666139500015,False,True
39678369,15.85000000,37.82000000,599.44700000,1666139503405,True,True
39678370,15.85000000,1.06000000,16.80100000,1666139503415,False,True
39678371,15.85000000,1.77000000,28.05450000,1666139503758,False,True
39678372,15.84000000,11.52000000,182.47680000,1666139544303,True,True
39678373,15.84000000,20.00000000,316.80000000,1666139544303,True,True
39678374,15.84000000,18.60000000,294.62400000,1666139544303,True,True
39678375,15.84000000,6.20000000,98.20800000,1666139544303,True,True
39678376,15.84000000,6.74000000,106.76160000,1666139544365,False,True
39678377,15.84000000,10.92000000,172.97280000,1666139553842,False,True
39678378,15.84000000,14.93000000,236.49120000,1666139553857,False,True
39678379,15.84000000,27.18000000,430.53120000,1666139563842,True,True
39678380,15.84000000,6.75000000,106.92000000,1666139563842,True,True
39678381,15.83000000,12.65000000,200.24950000,1666139572063,True,True
39678382,15.83000000,39.66000000,627.81780000,1666139572063,True,True
39678383,15.83000000,11.06000000,175.07980000,1666139572063,True,True
39678384,15.83000000,3.30000000,52.23900000,1666139572063,True,True
39678385,15.83000000,102.20000000,1617.82600000,1666139572063,True,True
39678386,15.83000000,111.13000000,1759.18790000,1666139572063,True,True
39678387,15.83000000,7.02000000,111.12660000,1666139577189,True,True
39678388,15.83000000,1.11000000,17.57130000,1666139577189,True,True
39678389,15.83000000,40.25000000,637.15750000,1666139577189,True,True
39678390,15.83000000,4.17000000,66.01110000,1666139577189,True,True
39678391,15.83000000,7.57000000,119.83310000,1666139577200,False,True
39678392,15.83000000,10.50000000,166.21500000,1666139589772,False,True
39678393,15.83000000,10.51000000,166.37330000,1666139591836,True,True
39678394,15.82000000,11.06000000,174.96920000,1666139594755,True,True
39678395,15.82000000,115.29000000,1823.88780000,1666139594755,True,True
39678396,15.82000000,38.20000000,604.32400000,1666139594755,True,True
39678397,15.82000000,3.30000000,52.20600000,1666139594788,True,True
39678398,15.82000000,13.61000000,215.31020000,1666139594788,True,True
39678399,15.82000000,29.18000000,461.62760000,1666139594788,True,True
39678400,15.82000000,93.61000000,1480.91020000,1666139597964,True,True
39678401,15.82000000,1.11000000,17.56020000,1666139597964,True,True
39678402,15.82000000,1.11000000,17.56020000,1666139597964,True,True
39678403,15.82000000,2.39000000,37.80980000,1666139598276,False,True
39678404,15.82000000,22.00000000,348.04000000,1666139604109,False,True
39678405,15.82000000,13.61000000,215.31020000,1666139604109,False,True
39678406,15.82000000,14.47000000,228.91540000,1666139604109,False,True
39678407,15.82000000,11.70000000,185.09400000,1666139604109,False,True
39678408,15.82000000,12.30000000,194.58600000,1666139604109,False,True
39678409,15.82000000,12.30000000,194.58600000,1666139604109,False,True
39678410,15.82000000,6.20000000,98.08400000,1666139604109,False,True
39678411,15.82000000,14.70000000,232.55400000,1666139604109,False,True
39678412,15.81000000,6.00000000,94.86000000,1666139624624,True,True
39678413,15.81000000,40.21000000,635.72010000,1666139624624,True,True
39678414,15.81000000,1.66000000,26.24460000,1666139624624,True,True
39678415,15.81000000,4.17000000,65.92770000,1666139624624,True,True
39678416,15.81000000,3.30000000,52.17300000,1666139624624,True,True
39678417,15.81000000,6.21000000,98.18010000,1666139624624,True,True
39678418,15.81000000,1.36000000,21.50160000,1666139624624,True,True
39678419,15.82000000,56.08000000,887.18560000,1666139627998,False,True
39678420,15.82000000,80.00000000,1265.60000000,1666139628008,False,True
39678421,15.82000000,21.43000000,339.02260000,1666139628011,False,True
39678422,15.82000000,3.30000000,52.20600000,1666139628011,False,True
39678423,15.82000000,4.17000000,65.96940000,1666139628011,False,True
39678424,15.82000000,2.01000000,31.79820000,1666139628024,True,True
39678425,15.82000000,18.96000000,299.94720000,1666139630976,False,True
39678426,15.82000000,37.29000000,589.92780000,1666139652624,False,True
39678427,15.82000000,13.76000000,217.68320000,1666139652624,False,True
39678428,15.82000000,106.50000000,1684.83000000,1666139652624,False,True
39678429,15.82000000,48.03000000,759.83460000,1666139652624,False,True
39678430,15.82000000,19.64000000,310.70480000,1666139652624,False,True
39678431,15.82000000,1.97000000,31.16540000,1666139659413,True,True
39678432,15.83000000,3.15000000,49.86450000,1666139673612,False,True
39678433,15.82000000,2.35000000,37.17700000,1666139695229,True,True
39678434,15.83000000,24.04000000,380.55320000,1666139700624,False,True
39678435,15.83000000,2.21000000,34.98430000,1666139700624,False,True
39678436,15.83000000,0.90000000,14.24700000,1666139709602,True,True
39678437,15.83000000,7.70000000,121.89100000,1666139711157,True,True
39678438,15.83000000,23.02000000,364.40660000,1666139746120,True,True
39678439,15.83000000,9.75000000,154.34250000,1666139746120,True,True
39678440,15.84000000,83.22000000,1318.20480000,1666139746131,False,True
39678441,15.84000000,43.56000000,689.99040000,1666139746147,False,True
39678442,15.84000000,1.65000000,26.13600000,1666139746434,False,True
39678443,15.84000000,4.17000000,66.05280000,1666139746434,False,True
39678444,15.84000000,8.54000000,135.27360000,1666139827308,True,True
39678445,15.84000000,87.50000000,1386.00000000,1666139827308,True,True
39678446,15.84000000,13.58000000,215.10720000,1666139856470,True,True
39678447,15.84000000,39.54000000,626.31360000,1666139856470,True,True
39678448,15.83000000,2.39000000,37.83370000,1666139856493,True,True
39678449,15.85000000,1.09000000,17.27650000,1666139864123,False,True
39678450,15.84000000,0.94000000,14.88960000,1666139882756,False,True
39678451,15.83000000,4.60000000,72.81800000,1666139942257,True,True
39678452,15.83000000,14.85000000,235.07550000,1666139991603,False,True
39678453,15.83000000,15.97000000,252.80510000,1666139991603,False,True
39678454,15.83000000,14.50000000,229.53500000,1666139991603,False,True
39678455,15.83000000,6.01000000,95.13830000,1666139991889,False,True
39678456,15.83000000,2.75000000,43.53250000,1666140038492,False,True
39678457,15.84000000,1.26000000,19.95840000,1666140058817,False,True
39678458,15.83000000,37.84000000,599.00720000,1666140077961,True,True
39678459,15.83000000,14.50000000,229.53500000,1666140077961,True,True
39678460,15.83000000,27.18000000,430.25940000,1666140077961,True,True
39678461,15.82000000,3.41000000,53.94620000,1666140132692,True,True
39678462,15.82000000,121.82000000,1927.19240000,1666140132692,True,True
39678463,15.82000000,4.17000000,65.96940000,1666140133024,True,True
39678464,15.81000000,3.30000000,52.17300000,1666140160159,True,True
39678465,15.81000000,1.89000000,29.88090000,1666140160159,True,True
39678466,15.81000000,4.17000000,65.92770000,1666140160159,True,True
39678467,15.80000000,3.99000000,63.04200000,1666140167586,True,True
39678468,15.80000000,0.90000000,14.22000000,1666140167586,True,True
39678469,15.80000000,3.30000000,52.14000000,1666140167586,True,True
39678470,15.80000000,4.17000000,65.88600000,1666140167586,True,True
39678471,15.80000000,3.47000000,54.82600000,1666140167607,False,True
39678472,15.80000000,79.07000000,1249.30600000,1666140171469,False,True
39678473,15.80000000,14.60000000,230.68000000,1666140171469,False,True
39678474,15.80000000,52.22000000,825.07600000,1666140171469,False,True
39678475,15.80000000,18.02000000,284.71600000,1666140171471,False,True
39678476,15.80000000,24.38000000,385.20400000,1666140171471,False,True
39678477,15.80000000,13.56000000,214.24800000,1666140171471,False,True
39678478,15.80000000,4.04000000,63.83200000,1666140171471,False,True
39678479,15.80000000,2.16000000,34.12800000,1666140171475,False,True
39678480,15.80000000,13.52000000,213.61600000,1666140190691,True,True
39678481,15.79000000,3.75000000,59.21250000,1666140241213,True,True
39678482,15.79000000,1.00000000,15.79000000,1666140241988,False,True
39678483,15.79000000,69.26000000,1093.61540000,1666140242007,False,True
39678484,15.79000000,63.22000000,998.24380000,1666140242007,False,True
39678485,15.79000000,276.65000000,4368.30350000,1666140242007,False,True
39678486,15.79000000,44.45000000,701.86550000,1666140242007,False,True
39678487,15.79000000,12.82000000,202.42780000,1666140242007,False,True
39678488,15.79000000,52.93000000,835.76470000,1666140242007,False,True
39678489,15.79000000,3.10000000,48.94900000,1666140242019,False,True
39678490,15.79000000,92.04000000,1453.31160000,1666140242053,False,True
39678491,15.79000000,68.08000000,1074.98320000,1666140242053,False,True
39678492,15.79000000,47.40000000,748.44600000,1666140242053,False,True
39678493,15.79000000,12.60000000,198.95400000,1666140242053,False,True
39678494,15.79000000,5.21000000,82.26590000,1666140242079,True,True
39678495,15.79000000,5.21000000,82.26590000,1666140242082,True,True
39678496,15.80000000,27.14000000,428.81200000,1666140242267,False,True
39678497,15.80000000,6.40000000,101.12000000,1666140242267,False,True
39678498,15.80000000,1.00000000,15.80000000,1666140261839,False,True
39678499,15.79000000,5.82000000,91.89780000,1666140279250,False,True
39678500,15.78000000,1.20000000,18.93600000,1666140293993,True,True
39678501,15.78000000,52.92000000,835.07760000,1666140293993,True,True
39678502,15.78000000,10.66000000,168.21480000,1666140293993,True,True
39678503,15.78000000,3.52000000,55.54560000,1666140293993,True,True
39678504,15.78000000,15.79000000,249.16620000,1666140293993,True,True
39678505,15.78000000,4.68000000,73.85040000,1666140293993,True,True
39678506,15.78000000,0.69000000,10.88820000,1666140293993,True,True
39678507,15.78000000,16.00000000,252.48000000,1666140293993,True,True
39678508,15.78000000,0.70000000,11.04600000,1666140293993,True,True
39678509,15.78000000,3.30000000,52.07400000,1666140293993,True,True
39678510,15.78000000,1.66000000,26.19480000,1666140293993,True,True
39678511,15.78000000,5.54000000,87.42120000,1666140293993,True,True
39678512,15.78000000,7.74000000,122.13720000,1666140293993,True,True
39678513,15.78000000,4.17000000,65.80260000,1666140293993,True,True
39678514,15.77000000,10.40000000,164.00800000,1666140293993,True,True
39678515,15.77000000,0.84000000,13.24680000,1666140293993,True,True
39678516,15.77000000,0.70000000,11.03900000,1666140293993,True,True
39678517,15.77000000,0.84000000,13.24680000,1666140293993,True,True
39678518,15.77000000,1.27000000,20.02790000,1666140293993,True,True
39678519,15.77000000,0.76000000,11.98520000,1666140293993,True,True
39678520,15.77000000,0.69000000,10.88130000,1666140293993,True,True
39678521,15.77000000,0.70000000,11.03900000,1666140293993,True,True
39678522,15.77000000,71.76000000,1131.65520000,1666140293993,True,True
39678523,15.77000000,12.65000000,199.49050000,1666140293993,True,True
39678524,15.77000000,110.16000000,1737.22320000,1666140293993,True,True
39678525,15.77000000,95.24000000,1501.93480000,1666140293993,True,True
39678526,15.78000000,2.60000000,41.02800000,1666140294013,False,True
39678527,15.78000000,32.75000000,516.79500000,1666140306049,False,True
39678528,15.78000000,1.00000000,15.78000000,1666140306049,False,True
39678529,15.78000000,14.22000000,224.39160000,1666140306060,False,True
39678530,15.78000000,23.63000000,372.88140000,1666140306060,False,True
39678531,15.78000000,1.09000000,17.20020000,1666140306060,False,True
39678532,15.78000000,1.09000000,17.20020000,1666140306060,False,True
39678533,15.78000000,1.09000000,17.20020000,1666140306060,False,True
39678534,15.78000000,12.69000000,200.24820000,1666140306060,False,True
39678535,15.78000000,1.09000000,17.20020000,1666140306060,False,True
39678536,15.78000000,4.06000000,64.06680000,1666140326342,True,True
39678537,15.80000000,1.00000000,15.80000000,1666140327942,False,True
39678538,15.79000000,1.00000000,15.79000000,1666140332967,True,True
39678539,15.79000000,6.68000000,105.47720000,1666140374019,True,True
39678540,15.79000000,27.18000000,429.17220000,1666140374019,True,True
39678541,15.78000000,1.10000000,17.35800000,1666140376886,True,True
39678542,15.78000000,1.10000000,17.35800000,1666140376889,True,True
39678543,15.78000000,12.22000000,192.83160000,1666140376896,True,True
39678544,15.77000000,5.00000000,78.85000000,1666140379054,True,True
39678545,15.77000000,5.00000000,78.85000000,1666140379054,True,True
39678546,15.77000000,4.17000000,65.76090000,1666140379054,True,True
39678547,15.76000000,1.43000000,22.53680000,1666140380615,True,True
39678548,15.76000000,5.71000000,89.98960000,1666140380615,True,True
39678549,15.76000000,0.69000000,10.87440000,1666140380615,True,True
39678550,15.76000000,3.30000000,52.00800000,1666140380615,True,True
39678551,15.76000000,5.00000000,78.80000000,1666140380615,True,True
39678552,15.76000000,1.14000000,17.96640000,1666140380615,True,True
39678553,15.76000000,7.08000000,111.58080000,1666140380615,True,True
39678554,15.75000000,0.69000000,10.86750000,1666140382408,True,True
39678555,15.75000000,1.25000000,19.68750000,1666140382408,True,True
39678556,15.75000000,16.64000000,262.08000000,1666140382408,True,True
39678557,15.75000000,7.10000000,111.82500000,1666140382417,True,True
39678558,15.75000000,0.69000000,10.86750000,1666140382417,True,True
39678559,15.75000000,36.35000000,572.51250000,1666140382502,False,True
39678560,15.75000000,13.62000000,214.51500000,1666140383220,False,True
39678561,15.75000000,99.44000000,1566.18000000,1666140383220,False,True
39678562,15.75000000,1.09000000,17.16750000,1666140383302,False,True
39678563,15.76000000,33.38000000,526.06880000,1666140383468,False,True
39678564,15.76000000,160.23000000,2525.22480000,1666140388254,False,True
39678565,15.76000000,10.42000000,164.21920000,1666140388254,False,True
39678566,15.77000000,33.03000000,520.88310000,1666140390466,False,True
39678567,15.77000000,6.32000000,99.66640000,1666140390488,False,True
39678568,15.78000000,1.00000000,15.78000000,1666140397219,False,True
39678569,15.77000000,39.35000000,620.54950000,1666140397376,True,True
39678570,15.77000000,32.53000000,512.99810000,1666140397377,True,True
39678571,15.77000000,60.11000000,947.93470000,1666140403185,False,True
39678572,15.77000000,5.82000000,91.78140000,1666140403185,False,True
39678573,15.77000000,33.47000000,527.82190000,1666140403194,False,True
39678574,15.77000000,4.15000000,65.44550000,1666140403194,False,True
39678575,15.77000000,13.57000000,213.99890000,1666140403238,False,True
39678576,15.78000000,0.93000000,14.67540000,1666140405837,False,True
39678577,15.77000000,25.38000000,400.24260000,1666140412428,True,True
39678578,15.77000000,8.16000000,128.68320000,1666140412428,True,True
39678579,15.77000000,5.41000000,85.31570000,1666140412437,True,True
39678580,15.77000000,8.16000000,128.68320000,1666140412437,True,True
39678581,15.77000000,17.22000000,271.55940000,1666140412441,True,True
39678582,15.77000000,25.38000000,400.24260000,1666140412441,True,True
39678583,15.77000000,1.52000000,23.97040000,1666140412441,True,True
39678584,15.77000000,17.21000000,271.40170000,1666140412459,True,True
39678585,15.77000000,6.65000000,104.87050000,1666140412472,True,True
39678586,15.77000000,25.38000000,400.24260000,1666140412490,True,True
39678587,15.77000000,7.49000000,118.11730000,1666140413437,False,True
39678588,15.77000000,7.49000000,118.11730000,1666140418708,True,True
39678589,15.77000000,7.49000000,118.11730000,1666140418708,True,True
39678590,15.77000000,12.46000000,196.49420000,1666140433455,False,True
39678591,15.78000000,34.12000000,538.41360000,1666140452747,False,True
39678592,15.78000000,25.22000000,397.97160000,1666140452784,False,True
39678593,15.78000000,0.74000000,11.67720000,1666140452805,False,True
39678594,15.78000000,8.88000000,140.12640000,1666140452839,False,True
39678595,15.78000000,5.28000000,83.31840000,1666140452844,False,True
39678596,15.78000000,57.17000000,902.14260000,1666140452852,False,True
39678597,15.78000000,32.47000000,512.37660000,1666140452857,False,True
39678598,15.78000000,6.17000000,97.36260000,1666140452862,False,True
39678599,15.78000000,26.80000000,422.90400000,1666140452869,False,True
39678600,15.78000000,8.77000000,138.39060000,1666140452875,False,True
39678601,15.78000000,33.90000000,534.94200000,1666140452964,False,True
39678602,15.78000000,4.17000000,65.80260000,1666140452964,False,True
39678603,15.78000000,24.38000000,384.71640000,1666140505920,True,True
39678604,15.78000000,5.29000000,83.47620000,1666140505982,False,True
39678605,15.78000000,4.36000000,68.80080000,1666140515521,False,True
39678606,15.77000000,12.46000000,196.49420000,1666140521878,True,True
39678607,15.77000000,39.49000000,622.75730000,1666140521878,True,True
39678608,15.77000000,7.74000000,122.05980000,1666140558103,False,True
39678609,15.77000000,16.64000000,262.41280000,1666140558120,False,True
39678610,15.77000000,13.57000000,213.99890000,1666140558120,False,True
39678611,15.77000000,69.77000000,1100.27290000,1666140558120,False,True
39678612,15.78000000,20.18000000,318.44040000,1666140605451,True,True
39678613,15.78000000,27.19000000,429.05820000,1666140605464,True,True
39678614,15.77000000,14.11000000,222.51470000,1666140635498,True,True
39678615,15.76000000,13.62000000,214.65120000,1666140642225,True,True
39678616,15.76000000,13.55000000,213.54800000,1666140642225,True,True
39678617,15.76000000,118.64000000,1869.76640000,1666140642225,True,True
39678618,15.76000000,3.30000000,52.00800000,1666140642225,True,True
39678619,15.76000000,3.62000000,57.05120000,1666140642225,True,True
39678620,15.76000000,26.42000000,416.37920000,1666140642225,True,True
39678621,15.76000000,43.81000000,690.44560000,1666140642225,True,True
39678622,15.76000000,4.17000000,65.71920000,1666140642225,True,True
39678623,15.76000000,5.00000000,78.80000000,1666140642225,True,True
39678624,15.76000000,22.22000000,350.18720000,1666140643690,False,True
39678625,15.76000000,1.55000000,24.42800000,1666140643731,False,True
39678626,15.76000000,3.40000000,53.58400000,1666140643740,False,True
39678627,15.76000000,13.62000000,214.65120000,1666140643740,False,True
39678628,15.76000000,2.71000000,42.70960000,1666140656828,True,True
39678629,15.77000000,5.62000000,88.62740000,1666140668371,False,True
39678630,15.77000000,11.55000000,182.14350000,1666140668386,False,True
39678631,15.77000000,10.01000000,157.85770000,1666140668388,False,True
39678632,15.77000000,14.75000000,232.60750000,1666140668388,False,True
39678633,15.77000000,3.48000000,54.87960000,1666140718298,True,True
39678634,15.77000000,3.88000000,61.18760000,1666140727452,True,True
39678635,15.77000000,63.41000000,999.97570000,1666140758124,True,True
39678636,15.77000000,63.09000000,994.92930000,1666140764198,True,True
39678637,15.77000000,41.80000000,659.18600000,1666140783254,True,True
39678638,15.77000000,20.34000000,320.76180000,1666140783254,True,True
39678639,15.77000000,32.44000000,511.57880000,1666140843419,True,True
39678640,15.76000000,35.60000000,561.05600000,1666140856082,True,True
39678641,15.76000000,3.64000000,57.36640000,1666140856082,True,True
39678642,15.76000000,3.74000000,58.94240000,1666140856082,True,True
39678643,15.76000000,24.38000000,384.22880000,1666140856083,True,True
39678644,15.75000000,12.65000000,199.23750000,1666140858960,True,True
39678645,15.75000000,4.00000000,63.00000000,1666140858960,True,True
39678646,15.75000000,3.30000000,51.97500000,1666140858960,True,True
39678647,15.75000000,4.17000000,65.67750000,1666140858960,True,True
39678648,15.74000000,0.71000000,11.17540000,1666140861024,True,True
39678649,15.74000000,1.28000000,20.14720000,1666140861024,True,True
39678650,15.74000000,0.71000000,11.17540000,1666140861024,True,True
39678651,15.74000000,0.71000000,11.17540000,1666140861024,True,True
39678652,15.74000000,0.14000000,2.20360000,1666140861024,True,True
39678653,15.75000000,36.19000000,569.99250000,1666140872960,True,True
39678654,15.75000000,66.65000000,1049.73750000,1666140872960,True,True
39678655,15.74000000,1.25000000,19.67500000,1666140872960,True,True
39678656,15.74000000,0.69000000,10.86060000,1666140872960,True,True
39678657,15.74000000,4.73000000,74.45020000,1666140872960,True,True
39678658,15.75000000,16.00000000,252.00000000,1666140881367,True,True
39678659,15.76000000,11.19000000,176.35440000,1666140884986,False,True
39678660,15.76000000,10.22000000,161.06720000,1666140892697,True,True
39678661,15.76000000,56.44000000,889.49440000,1666140892703,True,True
39678662,15.76000000,9.01000000,141.99760000,1666140892703,True,True
39678663,15.75000000,4.10000000,64.57500000,1666140909067,True,True
39678664,15.75000000,2.13000000,33.54750000,1666140909068,True,True
39678665,15.75000000,2.66000000,41.89500000,1666140909068,True,True
39678666,15.75000000,26.65000000,419.73750000,1666140909069,True,True
39678667,15.75000000,4.77000000,75.12750000,1666140909070,True,True
39678668,15.74000000,6.33000000,99.63420000,1666140911079,True,True
39678669,15.74000000,5.83000000,91.76420000,1666140911079,True,True
39678670,15.74000000,0.74000000,11.64760000,1666140911079,True,True
39678671,15.74000000,3.30000000,51.94200000,1666140911079,True,True
39678672,15.74000000,4.17000000,65.63580000,1666140911079,True,True
39678673,15.74000000,5.00000000,78.70000000,1666140911079,True,True
39678674,15.74000000,5.00000000,78.70000000,1666140911079,True,True
39678675,15.74000000,6.20000000,97.58800000,1666140911079,True,True
39678676,15.74000000,16.72000000,263.17280000,1666140913122,True,True
39678677,15.74000000,6.20000000,97.58800000,1666140913122,True,True
39678678,15.73000000,1.93000000,30.35890000,1666140915734,True,True
39678679,15.73000000,0.96000000,15.10080000,1666140915734,True,True
39678680,15.73000000,18.07000000,284.24110000,1666140915734,True,True
39678681,15.73000000,0.69000000,10.85370000,1666140915734,True,True
39678682,15.73000000,11.06000000,173.97380000,1666140915734,True,True
39678683,15.73000000,12.65000000,198.98450000,1666140915734,True,True
39678684,15.73000000,5.00000000,78.65000000,1666140915734,True,True
39678685,15.73000000,2.85000000,44.83050000,1666140915734,True,True
39678686,15.73000000,4.17000000,65.59410000,1666140915734,True,True
39678687,15.73000000,1.00000000,15.73000000,1666140921805,False,True
39678688,15.73000000,1.00000000,15.73000000,1666140922967,False,True
39678689,15.73000000,15.01000000,236.10730000,1666140922976,False,True
39678690,15.73000000,7.15000000,112.46950000,1666140922976,False,True
39678691,15.73000000,23.09000000,363.20570000,1666140922976,False,True
39678692,15.73000000,1.00000000,15.73000000,1666140922984,False,True
39678693,15.74000000,1.00000000,15.74000000,1666140927100,False,True
39678694,15.74000000,23.38000000,368.00120000,1666140927127,False,True
39678695,15.74000000,8.94000000,140.71560000,1666140927127,False,True
39678696,15.74000000,7.55000000,118.83700000,1666140927310,False,True
39678697,15.75000000,1.00000000,15.75000000,1666140927369,False,True
39678698,15.75000000,6.87000000,108.20250000,1666140944046,False,True
39678699,15.75000000,16.71000000,263.18250000,1666140944046,False,True
39678700,15.75000000,3.30000000,51.97500000,1666140944046,False,True
39678701,15.75000000,4.17000000,65.67750000,1666140944046,False,True
39678702,15.76000000,1.00000000,15.76000000,1666140944055,False,True
39678703,15.76000000,8.26000000,130.17760000,1666140950082,False,True
39678704,15.76000000,2.84000000,44.75840000,1666140950087,False,True
39678705,15.75000000,1.89000000,29.76750000,1666140952929,True,True
39678706,15.75000000,1.70000000,26.77500000,1666140952929,True,True
39678707,15.75000000,1.89000000,29.76750000,1666140952931,True,True
39678708,15.75000000,1.89000000,29.76750000,1666140952932,True,True
39678709,15.75000000,1.70000000,26.77500000,1666140952932,True,True
39678710,15.75000000,1.89000000,29.76750000,1666140952932,True,True
39678711,15.75000000,1.70000000,26.77500000,1666140952932,True,True
39678712,15.75000000,1.89000000,29.76750000,1666140952932,True,True
39678713,15.75000000,1.89000000,29.76750000,1666140952932,True,True
39678714,15.75000000,1.70000000,26.77500000,1666140952932,True,True
39678715,15.75000000,1.70000000,26.77500000,1666140952932,True,True
39678716,15.75000000,1.70000000,26.77500000,1666140952935,True,True
39678717,15.75000000,3.91000000,61.58250000,1666140952940,True,True
39678718,15.75000000,17.95000000,282.71250000,1666140952940,True,True
39678719,15.75000000,7.50000000,118.12500000,1666140952949,True,True
39678720,15.75000000,21.15000000,333.11250000,1666140952949,True,True
39678721,15.75000000,4.30000000,67.72500000,1666140952961,True,True
39678722,15.76000000,3.30000000,52.00800000,1666140962312,False,True
39678723,15.76000000,3.61000000,56.89360000,1666140962312,False,True
39678724,15.76000000,0.56000000,8.82560000,1666140962342,False,True
39678725,15.77000000,0.44000000,6.93880000,1666140962342,False,True
39678726,15.77000000,1.00000000,15.77000000,1666140962389,False,True
39678727,15.76000000,5.00000000,78.80000000,1666140968140,True,True
39678728,15.76000000,0.95000000,14.97200000,1666140968772,True,True
39678729,15.76000000,19.50000000,307.32000000,1666140970214,True,True
39678730,15.76000000,39.47000000,622.04720000,1666140970214,True,True
39678731,15.76000000,38.00000000,598.88000000,1666140970214,True,True
39678732,15.76000000,17.59000000,277.21840000,1666140970214,True,True
39678733,15.76000000,2.45000000,38.61200000,1666140970214,True,True
39678734,15.76000000,25.42000000,400.61920000,1666140970214,True,True
39678735,15.76000000,13.58000000,214.02080000,1666140974627,False,True
39678736,15.76000000,15.07000000,237.50320000,1666140974627,False,True
39678737,15.76000000,1.46000000,23.00960000,1666140974636,False,True
39678738,15.76000000,28.65000000,451.52400000,1666141005781,True,True
39678739,15.76000000,22.04000000,347.35040000,1666141005797,True,True
39678740,15.76000000,16.03000000,252.63280000,1666141005821,True,True
39678741,15.77000000,0.76000000,11.98520000,1666141006218,False,True
39678742,15.77000000,8.86000000,139.72220000,1666141011671,True,True
39678743,15.77000000,2.39000000,37.69030000,1666141011730,True,True
39678744,15.77000000,9.03000000,142.40310000,1666141011796,True,True
39678745,15.77000000,11.77000000,185.61290000,1666141015001,True,True
39678746,15.76000000,1.47000000,23.16720000,1666141018575,True,True
39678747,15.76000000,6.20000000,97.71200000,1666141028417,False,True
39678748,15.76000000,20.00000000,315.20000000,1666141031070,True,True
39678749,15.76000000,46.69000000,735.83440000,1666141031076,True,True
39678750,15.76000000,12.77000000,201.25520000,1666141036504,False,True
39678751,15.76000000,9.68000000,152.55680000,1666141036504,False,True
39678752,15.76000000,4.77000000,75.17520000,1666141036506,False,True
39678753,15.77000000,1.00000000,15.77000000,1666141036529,False,True
39678754,15.77000000,12.69000000,200.12130000,1666141055519,False,True
39678755,15.77000000,13.65000000,215.26050000,1666141055519,False,True
39678756,15.77000000,10.55000000,166.37350000,1666141055521,False,True
39678757,15.77000000,49.45000000,779.82650000,1666141055521,False,True
39678758,15.77000000,60.00000000,946.20000000,1666141055525,False,True
39678759,15.77000000,24.17000000,381.16090000,1666141055529,False,True
39678760,15.78000000,1.00000000,15.78000000,1666141055604,False,True
39678761,15.77000000,44.38000000,699.87260000,1666141057746,True,True
39678762,15.77000000,51.88000000,818.14760000,1666141057746,True,True
39678763,15.77000000,1.00000000,15.77000000,1666141066258,True,True
39678764,15.77000000,1.00000000,15.77000000,1666141077699,True,True
39678765,15.77000000,12.83000000,202.32910000,1666141082923,True,True
39678766,15.76000000,36.48000000,574.92480000,1666141091400,True,True
39678767,15.76000000,3.55000000,55.94800000,1666141091400,True,True
39678768,15.76000000,41.10000000,647.73600000,1666141091409,True,True
39678769,15.76000000,4.77000000,75.17520000,1666141091412,True,True
39678770,15.76000000,39.02000000,614.95520000,1666141091412,True,True
39678771,15.76000000,12.69000000,199.99440000,1666141092598,False,True
39678772,15.76000000,66.69000000,1051.03440000,1666141097076,True,True
39678773,15.76000000,7.49000000,118.04240000,1666141123126,True,True
39678774,15.76000000,7.49000000,118.04240000,1666141123126,True,True
39678775,15.75000000,0.83000000,13.07250000,1666141124107,True,True
39678776,15.75000000,20.00000000,315.00000000,1666141136152,True,True
39678777,15.75000000,7.21000000,113.55750000,1666141140083,True,True
39678778,15.75000000,5.48000000,86.31000000,1666141140083,True,True
39678779,15.74000000,6.00000000,94.44000000,1666141149027,True,True
39678780,15.74000000,3.30000000,51.94200000,1666141149027,True,True
39678781,15.74000000,1.66000000,26.12840000,1666141149027,True,True
39678782,15.74000000,4.17000000,65.63580000,1666141149027,True,True
39678783,15.74000000,16.21000000,255.14540000,1666141149027,True,True
39678784,15.74000000,6.37000000,100.26380000,1666141149057,False,True
39678785,15.74000000,13.99000000,220.20260000,1666141166795,False,True
39678786,15.74000000,3.30000000,51.94200000,1666141166795,False,True
39678787,15.74000000,4.17000000,65.63580000,1666141166795,False,True
39678788,15.74000000,24.38000000,383.74120000,1666141166795,False,True
39678789,15.74000000,5.48000000,86.25520000,1666141166795,False,True
39678790,15.74000000,12.50000000,196.75000000,1666141166795,False,True
39678791,15.73000000,6.20000000,97.52600000,1666141172622,True,True
39678792,15.73000000,12.30000000,193.47900000,1666141172622,True,True
39678793,15.73000000,12.30000000,193.47900000,1666141172622,True,True
39678794,15.73000000,2.83000000,44.51590000,1666141172622,True,True
39678795,15.74000000,2.39000000,37.61860000,1666141179567,True,True
39678796,15.74000000,32.81000000,516.42940000,1666141216673,False,True
39678797,15.74000000,21.32000000,335.57680000,1666141216689,False,True
39678798,15.74000000,23.54000000,370.51960000,1666141216791,True,True
39678799,15.74000000,5.68000000,89.40320000,1666141216862,True,True
39678800,15.75000000,1.29000000,20.31750000,1666141217680,False,True
39678801,15.75000000,4.17000000,65.67750000,1666141217688,False,True
39678802,15.75000000,5.00000000,78.75000000,1666141217688,False,True
39678803,15.75000000,5.00000000,78.75000000,1666141217688,False,True
39678804,15.75000000,1.15000000,18.11250000,1666141217688,False,True
39678805,15.75000000,1.47000000,23.15250000,1666141217743,True,True
39678806,15.75000000,1.47000000,23.15250000,1666141217830,True,True
39678807,15.75000000,20.00000000,315.00000000,1666141236616,True,True
39678808,15.75000000,5.03000000,79.22250000,1666141236618,True,True
39678809,15.75000000,14.97000000,235.77750000,1666141236618,True,True
39678810,15.75000000,40.00000000,630.00000000,1666141236624,True,True
39678811,15.75000000,8.24000000,129.78000000,1666141236625,True,True
39678812,15.75000000,3.42000000,53.86500000,1666141236627,True,True
39678813,15.75000000,27.18000000,428.08500000,1666141236627,True,True
39678814,15.75000000,9.40000000,148.05000000,1666141236627,True,True
39678815,15.75000000,29.28000000,461.16000000,1666141236631,True,True
39678816,15.75000000,18.60000000,292.95000000,1666141236631,True,True
39678817,15.75000000,16.43000000,258.77250000,1666141236739,False,True
39678818,15.74000000,16.05000000,252.62700000,1666141241233,True,True
39678819,15.73000000,13.20000000,207.63600000,1666141245259,True,True
39678820,15.73000000,13.98000000,219.90540000,1666141245259,True,True
39678821,15.73000000,3.30000000,51.90900000,1666141245259,True,True
39678822,15.73000000,2.33000000,36.65090000,1666141245259,True,True
39678823,15.73000000,0.64000000,10.06720000,1666141245823,True,True
39678824,15.73000000,0.90000000,14.15700000,1666141245823,True,True
39678825,15.73000000,0.05000000,0.78650000,1666141245823,True,True
39678826,15.72000000,2.91000000,45.74520000,1666141256760,True,True
39678827,15.72000000,2.06000000,32.38320000,1666141256760,True,True
39678828,15.72000000,1.00000000,15.72000000,1666141256760,True,True
39678829,15.72000000,5.00000000,78.60000000,1666141256760,True,True
39678830,15.72000000,0.69000000,10.84680000,1666141256760,True,True
39678831,15.72000000,3.30000000,51.87600000,1666141256760,True,True
39678832,15.72000000,4.17000000,65.55240000,1666141256760,True,True
39678833,15.71000000,15.66000000,246.01860000,1666141256760,True,True
39678834,15.72000000,4.99000000,78.44280000,1666141256815,False,True
39678835,15.72000000,2.39000000,37.57080000,1666141258244,False,True
39678836,15.71000000,2.37000000,37.23270000,1666141261612,True,True
39678837,15.71000000,45.55000000,715.59050000,1666141261645,True,True
39678838,15.71000000,0.91000000,14.29610000,1666141261645,True,True
39678839,15.71000000,0.70000000,10.99700000,1666141261645,True,True
39678840,15.71000000,9.36000000,147.04560000,1666141261645,True,True
39678841,15.71000000,0.70000000,10.99700000,1666141261645,True,True
39678842,15.71000000,0.70000000,10.99700000,1666141261645,True,True
39678843,15.71000000,4.17000000,65.51070000,1666141261645,True,True
39678844,15.71000000,0.93000000,14.61030000,1666141261645,True,True
39678845,15.71000000,2.37000000,37.23270000,1666141261696,True,True
39678846,15.71000000,1.68000000,26.39280000,1666141262449,False,True
39678847,15.71000000,1.68000000,26.39280000,1666141262539,False,True
39678848,15.71000000,1.68000000,26.39280000,1666141262624,False,True
39678849,15.71000000,2.38000000,37.38980000,1666141262817,False,True
39678850,15.71000000,19.76000000,310.42960000,1666141262838,False,True
39678851,15.71000000,1.09000000,17.12390000,1666141262838,False,True
39678852,15.71000000,1.09000000,17.12390000,1666141262838,False,True
39678853,15.70000000,0.93000000,14.60100000,1666141266042,True,True
39678854,15.71000000,8.86000000,139.19060000,1666141266953,False,True
39678855,15.71000000,32.93000000,517.33030000,1666141269206,False,True
39678856,15.71000000,18.94000000,297.54740000,1666141269206,False,True
39678857,15.71000000,1.98000000,31.10580000,1666141269218,False,True
39678858,15.72000000,1.00000000,15.72000000,1666141269242,False,True
39678859,15.72000000,1.09000000,17.13480000,1666141274825,False,True
39678860,15.73000000,4.17000000,65.59410000,1666141297731,False,True
39678861,15.73000000,2.23000000,35.07790000,1666141297731,False,True
39678862,15.73000000,7.23000000,113.72790000,1666141318350,True,True
39678863,15.73000000,7.23000000,113.72790000,1666141318353,True,True
39678864,15.73000000,7.23000000,113.72790000,1666141318356,True,True
39678865,15.73000000,3.77000000,59.30210000,1666141319507,True,True
39678866,15.73000000,18.17000000,285.81410000,1666141319521,True,True
39678867,15.73000000,5.12000000,80.53760000,1666141319598,True,True
39678868,15.73000000,0.86000000,13.52780000,1666141337997,True,True
39678869,15.73000000,0.86000000,13.52780000,1666141339575,True,True
39678870,15.74000000,5.00000000,78.70000000,1666141380018,False,True
39678871,15.73000000,0.45000000,7.07850000,1666141386470,True,True
39678872,15.73000000,24.38000000,383.49740000,1666141386470,True,True
39678873,15.73000000,7.41000000,116.55930000,1666141386470,True,True
39678874,15.73000000,11.19000000,176.01870000,1666141386485,True,True
39678875,15.73000000,6.20000000,97.52600000,1666141386485,True,True
39678876,15.73000000,2.65000000,41.68450000,1666141386485,True,True
39678877,15.73000000,22.81000000,358.80130000,1666141386487,True,True
39678878,15.73000000,20.04000000,315.22920000,1666141386487,True,True
39678879,15.73000000,5.42000000,85.25660000,1666141386491,True,True
39678880,15.73000000,25.46000000,400.48580000,1666141386491,True,True
39678881,15.73000000,20.62000000,324.35260000,1666141394394,False,True
39678882,15.73000000,35.18000000,553.38140000,1666141394394,False,True
39678883,15.73000000,8.31000000,130.71630000,1666141394401,False,True
39678884,15.74000000,1.00000000,15.74000000,1666141394424,False,True
39678885,15.73000000,55.80000000,877.73400000,1666141454576,True,True
39678886,15.73000000,23.34000000,367.13820000,1666141454576,True,True
39678887,15.73000000,34.45000000,541.89850000,1666141454578,True,True
39678888,15.73000000,10.86000000,170.82780000,1666141454580,True,True
39678889,15.72000000,3.37000000,52.97640000,1666141463716,True,True
39678890,15.73000000,2.03000000,31.93190000,1666141471941,False,True
39678891,15.73000000,32.15000000,505.71950000,1666141475112,False,True
39678892,15.73000000,2.28000000,35.86440000,1666141475112,False,True
39678893,15.73000000,24.77000000,389.63210000,1666141475114,False,True
39678894,15.73000000,37.05000000,582.79650000,1666141475114,False,True
39678895,15.74000000,1.00000000,15.74000000,1666141475132,False,True
39678896,15.73000000,5.00000000,78.65000000,1666141489102,True,True
39678897,15.73000000,1.61000000,25.32530000,1666141512480,True,True
39678898,15.73000000,20.01000000,314.75730000,1666141512480,True,True
39678899,15.72000000,20.03000000,314.87160000,1666141514911,True,True
39678900,15.73000000,1.09000000,17.14570000,1666141516318,False,True
39678901,15.73000000,25.31000000,398.12630000,1666141555573,True,True
39678902,15.74000000,1.00000000,15.74000000,1666141565665,False,True
39678903,15.73000000,12.06000000,189.70380000,1666141566335,True,True
39678904,15.74000000,1.00000000,15.74000000,1666141567124,False,True
39678905,15.74000000,0.17000000,2.67580000,1666141567187,False,True
39678906,15.74000000,0.90000000,14.16600000,1666141567187,False,True
39678907,15.74000000,4.17000000,65.63580000,1666141567187,False,True
39678908,15.74000000,31.81000000,500.68940000,1666141567269,True,True
39678909,15.75000000,0.68000000,10.71000000,1666141572385,False,True
39678910,15.75000000,0.32000000,5.04000000,1666141572385,False,True
39678911,15.75000000,0.94000000,14.80500000,1666141572986,False,True
39678912,15.75000000,0.64000000,10.08000000,1666141572989,False,True
39678913,15.75000000,1.00000000,15.75000000,1666141588621,False,True
39678914,15.75000000,4.17000000,65.67750000,1666141619002,False,True
39678915,15.76000000,1.00000000,15.76000000,1666141619011,False,True
39678916,15.75000000,2.90000000,45.67500000,1666141619016,True,True
39678917,15.76000000,1.00000000,15.76000000,1666141637652,False,True
39678918,15.76000000,2.17000000,34.19920000,1666141637867,False,True
39678919,15.76000000,4.17000000,65.71920000,1666141637867,False,True
39678920,15.77000000,1.00000000,15.77000000,1666141668386,False,True
39678921,15.77000000,1.00000000,15.77000000,1666141668439,False,True
39678922,15.77000000,1.00000000,15.77000000,1666141670026,False,True
39678923,15.78000000,31.44000000,496.12320000,1666141702933,False,True
39678924,15.78000000,25.94000000,409.33320000,1666141702933,False,True
39678925,15.78000000,2.71000000,42.76380000,1666141702934,False,True
39678926,15.78000000,6.79000000,107.14620000,1666141702934,False,True
39678927,15.78000000,34.95000000,551.51100000,1666141702934,False,True
39678928,15.78000000,15.34000000,242.06520000,1666141702937,False,True
39678929,15.78000000,6.50000000,102.57000000,1666141702941,False,True
39678930,15.78000000,3.17000000,50.02260000,1666141702941,False,True
39678931,15.78000000,10.54000000,166.32120000,1666141702941,False,True
39678932,15.78000000,5.73000000,90.41940000,1666141702941,False,True
39678933,15.78000000,0.47000000,7.41660000,1666141702953,False,True
39678934,15.78000000,4.17000000,65.80260000,1666141702953,False,True
39678935,15.78000000,1.65000000,26.03700000,1666141702953,False,True
39678936,15.79000000,2.71000000,42.79090000,1666141718165,False,True
39678937,15.79000000,1.00000000,15.79000000,1666141718167,False,True
39678938,15.79000000,1.29000000,20.36910000,1666141718181,False,True
39678939,15.79000000,5.00000000,78.95000000,1666141718181,False,True
39678940,15.79000000,4.17000000,65.84430000,1666141718181,False,True
39678941,15.80000000,0.63000000,9.95400000,1666141725240,False,True
39678942,15.79000000,64.15000000,1012.92850000,1666141746300,True,True
39678943,15.79000000,6.20000000,97.89800000,1666141760961,False,True
39678944,15.80000000,0.28000000,4.42400000,1666141760976,False,True
39678945,15.80000000,0.72000000,11.37600000,1666141760976,False,True
39678946,15.80000000,1.00000000,15.80000000,1666141761003,False,True
39678947,15.80000000,3.16000000,49.92800000,1666141804233,False,True
39678948,15.80000000,24.95000000,394.21000000,1666141804233,False,True
39678949,15.80000000,1.65000000,26.07000000,1666141804233,False,True
39678950,15.80000000,84.00000000,1327.20000000,1666141804233,False,True
39678951,15.80000000,12.30000000,194.34000000,1666141804233,False,True
39678952,15.80000000,1.11000000,17.53800000,1666141804233,False,True
39678953,15.80000000,1.11000000,17.53800000,1666141804233,False,True
39678954,15.80000000,18.60000000,293.88000000,1666141804233,False,True
39678955,15.80000000,15.50000000,244.90000000,1666141804233,False,True
39678956,15.80000000,14.70000000,232.26000000,1666141804233,False,True
39678957,15.80000000,12.30000000,194.34000000,1666141804233,False,True
39678958,15.80000000,57.25000000,904.55000000,1666141804233,False,True
39678959,15.79000000,11.34000000,179.05860000,1666141812319,True,True
39678960,15.78000000,8.22000000,129.71160000,1666141879962,True,True
39678961,15.78000000,1.99000000,31.40220000,1666141879962,True,True
39678962,15.78000000,3.39000000,53.49420000,1666141879962,True,True
39678963,15.78000000,12.45000000,196.46100000,1666141879962,True,True
39678964,15.78000000,2.39000000,37.71420000,1666141904709,False,True
39678965,15.77000000,3.30000000,52.04100000,1666142021059,True,True
39678966,15.77000000,1.66000000,26.17820000,1666142021059,True,True
39678967,15.77000000,0.03000000,0.47310000,1666142021059,True,True
39678968,15.77000000,0.93000000,14.66610000,1666142042378,True,True
39678969,15.78000000,1.56000000,24.61680000,1666142049696,False,True
39678970,15.78000000,1.27000000,20.04060000,1666142049928,False,True
39678971,15.77000000,1.00000000,15.77000000,1666142063961,True,True
39678972,15.78000000,6.30000000,99.41400000,1666142111764,False,True
39678973,15.78000000,2.39000000,37.71420000,1666142113670,False,True
39678974,15.78000000,1.00000000,15.78000000,1666142141711,False,True
39678975,15.77000000,1.07000000,16.87390000,1666142164677,True,True
39678976,15.78000000,14.56000000,229.75680000,1666142174732,False,True
39678977,15.78000000,2.39000000,37.71420000,1666142175338,False,True
39678978,15.78000000,68.39000000,1079.19420000,1666142196651,False,True
39678979,15.78000000,26.78000000,422.58840000,1666142196651,False,True
39678980,15.78000000,6.20000000,97.83600000,1666142196651,False,True
39678981,15.78000000,118.63000000,1871.98140000,1666142196651,False,True
39678982,15.78000000,15.82000000,249.63960000,1666142196663,False,True
39678983,15.78000000,11.34000000,178.94520000,1666142196663,False,True
39678984,15.78000000,2.21000000,34.87380000,1666142196676,False,True
39678985,15.78000000,9.51000000,150.06780000,1666142196676,False,True
39678986,15.79000000,11.35000000,179.21650000,1666142217564,False,True
39678987,15.79000000,4.48000000,70.73920000,1666142217564,False,True
39678988,15.79000000,11.35000000,179.21650000,1666142217564,False,True
39678989,15.79000000,47.78000000,754.44620000,1666142217564,False,True
39678990,15.79000000,4.17000000,65.84430000,1666142217564,False,True
39678991,15.79000000,67.03000000,1058.40370000,1666142217564,False,True
39678992,15.79000000,1.09000000,17.21110000,1666142217564,False,True
39678993,15.79000000,1.09000000,17.21110000,1666142217564,False,True
39678994,15.79000000,1.09000000,17.21110000,1666142217564,False,True
39678995,15.79000000,1.09000000,17.21110000,1666142217564,False,True
39678996,15.79000000,3.12000000,49.26480000,1666142224439,True,True
39678997,15.80000000,1.14000000,18.01200000,1666142229740,False,True
39678998,15.79000000,9.43000000,148.89970000,1666142277949,True,True
39678999,15.79000000,23.44000000,370.11760000,1666142277949,True,True
39679000,15.79000000,0.94000000,14.84260000,1666142277951,True,True
39679001,15.79000000,15.82000000,249.79780000,1666142277951,True,True
39679002,15.79000000,11.36000000,179.37440000,1666142277951,True,True
39679003,15.79000000,6.69000000,105.63510000,1666142277951,True,True
39679004,15.79000000,2.82000000,44.52780000,1666142277963,True,True
39679005,15.79000000,12.66000000,199.90140000,1666142286279,False,True
39679006,15.79000000,19.69000000,310.90510000,1666142286279,False,True
39679007,15.80000000,0.72000000,11.37600000,1666142348473,False,True
39679008,15.80000000,4.17000000,65.88600000,1666142348473,False,True
39679009,15.80000000,7.98000000,126.08400000,1666142351520,True,True
39679010,15.80000000,15.82000000,249.95600000,1666142358437,False,True
39679011,15.79000000,1.04000000,16.42160000,1666142395632,True,True
39679012,15.79000000,28.65000000,452.38350000,1666142414666,True,True
39679013,15.79000000,30.34000000,479.06860000,1666142414675,True,True
39679014,15.79000000,13.18000000,208.11220000,1666142414677,True,True
39679015,15.79000000,7.65000000,120.79350000,1666142414677,True,True
39679016,15.79000000,36.91000000,582.80890000,1666142414677,True,True
39679017,15.79000000,32.35000000,510.80650000,1666142414683,True,True
39679018,15.79000000,56.34000000,889.60860000,1666142414690,True,True
39679019,15.79000000,20.00000000,315.80000000,1666142414693,True,True
39679020,15.79000000,19.40000000,306.32600000,1666142414693,True,True
39679021,15.79000000,0.60000000,9.47400000,1666142414693,True,True
39679022,15.79000000,23.22000000,366.64380000,1666142414694,True,True
39679023,15.79000000,19.85000000,313.43150000,1666142414704,True,True
39679024,15.79000000,121.33000000,1915.80070000,1666142414705,True,True
39679025,15.79000000,6.73000000,106.26670000,1666142414705,True,True
39679026,15.78000000,34.43000000,543.30540000,1666142510189,True,True
39679027,15.78000000,50.90000000,803.20200000,1666142510190,True,True
39679028,15.78000000,13.60000000,214.60800000,1666142510190,True,True
39679029,15.78000000,67.44000000,1064.20320000,1666142510190,True,True
39679030,15.78000000,40.00000000,631.20000000,1666142510193,True,True
39679031,15.78000000,57.56000000,908.29680000,1666142510202,True,True
39679032,15.78000000,0.51000000,8.04780000,1666142510202,True,True
39679033,15.78000000,4.49000000,70.85220000,1666142510206,True,True
39679034,15.78000000,3.30000000,52.07400000,1666142510206,True,True
39679035,15.78000000,3.00000000,47.34000000,1666142510206,True,True
39679036,15.78000000,4.17000000,65.80260000,1666142510206,True,True
39679037,15.77000000,0.76000000,11.98520000,1666142536090,True,True
39679038,15.77000000,1.36000000,21.44720000,1666142536090,True,True
39679039,15.78000000,48.21000000,760.75380000,1666142538592,False,True
39679040,15.78000000,8.13000000,128.29140000,1666142538592,False,True
39679041,15.78000000,39.64000000,625.51920000,1666142538597,False,True
39679042,15.78000000,1.09000000,17.20020000,1666142538597,False,True
39679043,15.78000000,1.09000000,17.20020000,1666142538597,False,True
39679044,15.78000000,1.09000000,17.20020000,1666142538597,False,True
39679045,15.78000000,1.09000000,17.20020000,1666142538597,False,True
39679046,15.78000000,44.98000000,709.78440000,1666142554851,True,True
39679047,15.78000000,7.71000000,121.66380000,1666142563739,False,True
39679048,15.77000000,6.71000000,105.81670000,1666142573770,True,True
39679049,15.78000000,2.39000000,37.71420000,1666142616718,False,True
39679050,15.78000000,1.09000000,17.20020000,1666142616818,False,True
39679051,15.78000000,1.09000000,17.20020000,1666142616818,False,True
39679052,15.78000000,1.09000000,17.20020000,1666142616818,False,True
39679053,15.78000000,1.09000000,17.20020000,1666142616818,False,True
39679054,15.78000000,24.38000000,384.71640000,1666142616818,False,True
39679055,15.78000000,2.39000000,37.71420000,1666142701816,False,True
39679056,15.78000000,2.39000000,37.71420000,1666142707740,False,True
39679057,15.77000000,3.00000000,47.31000000,1666142780355,True,True
39679058,15.77000000,3.86000000,60.87220000,1666142780355,True,True
39679059,15.77000000,4.17000000,65.76090000,1666142780355,True,True
39679060,15.77000000,68.49000000,1080.08730000,1666142780481,False,True
39679061,15.77000000,21.68000000,341.89360000,1666142780481,False,True
39679062,15.76000000,3.30000000,52.00800000,1666142838806,True,True
39679063,15.76000000,3.00000000,47.28000000,1666142838806,True,True
39679064,15.76000000,4.17000000,65.71920000,1666142838806,True,True
39679065,15.76000000,4.18000000,65.87680000,1666142838826,False,True
39679066,15.75000000,10.57000000,166.47750000,1666142851220,True,True
39679067,15.75000000,6.00000000,94.50000000,1666142851221,True,True
39679068,15.75000000,1.10000000,17.32500000,1666142851221,True,True
39679069,15.75000000,0.85000000,13.38750000,1666142851221,True,True
39679070,15.75000000,42.59000000,670.79250000,1666142858522,False,True
39679071,15.75000000,12.84000000,202.23000000,1666142858522,False,True
39679072,15.75000000,11.03000000,173.72250000,1666142858524,False,True
39679073,15.75000000,25.84000000,406.98000000,1666142858533,False,True
39679074,15.75000000,2.81000000,44.25750000,1666142858533,False,True
39679075,15.75000000,10.91000000,171.83250000,1666142858534,False,True
39679076,15.75000000,1.09000000,17.16750000,1666142858534,False,True
39679077,15.75000000,1.09000000,17.16750000,1666142858534,False,True
39679078,15.75000000,1.09000000,17.16750000,1666142858534,False,True
39679079,15.75000000,1.09000000,17.16750000,1666142858534,False,True
39679080,15.76000000,2.08000000,32.78080000,1666142878141,False,True
39679081,15.76000000,3.14000000,49.48640000,1666142883841,False,True
39679082,15.76000000,33.01000000,520.23760000,1666142898442,False,True
39679083,15.76000000,32.66000000,514.72160000,1666142898473,False,True
39679084,15.76000000,7.52000000,118.51520000,1666142898474,False,True
39679085,15.76000000,6.26000000,98.65760000,1666142898481,False,True
39679086,15.76000000,20.00000000,315.20000000,1666142898483,False,True
39679087,15.76000000,3.29000000,51.85040000,1666142898495,False,True
39679088,15.76000000,9.66000000,152.24160000,1666142898497,False,True
39679089,15.76000000,1.09000000,17.17840000,1666142898497,False,True
39679090,15.76000000,1.09000000,17.17840000,1666142898497,False,True
39679091,15.76000000,1.09000000,17.17840000,1666142898497,False,True
39679092,15.76000000,19.54000000,307.95040000,1666142898497,False,True
39679093,15.76000000,48.98000000,771.92480000,1666142898498,False,True
39679094,15.76000000,24.00000000,378.24000000,1666142917692,True,True
39679095,15.77000000,0.69000000,10.88130000,1666142924869,False,True
39679096,15.76000000,0.69000000,10.87440000,1666142927511,True,True
39679097,15.75000000,0.76000000,11.97000000,1666142953257,True,True
39679098,15.76000000,1.09000000,17.17840000,1666142969108,False,True
39679099,15.76000000,14.73000000,232.14480000,1666142969108,False,True
39679100,15.77000000,3.34000000,52.67180000,1666142991007,False,True
39679101,15.76000000,51.13000000,805.80880000,1666143006433,True,True
39679102,15.77000000,0.69000000,10.88130000,1666143009569,False,True
39679103,15.77000000,1.09000000,17.18930000,1666143009574,False,True
39679104,15.78000000,3.17000000,50.02260000,1666143038995,False,True
39679105,15.78000000,3.30000000,52.07400000,1666143038995,False,True
39679106,15.78000000,1.57000000,24.77460000,1666143038995,False,True
39679107,15.78000000,1.47000000,23.19660000,1666143039099,True,True
39679108,15.79000000,2.53000000,39.94870000,1666143048607,False,True
39679109,15.79000000,22.32000000,352.43280000,1666143056205,True,True
39679110,15.79000000,3.14000000,49.58060000,1666143063657,True,True
39679111,15.79000000,62.04000000,979.61160000,1666143089582,True,True
39679112,15.79000000,2.09000000,33.00110000,1666143096860,True,True
39679113,15.79000000,2.83000000,44.68570000,1666143121482,True,True
39679114,15.79000000,7.22000000,114.00380000,1666143121482,True,True
39679115,15.79000000,6.55000000,103.42450000,1666143121482,True,True
39679116,15.79000000,4.52000000,71.37080000,1666143121488,True,True
39679117,15.79000000,24.38000000,384.96020000,1666143121488,True,True
39679118,15.79000000,1.19000000,18.79010000,1666143121488,True,True
39679119,15.79000000,9.51000000,150.16290000,1666143121488,True,True
39679120,15.79000000,2.46000000,38.84340000,1666143142169,False,True
39679121,15.79000000,2.58000000,40.73820000,1666143155596,False,True
39679122,15.78000000,18.00000000,284.04000000,1666143180991,True,True
39679123,15.78000000,6.38000000,100.67640000,1666143180991,True,True
39679124,15.78000000,1.29000000,20.35620000,1666143180991,True,True
39679125,15.78000000,5.85000000,92.31300000,1666143180991,True,True
39679126,15.78000000,111.58000000,1760.73240000,1666143190449,False,True
39679127,15.78000000,6.38000000,100.67640000,1666143190449,False,True
39679128,15.78000000,1.09000000,17.20020000,1666143190449,False,True
39679129,15.78000000,1.09000000,17.20020000,1666143190449,False,True
39679130,15.78000000,1.09000000,17.20020000,1666143190449,False,True
39679131,15.78000000,1.09000000,17.20020000,1666143190449,False,True
39679132,15.78000000,115.44000000,1821.64320000,1666143200225,True,True
39679133,15.78000000,41.35000000,652.50300000,1666143200225,True,True
39679134,15.78000000,6.20000000,97.83600000,1666143200225,True,True
39679135,15.78000000,18.60000000,293.50800000,1666143200225,True,True
39679136,15.78000000,70.08000000,1105.86240000,1666143200225,True,True
39679137,15.78000000,84.00000000,1325.52000000,1666143200225,True,True
39679138,15.78000000,12.30000000,194.09400000,1666143200225,True,True
39679139,15.78000000,12.30000000,194.09400000,1666143200225,True,True
39679140,15.78000000,11.70000000,184.62600000,1666143200225,True,True
39679141,15.78000000,14.70000000,231.96600000,1666143200225,True,True
39679142,15.78000000,15.50000000,244.59000000,1666143200225,True,True
39679143,15.78000000,15.82000000,249.63960000,1666143200233,True,True
39679144,15.78000000,58.72000000,926.60160000,1666143200239,True,True
39679145,15.78000000,9.46000000,149.27880000,1666143200239,True,True
39679146,15.77000000,16.33000000,257.52410000,1666143200356,True,True
39679147,15.77000000,3.69000000,58.19130000,1666143200780,True,True
39679148,15.77000000,12.67000000,199.80590000,1666143200780,True,True
39679149,15.77000000,11.09000000,174.88930000,1666143200780,True,True
39679150,15.77000000,12.07000000,190.34390000,1666143200780,True,True
39679151,15.77000000,1.83000000,28.85910000,1666143212999,True,True
39679152,15.78000000,1.47000000,23.19660000,1666143232219,True,True
39679153,15.78000000,1.09000000,17.20020000,1666143246039,False,True
39679154,15.78000000,1.09000000,17.20020000,1666143246039,False,True
39679155,15.79000000,3.00000000,47.37000000,1666143266997,False,True
39679156,15.79000000,6.36000000,100.42440000,1666143266997,False,True
39679157,15.79000000,0.73000000,11.52670000,1666143266997,False,True
39679158,15.79000000,31.70000000,500.54300000,1666143266997,False,True
39679159,15.79000000,19.34000000,305.37860000,1666143299171,False,True
39679160,15.79000000,13.64000000,215.37560000,1666143299171,False,True
39679161,15.79000000,7.19000000,113.53010000,1666143299627,False,True
39679162,15.79000000,4.17000000,65.84430000,1666143299627,False,True
39679163,15.79000000,1.83000000,28.89570000,1666143320373,False,True
39679164,15.79000000,6.20000000,97.89800000,1666143365806,False,True
39679165,15.79000000,12.30000000,194.21700000,1666143365806,False,True
39679166,15.79000000,13.84000000,218.53360000,1666143365806,False,True
39679167,15.79000000,0.95000000,15.00050000,1666143367738,True,True
39679168,15.79000000,7.49000000,118.26710000,1666143372799,True,True
39679169,15.79000000,7.49000000,118.26710000,1666143372799,True,True
39679170,15.79000000,5.05000000,79.73950000,1666143373478,True,True
39679171,15.80000000,3.30000000,52.14000000,1666143378561,False,True
39679172,15.80000000,3.00000000,47.40000000,1666143378561,False,True
39679173,15.80000000,14.15000000,223.57000000,1666143378561,False,True
39679174,15.80000000,2.17000000,34.28600000,1666143378561,False,True
39679175,15.80000000,1.00000000,15.80000000,1666143378699,False,True
39679176,15.80000000,1.47000000,23.22600000,1666143378868,True,True
39679177,15.80000000,13.31000000,210.29800000,1666143380713,True,True
39679178,15.80000000,8.63000000,136.35400000,1666143380764,True,True
39679179,15.80000000,11.37000000,179.64600000,1666143380828,True,True
39679180,15.80000000,20.00000000,316.00000000,1666143383366,True,True
39679181,15.80000000,15.33000000,242.21400000,1666143385965,True,True
39679182,15.80000000,4.67000000,73.78600000,1666143385965,True,True
39679183,15.80000000,11.75000000,185.65000000,1666143386852,True,True
39679184,15.80000000,2.91000000,45.97800000,1666143387230,True,True
39679185,15.80000000,8.23000000,130.03400000,1666143387230,True,True
39679186,15.80000000,3.77000000,59.56600000,1666143387723,True,True
39679187,15.80000000,27.18000000,429.44400000,1666143387723,True,True
39679188,15.79000000,10.14000000,160.11060000,1666143387729,True,True
39679189,15.81000000,0.69000000,10.90890000,1666143400832,False,True
39679190,15.81000000,3.00000000,47.43000000,1666143400832,False,True
39679191,15.81000000,3.16000000,49.95960000,1666143400832,False,True
39679192,15.81000000,5.00000000,79.05000000,1666143400832,False,True
39679193,15.81000000,0.15000000,2.37150000,1666143400832,False,True
39679194,15.81000000,1.00000000,15.81000000,1666143430559,False,True
39679195,15.81000000,1.00000000,15.81000000,1666143430702,False,True
39679196,15.81000000,28.65000000,452.95650000,1666143433482,True,True
39679197,15.82000000,0.69000000,10.91580000,1666143450403,False,True
39679198,15.82000000,0.01000000,0.15820000,1666143455936,False,True
39679199,15.82000000,0.68000000,10.75760000,1666143455936,False,True
39679200,15.82000000,0.03000000,0.47460000,1666143458130,False,True
39679201,15.82000000,0.66000000,10.44120000,1666143458130,False,True
39679202,15.82000000,0.69000000,10.91580000,1666143461446,False,True
39679203,15.82000000,0.69000000,10.91580000,1666143463729,False,True
39679204,15.82000000,0.69000000,10.91580000,1666143466679,False,True
39679205,15.82000000,0.43000000,6.80260000,1666143469294,False,True
39679206,15.82000000,0.26000000,4.11320000,1666143469294,False,True
39679207,15.82000000,0.69000000,10.91580000,1666143472250,False,True
39679208,15.82000000,0.69000000,10.91580000,1666143475327,False,True
39679209,15.82000000,0.69000000,10.91580000,1666143478367,False,True
39679210,15.81000000,0.69000000,10.90890000,1666143481017,True,True
39679211,15.80000000,2.39000000,37.76200000,1666143481046,True,True
39679212,15.81000000,0.69000000,10.90890000,1666143481166,False,True
39679213,15.81000000,0.69000000,10.90890000,1666143484006,False,True
39679214,15.82000000,0.69000000,10.91580000,1666143486981,False,True
39679215,15.82000000,9.22000000,145.86040000,1666143489460,False,True
39679216,15.82000000,3.30000000,52.20600000,1666143489460,False,True
39679217,15.82000000,8.28000000,130.98960000,1666143489460,False,True
39679218,15.82000000,16.10000000,254.70200000,1666143489496,False,True
39679219,15.82000000,12.55000000,198.54100000,1666143489496,False,True
39679220,15.82000000,9.48000000,149.97360000,1666143489702,False,True
39679221,15.82000000,4.17000000,65.96940000,1666143489702,False,True
39679222,15.83000000,0.69000000,10.92270000,1666143490786,False,True
39679223,15.83000000,0.01000000,0.15830000,1666143493811,False,True
39679224,15.83000000,0.68000000,10.76440000,1666143493811,False,True
39679225,15.82000000,1.27000000,20.09140000,1666143495605,True,True
39679226,15.83000000,0.69000000,10.92270000,1666143496729,False,True
39679227,15.83000000,0.06000000,0.94980000,1666143499494,False,True
39679228,15.83000000,0.63000000,9.97290000,1666143499494,False,True
39679229,15.83000000,0.65000000,10.28950000,1666143502224,False,True
39679230,15.83000000,0.04000000,0.63320000,1666143502224,False,True
39679231,15.83000000,0.69000000,10.92270000,1666143504865,False,True
39679232,15.83000000,0.69000000,10.92270000,1666143508317,False,True
39679233,15.83000000,0.51000000,8.07330000,1666143510602,False,True
39679234,15.83000000,0.18000000,2.84940000,1666143510602,False,True
39679235,15.83000000,0.69000000,10.92270000,1666143513619,False,True
39679236,15.83000000,0.69000000,10.92270000,1666143516966,False,True
39679237,15.83000000,0.69000000,10.92270000,1666143519376,False,True
39679238,15.83000000,0.69000000,10.92270000,1666143522654,False,True
39679239,15.83000000,0.22000000,3.48260000,1666143525518,False,True
39679240,15.83000000,11.13000000,176.18790000,1666143525518,False,True
39679241,15.83000000,14.63000000,231.59290000,1666143525518,False,True
39679242,15.83000000,37.93000000,600.43190000,1666143525518,False,True
39679243,15.83000000,2.39000000,37.83370000,1666143539325,True,True
39679244,15.83000000,17.43000000,275.91690000,1666143539597,True,True
39679245,15.83000000,3.97000000,62.84510000,1666143539597,True,True
39679246,15.84000000,0.69000000,10.92960000,1666143544498,False,True
39679247,15.84000000,0.69000000,10.92960000,1666143546902,False,True
39679248,15.84000000,0.69000000,10.92960000,1666143549993,False,True
39679249,15.84000000,0.84000000,13.30560000,1666143554725,False,True
39679250,15.84000000,0.25000000,3.96000000,1666143554725,False,True
39679251,15.84000000,0.69000000,10.92960000,1666143592002,False,True
39679252,15.84000000,0.69000000,10.92960000,1666143597455,False,True
39679253,15.84000000,0.69000000,10.92960000,1666143600435,False,True
39679254,15.84000000,0.69000000,10.92960000,1666143604457,False,True
39679255,15.84000000,0.69000000,10.92960000,1666143607035,False,True
39679256,15.84000000,0.69000000,10.92960000,1666143611291,False,True
39679257,15.84000000,0.69000000,10.92960000,1666143614750,False,True
39679258,15.83000000,28.65000000,453.52950000,1666143616399,True,True
39679259,15.84000000,0.69000000,10.92960000,1666143618547,False,True
39679260,15.83000000,0.69000000,10.92270000,1666143618714,True,True
39679261,15.83000000,0.69000000,10.92270000,1666143621530,False,True
39679262,15.83000000,0.69000000,10.92270000,1666143624980,False,True
39679263,15.83000000,0.69000000,10.92270000,1666143627956,False,True
39679264,15.83000000,0.69000000,10.92270000,1666143631407,False,True
39679265,15.83000000,0.69000000,10.92270000,1666143634230,False,True
39679266,15.83000000,0.69000000,10.92270000,1666143637243,False,True
39679267,15.83000000,0.69000000,10.92270000,1666143640250,False,True
39679268,15.83000000,0.69000000,10.92270000,1666143642960,False,True
39679269,15.83000000,0.69000000,10.92270000,1666143645815,False,True
39679270,15.83000000,0.69000000,10.92270000,1666143648927,False,True
39679271,15.83000000,0.69000000,10.92270000,1666143652647,False,True
39679272,15.83000000,0.69000000,10.92270000,1666143655788,False,True
39679273,15.83000000,0.69000000,10.92270000,1666143658995,False,True
39679274,15.83000000,0.69000000,10.92270000,1666143663255,False,True
39679275,15.83000000,0.69000000,10.92270000,1666143667728,False,True
39679276,15.82000000,0.69000000,10.91580000,1666143677279,True,True
39679277,15.82000000,14.16000000,224.01120000,1666143693318,False,True
39679278,15.82000000,11.70000000,185.09400000,1666143693318,False,True
39679279,15.82000000,12.30000000,194.58600000,1666143693318,False,True
39679280,15.83000000,59.73000000,945.52590000,1666143693318,False,True
39679281,15.83000000,0.95000000,15.03850000,1666143693318,False,True
39679282,15.83000000,136.07000000,2153.98810000,1666143693318,False,True
39679283,15.82000000,7.17000000,113.42940000,1666143693339,True,True
39679284,15.82000000,2.39000000,37.80980000,1666143693423,True,True
39679285,15.82000000,2.39000000,37.80980000,1666143693484,True,True
39679286,15.82000000,2.44000000,38.60080000,1666143693542,True,True
39679287,15.82000000,2.09000000,33.06380000,1666143695049,True,True
