10200894,64.52000000,0.66000000,42.58320000,1635724801658,False,True
10200895,64.52000000,0.32000000,20.64640000,1635724801658,False,True
10200896,64.52000000,1.57000000,101.29640000,1635724801658,False,True
10200897,64.52000000,2.27000000,146.46040000,1635724801658,False,True
10200898,64.52000000,0.75000000,48.39000000,1635724801658,False,True
10200899,64.52000000,0.16000000,10.32320000,1635724801658,False,True
10200900,64.52000000,0.21000000,13.54920000,1635724801658,False,True
10200901,64.52000000,0.26000000,16.77520000,1635724801658,False,True
10200902,64.52000000,0.18000000,11.61360000,1635724801658,False,True
10200903,64.53000000,0.32000000,20.64960000,1635724802245,False,True
10200904,64.53000000,0.31000000,20.00430000,1635724802245,False,True
10200905,64.53000000,0.31000000,20.00430000,1635724802245,False,True
10200906,64.53000000,0.76000000,49.04280000,1635724802245,False,True
10200907,64.53000000,0.26000000,16.77780000,1635724802245,False,True
10200908,64.53000000,1.07000000,69.04710000,1635724802245,False,True
10200909,64.53000000,1.82000000,117.44460000,1635724802245,False,True
10200910,64.53000000,0.16000000,10.32480000,1635724802245,False,True
10200911,64.53000000,0.81000000,52.26930000,1635724802245,False,True
10200912,64.53000000,0.55000000,35.49150000,1635724802245,False,True
10200913,64.53000000,1.25000000,80.66250000,1635724802245,False,True
10200914,64.53000000,0.19000000,12.26070000,1635724802245,False,True
10200915,64.53000000,0.31000000,20.00430000,1635724802245,False,True
10200916,64.54000000,0.37000000,23.87980000,1635724803564,False,True
10200917,64.54000000,0.16000000,10.32640000,1635724804469,False,True
10200918,64.54000000,0.26000000,16.78040000,1635724804695,False,True
10200919,64.54000000,0.67000000,43.24180000,1635724804695,False,True
10200920,64.54000000,0.11000000,7.09940000,1635724806116,False,True
10200921,64.54000000,0.20000000,12.90800000,1635724806116,False,True
10200922,64.54000000,0.37000000,23.87980000,1635724807582,False,True
10200923,64.54000000,0.13000000,8.39020000,1635724807582,False,True
10200924,64.54000000,0.14000000,9.03560000,1635724807599,False,True
10200925,64.54000000,1.60000000,103.26400000,1635724807599,False,True
10200926,64.54000000,2.25000000,145.21500000,1635724807599,False,True
10200927,64.54000000,2.59000000,167.15860000,1635724807599,False,True
10200928,64.54000000,0.23000000,14.84420000,1635724807599,False,True
10200929,64.54000000,0.94000000,60.66760000,1635724807599,False,True
10200930,64.54000000,0.16000000,10.32640000,1635724807599,False,True
10200931,64.54000000,0.47000000,30.33380000,1635724807599,False,True
10200932,64.54000000,0.46000000,29.68840000,1635724807599,False,True
10200933,64.54000000,0.56000000,36.14240000,1635724807599,False,True
10200934,64.54000000,0.18000000,11.61720000,1635724807599,False,True
10200935,64.54000000,0.50000000,32.27000000,1635724807599,False,True
10200936,64.54000000,0.29000000,18.71660000,1635724809619,False,True
10200937,64.54000000,0.18000000,11.61720000,1635724809619,False,True
10200938,64.55000000,0.22000000,14.20100000,1635724809619,False,True
10200939,64.54000000,0.17000000,10.97180000,1635724810833,True,True
10200940,64.54000000,0.30000000,19.36200000,1635724810860,True,True
10200941,64.54000000,0.02000000,1.29080000,1635724810860,True,True
10200942,64.54000000,0.14000000,9.03560000,1635724810865,True,True
10200943,64.54000000,0.16000000,10.32640000,1635724810865,True,True
10200944,64.54000000,0.25000000,16.13500000,1635724810865,True,True
10200945,64.54000000,0.14000000,9.03560000,1635724810949,True,True
10200946,64.54000000,0.16000000,10.32640000,1635724810949,True,True
10200947,64.54000000,0.22000000,14.19880000,1635724810949,True,True
10200948,64.54000000,0.50000000,32.27000000,1635724810949,True,True
10200949,64.53000000,0.18000000,11.61540000,1635724810949,True,True
10200950,64.53000000,0.18000000,11.61540000,1635724810949,True,True
10200951,64.53000000,0.38000000,24.52140000,1635724810949,True,True
10200952,64.53000000,0.30000000,19.35900000,1635724810949,True,True
10200953,64.53000000,5.52000000,356.20560000,1635724810949,True,True
10200954,64.54000000,0.20000000,12.90800000,1635724811256,True,True
10200955,64.53000000,0.12000000,7.74360000,1635724811256,True,True
10200956,64.53000000,0.79000000,50.97870000,1635724811269,True,True
10200957,64.53000000,1.69000000,109.05570000,1635724811275,True,True
10200958,64.55000000,0.68000000,43.89400000,1635724811596,False,True
10200959,64.55000000,0.42000000,27.11100000,1635724811596,False,True
10200960,64.55000000,0.31000000,20.01050000,1635724811596,False,True
10200961,64.55000000,0.71000000,45.83050000,1635724811596,False,True
10200962,64.55000000,1.32000000,85.20600000,1635724811596,False,True
10200963,64.55000000,0.18000000,11.61900000,1635724811596,False,True
10200964,64.55000000,0.23000000,14.84650000,1635724811596,False,True
10200965,64.55000000,0.54000000,34.85700000,1635724811596,False,True
10200966,64.55000000,8.18000000,528.01900000,1635724811934,False,True
10200967,64.55000000,1.69000000,109.08950000,1635724811934,False,True
10200968,64.55000000,0.22000000,14.20100000,1635724811934,False,True
10200969,64.56000000,2.54000000,163.98240000,1635724811934,False,True
10200970,64.56000000,1.34000000,86.51040000,1635724811934,False,True
10200971,64.56000000,0.31000000,20.01360000,1635724811934,False,True
10200972,64.56000000,0.26000000,16.78560000,1635724811934,False,True
10200973,64.56000000,0.31000000,20.01360000,1635724811934,False,True
10200974,64.56000000,0.16000000,10.32960000,1635724811934,False,True
10200975,64.56000000,0.23000000,14.84880000,1635724811934,False,True
10200976,64.56000000,0.23000000,14.84880000,1635724811934,False,True
10200977,64.56000000,0.16000000,10.32960000,1635724811934,False,True
10200978,64.56000000,0.55000000,35.50800000,1635724811934,False,True
10200979,64.56000000,0.47000000,30.34320000,1635724811934,False,True
10200980,64.56000000,0.27000000,17.43120000,1635724811934,False,True
10200981,64.56000000,1.18000000,76.18080000,1635724811934,False,True
10200982,64.56000000,0.17000000,10.97520000,1635724811934,False,True
10200983,64.56000000,0.21000000,13.55760000,1635724811934,False,True
10200984,64.56000000,0.23000000,14.84880000,1635724811934,False,True
10200985,64.56000000,0.46000000,29.69760000,1635724811934,False,True
10200986,64.56000000,0.26000000,16.78560000,1635724811934,False,True
10200987,64.56000000,0.52000000,33.57120000,1635724811934,False,True
10200988,64.56000000,0.46000000,29.69760000,1635724811934,False,True
10200989,64.56000000,0.46000000,29.69760000,1635724811934,False,True
10200990,64.56000000,0.46000000,29.69760000,1635724811934,False,True
10200991,64.57000000,0.59000000,38.09630000,1635724811934,False,True
10200992,64.57000000,1.36000000,87.81520000,1635724811934,False,True
10200993,64.57000000,0.42000000,27.11940000,1635724811934,False,True
10200994,64.57000000,0.45000000,29.05650000,1635724811934,False,True
10200995,64.57000000,0.31000000,20.01670000,1635724811934,False,True
10200996,64.57000000,0.24000000,15.49680000,1635724811934,False,True
10200997,64.57000000,0.16000000,10.33120000,1635724811934,False,True
10200998,64.56000000,0.16000000,10.32960000,1635724812720,False,True
10200999,64.56000000,0.31000000,20.01360000,1635724812909,False,True
10201000,64.56000000,0.31000000,20.01360000,1635724812975,False,True
10201001,64.56000000,0.31000000,20.01360000,1635724812977,False,True
10201002,64.56000000,0.19000000,12.26640000,1635724813017,False,True
10201003,64.56000000,0.16000000,10.32960000,1635724813107,False,True
10201004,64.56000000,0.24000000,15.49440000,1635724813355,False,True
10201005,64.56000000,0.72000000,46.48320000,1635724813533,False,True
10201006,64.57000000,0.08000000,5.16560000,1635724813533,False,True
10201007,64.56000000,0.30000000,19.36800000,1635724813968,False,True
10201008,64.56000000,0.24000000,15.49440000,1635724815195,False,True
10201009,64.56000000,0.47000000,30.34320000,1635724815903,False,True
10201010,64.57000000,0.07000000,4.51990000,1635724817734,False,True
10201011,64.57000000,0.46000000,29.70220000,1635724817734,False,True
10201012,64.57000000,0.02000000,1.29140000,1635724817734,False,True
10201013,64.57000000,0.37000000,23.89090000,1635724819519,False,True
10201014,64.57000000,0.19000000,12.26830000,1635724819519,False,True
10201015,64.58000000,0.45000000,29.06100000,1635724819997,False,True
10201016,64.58000000,0.45000000,29.06100000,1635724820000,False,True
10201017,64.58000000,0.13000000,8.39540000,1635724820008,False,True
10201018,64.58000000,0.39000000,25.18620000,1635724820008,False,True
10201019,64.58000000,8.13000000,525.03540000,1635724820008,False,True
10201020,64.58000000,0.88000000,56.83040000,1635724820008,False,True
10201021,64.58000000,0.16000000,10.33280000,1635724820008,False,True
10201022,64.58000000,0.16000000,10.33280000,1635724820008,False,True
10201023,64.58000000,0.16000000,10.33280000,1635724820008,False,True
10201024,64.58000000,0.31000000,20.01980000,1635724820008,False,True
10201025,64.58000000,0.24000000,15.49920000,1635724820008,False,True
10201026,64.58000000,0.23000000,14.85340000,1635724820008,False,True
10201027,64.58000000,0.19000000,12.27020000,1635724820008,False,True
10201028,64.59000000,0.79000000,51.02610000,1635724820044,False,True
10201029,64.59000000,0.31000000,20.02290000,1635724820044,False,True
10201030,64.59000000,0.31000000,20.02290000,1635724820044,False,True
10201031,64.59000000,0.18000000,11.62620000,1635724820044,False,True
10201032,64.59000000,0.94000000,60.71460000,1635724820044,False,True
10201033,64.59000000,0.47000000,30.35730000,1635724820044,False,True
10201034,64.59000000,0.31000000,20.02290000,1635724820044,False,True
10201035,64.59000000,2.74000000,176.97660000,1635724820044,False,True
10201036,64.59000000,0.40000000,25.83600000,1635724820044,False,True
10201037,64.60000000,2.68000000,173.12800000,1635724820447,False,True
10201038,64.60000000,0.45000000,29.07000000,1635724820447,False,True
10201039,64.60000000,0.31000000,20.02600000,1635724820447,False,True
10201040,64.60000000,0.44000000,28.42400000,1635724820447,False,True
10201041,64.60000000,0.65000000,41.99000000,1635724820447,False,True
10201042,64.60000000,2.40000000,155.04000000,1635724820447,False,True
10201043,64.60000000,0.20000000,12.92000000,1635724820447,False,True
10201044,64.60000000,0.23000000,14.85800000,1635724820447,False,True
10201045,64.60000000,0.18000000,11.62800000,1635724820447,False,True
10201046,64.60000000,0.48000000,31.00800000,1635724820447,False,True
10201047,64.60000000,0.32000000,20.67200000,1635724820447,False,True
10201048,64.60000000,0.24000000,15.50400000,1635724820447,False,True
10201049,64.60000000,0.31000000,20.02600000,1635724820447,False,True
10201050,64.60000000,0.31000000,20.02600000,1635724820447,False,True
10201051,64.60000000,0.62000000,40.05200000,1635724820447,False,True
10201052,64.60000000,36.76000000,2374.69600000,1635724820447,False,True
10201053,64.60000000,0.41000000,26.48600000,1635724821096,False,True
10201054,64.60000000,0.43000000,27.77800000,1635724821150,False,True
10201055,64.60000000,3.75000000,242.25000000,1635724821350,False,True
10201056,64.60000000,4.23000000,273.25800000,1635724821549,False,True
10201057,64.60000000,4.42000000,285.53200000,1635724821700,False,True
10201058,64.61000000,0.42000000,27.13620000,1635724822413,False,True
10201059,64.61000000,0.45000000,29.07450000,1635724822413,False,True
10201060,64.61000000,0.31000000,20.02910000,1635724822413,False,True
10201061,64.61000000,0.83000000,53.62630000,1635724822413,False,True
10201062,64.61000000,0.16000000,10.33760000,1635724822413,False,True
10201063,64.61000000,0.16000000,10.33760000,1635724822413,False,True
10201064,64.61000000,0.16000000,10.33760000,1635724822413,False,True
10201065,64.61000000,0.16000000,10.33760000,1635724822413,False,True
10201066,64.61000000,0.24000000,15.50640000,1635724822413,False,True
10201067,64.61000000,0.63000000,40.70430000,1635724822413,False,True
10201068,64.61000000,0.18000000,11.62980000,1635724822413,False,True
10201069,64.62000000,1.34000000,86.59080000,1635724823550,False,True
10201070,64.62000000,0.32000000,20.67840000,1635724823550,False,True
10201071,64.62000000,0.31000000,20.03220000,1635724823550,False,True
10201072,64.62000000,0.36000000,23.26320000,1635724823550,False,True
10201073,64.62000000,0.31000000,20.03220000,1635724823550,False,True
10201074,64.62000000,0.93000000,60.09660000,1635724823550,False,True
10201075,64.62000000,1.32000000,85.29840000,1635724823550,False,True
10201076,64.62000000,0.95000000,61.38900000,1635724823550,False,True
10201077,64.62000000,0.31000000,20.03220000,1635724823550,False,True
10201078,64.62000000,1.71000000,110.50020000,1635724823550,False,True
10201079,64.62000000,0.19000000,12.27780000,1635724823550,False,True
10201080,64.62000000,0.77000000,49.75740000,1635724823550,False,True
10201081,64.62000000,1.06000000,68.49720000,1635724823550,False,True
10201082,64.62000000,0.23000000,14.86260000,1635724823550,False,True
10201083,64.62000000,0.16000000,10.33920000,1635724823550,False,True
10201084,64.62000000,0.18000000,11.63160000,1635724823550,False,True
10201085,64.62000000,0.20000000,12.92400000,1635724823550,False,True
10201086,64.62000000,0.22000000,14.21640000,1635724823550,False,True
10201087,64.60000000,0.30000000,19.38000000,1635724824630,True,True
10201088,64.60000000,0.77000000,49.74200000,1635724824630,True,True
10201089,64.60000000,1.70000000,109.82000000,1635724824630,True,True
10201090,64.60000000,0.19000000,12.27400000,1635724824630,True,True
10201091,64.60000000,0.16000000,10.33600000,1635724824852,True,True
10201092,64.60000000,0.51000000,32.94600000,1635724824852,True,True
10201093,64.59000000,0.30000000,19.37700000,1635724825005,True,True
10201094,64.59000000,0.30000000,19.37700000,1635724825005,True,True
10201095,64.59000000,0.23000000,14.85570000,1635724825005,True,True
10201096,64.59000000,0.29000000,18.73110000,1635724825005,True,True
10201097,64.60000000,0.44000000,28.42400000,1635724825079,True,True
10201098,64.56000000,3.07000000,198.19920000,1635724827831,True,True
10201099,64.56000000,7.26000000,468.70560000,1635724827837,True,True
10201100,64.54000000,0.83000000,53.56820000,1635724830701,True,True
10201101,64.54000000,0.21000000,13.55340000,1635724830701,True,True
10201102,64.54000000,0.02000000,1.29080000,1635724830745,True,True
10201103,64.52000000,0.62000000,40.00240000,1635724831262,True,True
10201104,64.52000000,0.37000000,23.87240000,1635724831288,True,True
10201105,64.52000000,1.24000000,80.00480000,1635724831381,True,True
10201106,64.52000000,0.47000000,30.32440000,1635724831761,True,True
10201107,64.55000000,25.13000000,1622.14150000,1635724833185,True,True
10201108,64.56000000,0.28000000,18.07680000,1635724833415,False,True
10201109,64.58000000,0.24000000,15.49920000,1635724835059,False,True
10201110,64.56000000,0.23000000,14.84880000,1635724837064,False,True
10201111,64.57000000,0.78000000,50.36460000,1635724841998,False,True
10201112,64.57000000,0.78000000,50.36460000,1635724842346,False,True
10201113,64.57000000,0.16000000,10.33120000,1635724842528,False,True
10201114,64.57000000,0.16000000,10.33120000,1635724842543,False,True
10201115,64.57000000,0.31000000,20.01670000,1635724842546,False,True
10201116,64.57000000,0.31000000,20.01670000,1635724842551,False,True
10201117,64.57000000,0.47000000,30.34790000,1635724842561,False,True
10201118,64.57000000,1.55000000,100.08350000,1635724842630,False,True
10201119,64.57000000,0.24000000,15.49680000,1635724842650,False,True
10201120,64.57000000,0.19000000,12.26830000,1635724842674,False,True
10201121,64.59000000,0.95000000,61.36050000,1635724842987,False,True
10201122,64.58000000,0.24000000,15.49920000,1635724843376,False,True
10201123,64.59000000,0.16000000,10.33440000,1635724845038,False,True
10201124,64.58000000,0.80000000,51.66400000,1635724846711,True,True
10201125,64.61000000,0.16000000,10.33760000,1635724860834,False,True
10201126,64.61000000,0.30000000,19.38300000,1635724863547,True,True
10201127,64.61000000,0.03000000,1.93830000,1635724863547,True,True
10201128,64.61000000,0.16000000,10.33760000,1635724863664,True,True
10201129,64.61000000,0.02000000,1.29220000,1635724864065,True,True
10201130,64.61000000,0.61000000,39.41210000,1635724864065,True,True
10201131,64.61000000,0.17000000,10.98370000,1635724864077,True,True
10201132,64.61000000,0.16000000,10.33760000,1635724864077,True,True
10201133,64.60000000,0.16000000,10.33600000,1635724864176,True,True
10201134,64.60000000,0.26000000,16.79600000,1635724864176,True,True
10201135,64.59000000,1.16000000,74.92440000,1635724864789,True,True
10201136,64.58000000,0.46000000,29.70680000,1635724864789,True,True
10201137,64.58000000,0.24000000,15.49920000,1635724864789,True,True
10201138,64.58000000,0.49000000,31.64420000,1635724864789,True,True
10201139,64.58000000,0.19000000,12.27020000,1635724865138,True,True
10201140,64.60000000,0.16000000,10.33600000,1635724872954,False,True
10201141,64.60000000,3.92000000,253.23200000,1635724873065,True,True
10201142,64.61000000,0.16000000,10.33760000,1635724874581,False,True
10201143,64.61000000,0.16000000,10.33760000,1635724874613,False,True
10201144,64.61000000,0.16000000,10.33760000,1635724874662,False,True
10201145,64.61000000,0.31000000,20.02910000,1635724874662,False,True
10201146,64.61000000,0.16000000,10.33760000,1635724874871,False,True
10201147,64.59000000,0.25000000,16.14750000,1635724874880,True,True
10201148,64.61000000,0.93000000,60.08730000,1635724874884,False,True
10201149,64.61000000,0.47000000,30.36670000,1635724874905,False,True
10201150,64.61000000,0.16000000,10.33760000,1635724875006,False,True
10201151,64.59000000,0.20000000,12.91800000,1635724880638,True,True
10201152,64.61000000,0.16000000,10.33760000,1635724881219,False,True
10201153,64.61000000,1.55000000,100.14550000,1635724883008,False,True
10201154,64.62000000,0.18000000,11.63160000,1635724883944,False,True
10201155,64.60000000,1.55000000,100.13000000,1635724885190,True,True
10201156,64.60000000,0.18000000,11.62800000,1635724885316,True,True
10201157,64.60000000,0.16000000,10.33600000,1635724885316,True,True
10201158,64.59000000,0.57000000,36.81630000,1635724885536,True,True
10201159,64.59000000,1.08000000,69.75720000,1635724885588,True,True
10201160,64.58000000,8.12000000,524.38960000,1635724886469,True,True
10201161,64.57000000,1.29000000,83.29530000,1635724887451,True,True
10201162,64.57000000,0.21000000,13.55970000,1635724887451,True,True
10201163,64.56000000,0.16000000,10.32960000,1635724887496,True,True
10201164,64.56000000,0.25000000,16.14000000,1635724887496,True,True
10201165,64.56000000,0.62000000,40.02720000,1635724887496,True,True
10201166,64.56000000,1.49000000,96.19440000,1635724887496,True,True
10201167,64.58000000,0.20000000,12.91600000,1635724887647,False,True
10201168,64.53000000,0.16000000,10.32480000,1635724888869,True,True
10201169,64.53000000,16.06000000,1036.35180000,1635724888914,True,True
10201170,64.52000000,0.19000000,12.25880000,1635724889026,True,True
10201171,64.52000000,0.67000000,43.22840000,1635724889026,True,True
10201172,64.52000000,0.32000000,20.64640000,1635724889026,True,True
10201173,64.48000000,0.19000000,12.25120000,1635724889841,True,True
10201174,64.48000000,0.90000000,58.03200000,1635724889841,True,True
10201175,64.48000000,0.16000000,10.31680000,1635724889841,True,True
10201176,64.47000000,0.39000000,25.14330000,1635724889841,True,True
10201177,64.47000000,1.10000000,70.91700000,1635724889841,True,True
10201178,64.48000000,0.87000000,56.09760000,1635724889860,True,True
10201179,64.48000000,0.32000000,20.63360000,1635724889862,True,True
10201180,64.48000000,0.32000000,20.63360000,1635724889884,True,True
10201181,64.48000000,0.24000000,15.47520000,1635724889893,True,True
10201182,64.48000000,0.54000000,34.81920000,1635724892786,True,True
10201183,64.46000000,0.17000000,10.95820000,1635724893588,True,True
10201184,64.46000000,0.74000000,47.70040000,1635724893588,True,True
10201185,64.43000000,2.66000000,171.38380000,1635724893588,True,True
10201186,64.43000000,0.78000000,50.25540000,1635724893603,True,True
10201187,64.43000000,0.32000000,20.61760000,1635724893608,True,True
10201188,64.43000000,1.44000000,92.77920000,1635724893611,True,True
10201189,64.43000000,0.87000000,56.05410000,1635724893615,True,True
10201190,64.43000000,0.18000000,11.59740000,1635724893615,True,True
10201191,64.43000000,0.64000000,41.23520000,1635724893618,True,True
10201192,64.43000000,0.18000000,11.59740000,1635724893744,True,True
10201193,64.43000000,6.38000000,411.06340000,1635724894054,True,True
10201194,64.43000000,0.21000000,13.53030000,1635724894214,True,True
10201195,64.43000000,1.23000000,79.24890000,1635724894250,True,True
10201196,64.43000000,0.70000000,45.10100000,1635724894489,True,True
10201197,64.43000000,0.88000000,56.69840000,1635724894537,True,True
10201198,64.43000000,0.23000000,14.81890000,1635724894631,True,True
10201199,64.43000000,0.25000000,16.10750000,1635724894653,True,True
10201200,64.43000000,0.77000000,49.61110000,1635724894654,True,True
10201201,64.43000000,5.00000000,322.15000000,1635724894696,True,True
10201202,64.43000000,6.21000000,400.11030000,1635724894697,True,True
10201203,64.43000000,0.16000000,10.30880000,1635724894697,True,True
10201204,64.43000000,0.17000000,10.95310000,1635724894697,True,True
10201205,64.42000000,0.25000000,16.10500000,1635724894741,True,True
10201206,64.42000000,0.21000000,13.52820000,1635724894741,True,True
10201207,64.41000000,0.79000000,50.88390000,1635724894770,True,True
10201208,64.40000000,0.16000000,10.30400000,1635724895589,True,True
10201209,64.40000000,0.90000000,57.96000000,1635724895589,True,True
10201210,64.38000000,2.23000000,143.56740000,1635724895589,True,True
10201211,64.40000000,3.00000000,193.20000000,1635724896407,True,True
10201212,64.40000000,15.00000000,966.00000000,1635724896530,True,True
10201213,64.39000000,4.18000000,269.15020000,1635724896930,True,True
10201214,64.41000000,0.43000000,27.69630000,1635724897245,False,True
10201215,64.37000000,2.54000000,163.49980000,1635724897808,True,True
10201216,64.36000000,0.79000000,50.84440000,1635724898447,True,True
10201217,64.35000000,0.31000000,19.94850000,1635724899466,True,True
10201218,64.35000000,0.32000000,20.59200000,1635724899466,True,True
10201219,64.38000000,0.71000000,45.70980000,1635724900541,False,True
10201220,64.35000000,1.48000000,95.23800000,1635724901549,False,True
10201221,64.35000000,7.86000000,505.79100000,1635724902243,False,True
10201222,64.34000000,0.48000000,30.88320000,1635724903433,True,True
10201223,64.35000000,0.23000000,14.80050000,1635724908047,True,True
10201224,64.35000000,0.89000000,57.27150000,1635724908047,True,True
10201225,64.34000000,0.39000000,25.09260000,1635724908047,True,True
10201226,64.34000000,0.16000000,10.29440000,1635724920209,True,True
10201227,64.34000000,1.34000000,86.21560000,1635724920209,True,True
10201228,64.34000000,0.78000000,50.18520000,1635724920209,True,True
10201229,64.34000000,0.16000000,10.29440000,1635724920209,True,True
10201230,64.34000000,0.27000000,17.37180000,1635724920575,True,True
10201231,64.33000000,0.28000000,18.01240000,1635724920668,True,True
10201232,64.33000000,2.68000000,172.40440000,1635724920668,True,True
10201233,64.33000000,0.45000000,28.94850000,1635724920668,True,True
10201234,64.33000000,0.31000000,19.94230000,1635724920668,True,True
10201235,64.32000000,0.22000000,14.15040000,1635724920768,True,True
10201236,64.32000000,0.59000000,37.94880000,1635724920768,True,True
10201237,64.31000000,2.54000000,163.34740000,1635724925349,True,True
10201238,64.30000000,0.79000000,50.79700000,1635724927988,True,True
10201239,64.30000000,0.31000000,19.93300000,1635724927988,True,True
10201240,64.30000000,0.23000000,14.78900000,1635724927988,True,True
10201241,64.30000000,0.88000000,56.58400000,1635724927988,True,True
10201242,64.29000000,1.20000000,77.14800000,1635724928750,True,True
10201243,64.29000000,0.78000000,50.14620000,1635724928750,True,True
10201244,64.29000000,0.86000000,55.28940000,1635724928750,True,True
10201245,64.29000000,1.59000000,102.22110000,1635724928750,True,True
10201246,64.28000000,0.31000000,19.92680000,1635724928806,True,True
10201247,64.27000000,0.32000000,20.56640000,1635724931786,True,True
10201248,64.27000000,0.82000000,52.70140000,1635724931786,True,True
10201249,64.27000000,0.35000000,22.49450000,1635724932072,True,True
10201250,64.26000000,1.44000000,92.53440000,1635724932178,True,True
10201251,64.26000000,0.49000000,31.48740000,1635724932178,True,True
10201252,64.25000000,0.90000000,57.82500000,1635724932258,True,True
10201253,64.25000000,0.79000000,50.75750000,1635724932258,True,True
10201254,64.25000000,0.39000000,25.05750000,1635724932258,True,True
10201255,64.25000000,1.44000000,92.52000000,1635724932258,True,True
10201256,64.25000000,0.29000000,18.63250000,1635724932258,True,True
10201257,64.29000000,0.82000000,52.71780000,1635724934080,False,True
10201258,64.24000000,0.17000000,10.92080000,1635724935764,True,True
10201259,64.31000000,0.40000000,25.72400000,1635724937642,False,True
10201260,64.30000000,0.40000000,25.72000000,1635724943341,False,True
10201261,64.25000000,0.32000000,20.56000000,1635724948251,True,True
10201262,64.25000000,0.32000000,20.56000000,1635724948615,True,True
10201263,64.25000000,5.47000000,351.44750000,1635724949421,True,True
10201264,64.25000000,0.19000000,12.20750000,1635724949606,True,True
10201265,64.30000000,0.24000000,15.43200000,1635724950850,False,True
10201266,64.30000000,0.19000000,12.21700000,1635724951139,False,True
10201267,64.30000000,0.19000000,12.21700000,1635724951260,False,True
10201268,64.30000000,0.16000000,10.28800000,1635724951946,False,True
10201269,64.24000000,2.37000000,152.24880000,1635724963527,True,True
10201270,64.24000000,1.36000000,87.36640000,1635724963527,True,True
10201271,64.24000000,0.31000000,19.91440000,1635724963527,True,True
10201272,64.23000000,0.32000000,20.55360000,1635724963630,True,True
10201273,64.23000000,0.20000000,12.84600000,1635724963630,True,True
10201274,64.23000000,0.17000000,10.91910000,1635724963630,True,True
10201275,64.25000000,0.24000000,15.42000000,1635724963693,True,True
10201276,64.22000000,0.21000000,13.48620000,1635724963727,True,True
10201277,64.22000000,0.70000000,44.95400000,1635724963727,True,True
10201278,64.21000000,1.03000000,66.13630000,1635724965034,True,True
10201279,64.21000000,0.32000000,20.54720000,1635724965034,True,True
10201280,64.21000000,0.25000000,16.05250000,1635724965034,True,True
10201281,64.20000000,0.31000000,19.90200000,1635724965068,True,True
10201282,64.20000000,0.30000000,19.26000000,1635724965068,True,True
10201283,64.20000000,0.31000000,19.90200000,1635724965068,True,True
10201284,64.20000000,0.78000000,50.07600000,1635724965068,True,True
10201285,64.20000000,0.26000000,16.69200000,1635724965068,True,True
10201286,64.20000000,0.16000000,10.27200000,1635724965068,True,True
10201287,64.19000000,0.59000000,37.87210000,1635724965817,True,True
10201288,64.19000000,0.79000000,50.71010000,1635724965817,True,True
10201289,64.19000000,2.68000000,172.02920000,1635724965817,True,True
10201290,64.19000000,0.45000000,28.88550000,1635724965817,True,True
10201291,64.19000000,1.35000000,86.65650000,1635724965817,True,True
10201292,64.19000000,0.42000000,26.95980000,1635724965817,True,True
10201293,64.19000000,0.26000000,16.68940000,1635724965817,True,True
10201294,64.18000000,2.54000000,163.01720000,1635724969434,True,True
10201295,64.18000000,0.31000000,19.89580000,1635724969434,True,True
10201296,64.18000000,0.13000000,8.34340000,1635724969434,True,True
10201297,64.18000000,0.76000000,48.77680000,1635724971614,True,True
10201298,64.18000000,0.76000000,48.77680000,1635724971614,True,True
10201299,64.18000000,0.34000000,21.82120000,1635724971614,True,True
10201300,64.17000000,0.31000000,19.89270000,1635724971615,True,True
10201301,64.17000000,0.42000000,26.95140000,1635724971615,True,True
10201302,64.17000000,0.21000000,13.47570000,1635724971615,True,True
10201303,64.16000000,0.64000000,41.06240000,1635724971641,True,True
10201304,64.16000000,0.19000000,12.19040000,1635724971641,True,True
10201305,64.16000000,0.26000000,16.68160000,1635724971641,True,True
10201306,64.16000000,0.62000000,39.77920000,1635724971641,True,True
10201307,64.16000000,0.46000000,29.51360000,1635724971641,True,True
10201308,64.15000000,0.63000000,40.41450000,1635724971676,True,True
10201309,64.15000000,0.20000000,12.83000000,1635724971676,True,True
10201310,64.15000000,0.31000000,19.88650000,1635724971676,True,True
10201311,64.15000000,0.45000000,28.86750000,1635724971676,True,True
10201312,64.15000000,0.25000000,16.03750000,1635724971676,True,True
10201313,64.15000000,0.29000000,18.60350000,1635724971676,True,True
10201314,64.14000000,0.79000000,50.67060000,1635724971717,True,True
10201315,64.14000000,0.24000000,15.39360000,1635724971717,True,True
10201316,64.14000000,0.44000000,28.22160000,1635724971717,True,True
10201317,64.19000000,1.92000000,123.24480000,1635724973120,False,True
10201318,64.25000000,0.24000000,15.42000000,1635724973666,False,True
10201319,64.25000000,1.58000000,101.51500000,1635724973666,False,True
10201320,64.23000000,0.67000000,43.03410000,1635724975396,True,True
10201321,64.30000000,4.80000000,308.64000000,1635724981721,False,True
10201322,64.32000000,0.79000000,50.81280000,1635724982086,False,True
10201323,64.30000000,8.65000000,556.19500000,1635724990575,True,True
10201324,64.37000000,0.19000000,12.23030000,1635724994793,False,True
10201325,64.36000000,0.66000000,42.47760000,1635724996690,False,True
10201326,64.36000000,0.27000000,17.37720000,1635724996701,False,True
10201327,64.36000000,0.30000000,19.30800000,1635724996708,False,True
10201328,64.36000000,2.95000000,189.86200000,1635724996712,False,True
10201329,64.37000000,0.60000000,38.62200000,1635724996783,False,True
10201330,64.37000000,2.54000000,163.49980000,1635724996783,False,True
10201331,64.36000000,6.35000000,408.68600000,1635725004830,True,True
10201332,64.28000000,1.23000000,79.06440000,1635725009714,True,True
10201333,64.28000000,1.72000000,110.56160000,1635725009814,True,True
10201334,64.28000000,0.78000000,50.13840000,1635725010868,True,True
10201335,64.28000000,0.45000000,28.92600000,1635725010909,True,True
10201336,64.27000000,0.78000000,50.13060000,1635725010912,True,True
10201337,64.25000000,3.11000000,199.81750000,1635725011265,True,True
10201338,64.26000000,1.55000000,99.60300000,1635725020436,False,True
10201339,64.22000000,3.64000000,233.76080000,1635725025979,False,True
10201340,64.23000000,0.32000000,20.55360000,1635725027146,False,True
10201341,64.22000000,0.26000000,16.69720000,1635725032300,True,True
10201342,64.21000000,0.32000000,20.54720000,1635725032335,True,True
10201343,64.19000000,0.79000000,50.71010000,1635725033309,True,True
10201344,64.18000000,2.54000000,163.01720000,1635725033502,True,True
10201345,64.14000000,0.79000000,50.67060000,1635725045404,True,True
10201346,64.14000000,1.57000000,100.69980000,1635725045404,True,True
10201347,64.13000000,1.44000000,92.34720000,1635725045426,True,True
10201348,64.13000000,0.32000000,20.52160000,1635725045426,True,True
10201349,64.13000000,0.84000000,53.86920000,1635725045426,True,True
10201350,64.13000000,0.82000000,52.58660000,1635725045426,True,True
10201351,64.13000000,0.19000000,12.18470000,1635725045426,True,True
10201352,64.13000000,0.39000000,25.01070000,1635725045426,True,True
10201353,64.12000000,2.54000000,162.86480000,1635725045442,True,True
10201354,64.12000000,0.22000000,14.10640000,1635725045442,True,True
10201355,64.13000000,4.54000000,291.15020000,1635725049069,True,True
10201356,64.11000000,0.32000000,20.51520000,1635725049120,True,True
10201357,64.11000000,1.34000000,85.90740000,1635725049120,True,True
10201358,64.11000000,0.42000000,26.92620000,1635725049120,True,True
10201359,64.11000000,0.18000000,11.53980000,1635725049120,True,True
10201360,64.11000000,0.21000000,13.46310000,1635725049120,True,True
10201361,64.11000000,0.32000000,20.51520000,1635725049120,True,True
10201362,64.10000000,0.90000000,57.69000000,1635725049150,True,True
10201363,64.10000000,0.31000000,19.87100000,1635725049150,True,True
10201364,64.10000000,0.51000000,32.69100000,1635725049150,True,True
10201365,64.10000000,0.57000000,36.53700000,1635725049150,True,True
10201366,64.18000000,0.37000000,23.74660000,1635725049197,False,True
10201367,64.10000000,18.00000000,1153.80000000,1635725050120,True,True
10201368,64.10000000,3.25000000,208.32500000,1635725050140,True,True
10201369,64.10000000,14.75000000,945.47500000,1635725050151,True,True
10201370,64.09000000,1.04000000,66.65360000,1635725050173,True,True
10201371,64.09000000,0.31000000,19.86790000,1635725050173,True,True
10201372,64.09000000,0.76000000,48.70840000,1635725050173,True,True
10201373,64.09000000,0.21000000,13.45890000,1635725050173,True,True
10201374,64.09000000,0.62000000,39.73580000,1635725050173,True,True
10201375,64.09000000,0.31000000,19.86790000,1635725050173,True,True
10201376,64.09000000,28.50000000,1826.56500000,1635725050210,True,True
10201377,64.09000000,0.79000000,50.63110000,1635725050230,True,True
10201378,64.09000000,17.49000000,1120.93410000,1635725050247,True,True
10201379,64.08000000,0.79000000,50.62320000,1635725050258,True,True
10201380,64.08000000,26.42000000,1692.99360000,1635725051319,True,True
10201381,64.08000000,42.58000000,2728.52640000,1635725051319,True,True
10201382,64.07000000,0.32000000,20.50240000,1635725051601,True,True
10201383,64.07000000,0.31000000,19.86170000,1635725051601,True,True
10201384,64.07000000,0.29000000,18.58030000,1635725051601,True,True
10201385,64.07000000,1.05000000,67.27350000,1635725051601,True,True
10201386,64.06000000,0.59000000,37.79540000,1635725051625,True,True
10201387,64.06000000,0.31000000,19.85860000,1635725051625,True,True
10201388,64.06000000,0.64000000,40.99840000,1635725051625,True,True
10201389,64.06000000,0.31000000,19.85860000,1635725051625,True,True
10201390,64.06000000,0.26000000,16.65560000,1635725051625,True,True
10201391,64.06000000,0.43000000,27.54580000,1635725051625,True,True
10201392,64.06000000,0.24000000,15.37440000,1635725051625,True,True
10201393,64.06000000,0.19000000,12.17140000,1635725051625,True,True
10201394,64.13000000,0.45000000,28.85850000,1635725053957,False,True
10201395,64.13000000,0.20000000,12.82600000,1635725054221,False,True
10201396,64.17000000,5.04000000,323.41680000,1635725062925,False,True
10201397,64.11000000,48.88000000,3133.69680000,1635725071709,True,True
10201398,64.11000000,5.06000000,324.39660000,1635725071709,True,True
10201399,64.10000000,12.11000000,776.25100000,1635725071715,True,True
10201400,64.09000000,26.28000000,1684.28520000,1635725071758,True,True
10201401,64.08000000,4.52000000,289.64160000,1635725071769,True,True
10201402,64.07000000,5.64000000,361.35480000,1635725071772,True,True
10201403,64.06000000,7.47000000,478.52820000,1635725071772,True,True
10201404,64.06000000,5.00000000,320.30000000,1635725071779,True,True
10201405,64.06000000,21.33000000,1366.39980000,1635725071779,True,True
10201406,64.06000000,20.00000000,1281.20000000,1635725071789,True,True
10201407,64.06000000,2.98000000,190.89880000,1635725071789,True,True
10201408,64.06000000,5.00000000,320.30000000,1635725071806,True,True
10201409,64.06000000,7.47000000,478.52820000,1635725071848,True,True
10201410,64.06000000,5.64000000,361.29840000,1635725071848,True,True
10201411,64.06000000,22.02000000,1410.60120000,1635725071856,True,True
10201412,64.05000000,2.54000000,162.68700000,1635725071916,True,True
10201413,64.05000000,0.31000000,19.85550000,1635725071916,True,True
10201414,64.05000000,2.68000000,171.65400000,1635725071916,True,True
10201415,64.05000000,0.45000000,28.82250000,1635725071916,True,True
10201416,64.05000000,0.39000000,24.97950000,1635725071916,True,True
10201417,64.05000000,0.47000000,30.10350000,1635725071916,True,True
10201418,64.05000000,0.31000000,19.85550000,1635725071916,True,True
10201419,64.05000000,0.16000000,10.24800000,1635725071916,True,True
10201420,64.04000000,1.13000000,72.36520000,1635725071966,True,True
10201421,64.04000000,1.35000000,86.45400000,1635725071966,True,True
10201422,64.04000000,0.37000000,23.69480000,1635725071966,True,True
10201423,64.04000000,0.30000000,19.21200000,1635725071966,True,True
10201424,64.04000000,0.18000000,11.52720000,1635725071966,True,True
10201425,64.04000000,0.42000000,26.89680000,1635725071966,True,True
10201426,64.04000000,0.42000000,26.89680000,1635725071966,True,True
10201427,64.04000000,0.42000000,26.89680000,1635725071966,True,True
10201428,64.04000000,0.22000000,14.08880000,1635725071966,True,True
10201429,64.04000000,1.05000000,67.24200000,1635725071966,True,True
10201430,64.04000000,0.23000000,14.72920000,1635725071966,True,True
10201431,64.03000000,0.79000000,50.58370000,1635725072022,True,True
10201432,64.03000000,0.16000000,10.24480000,1635725072022,True,True
10201433,64.03000000,1.36000000,87.08080000,1635725072022,True,True
10201434,64.03000000,3.78000000,242.03340000,1635725072022,True,True
10201435,64.03000000,3.16000000,202.33480000,1635725072038,True,True
10201436,64.04000000,6.57000000,420.74280000,1635725072256,True,True
10201437,64.09000000,0.20000000,12.81800000,1635725081672,False,True
10201438,64.10000000,6.41000000,410.88100000,1635725082330,False,True
10201439,64.05000000,28.44000000,1821.58200000,1635725094069,True,True
10201440,64.04000000,11.19000000,716.60760000,1635725094069,True,True
10201441,64.04000000,3.23000000,206.84920000,1635725094069,True,True
10201442,64.04000000,33.55000000,2148.54200000,1635725094069,True,True
10201443,64.03000000,0.65000000,41.61950000,1635725094069,True,True
10201444,64.03000000,4.70000000,300.94100000,1635725094069,True,True
10201445,64.02000000,0.22000000,14.08440000,1635725094069,True,True
10201446,64.02000000,0.61000000,39.05220000,1635725094069,True,True
10201447,64.02000000,0.20000000,12.80400000,1635725094069,True,True
10201448,64.02000000,0.81000000,51.85620000,1635725094069,True,True
10201449,64.02000000,0.23000000,14.72460000,1635725094069,True,True
10201450,64.02000000,0.17000000,10.88340000,1635725094069,True,True
10201451,64.02000000,0.20000000,12.80400000,1635725094069,True,True
10201452,64.01000000,0.31000000,19.84310000,1635725094069,True,True
10201453,64.01000000,0.18000000,11.52180000,1635725094069,True,True
10201454,64.01000000,0.31000000,19.84310000,1635725094069,True,True
10201455,64.01000000,0.87000000,55.68870000,1635725094069,True,True
10201456,64.01000000,1.82000000,116.49820000,1635725094069,True,True
10201457,64.06000000,0.16000000,10.24960000,1635725099698,True,True
10201458,64.10000000,5.53000000,354.47300000,1635725106565,True,True
10201459,64.10000000,2.75000000,176.27500000,1635725106572,False,True
10201460,64.17000000,5.06000000,324.70020000,1635725110674,False,True
10201461,64.21000000,0.79000000,50.72590000,1635725114636,False,True
10201462,64.23000000,3.23000000,207.46290000,1635725114745,False,True
10201463,64.24000000,2.54000000,163.16960000,1635725115031,False,True
10201464,64.25000000,0.90000000,57.82500000,1635725119900,False,True
10201465,64.26000000,0.79000000,50.76540000,1635725119900,False,True
10201466,64.26000000,18.00000000,1156.68000000,1635725119900,False,True
10201467,64.29000000,0.23000000,14.78670000,1635725138856,False,True
10201468,64.30000000,0.31000000,19.93300000,1635725139812,False,True
10201469,64.29000000,3.07000000,197.37030000,1635725143198,True,True
10201470,64.26000000,10.00000000,642.60000000,1635725164182,True,True
10201471,64.31000000,2.54000000,163.34740000,1635725173375,False,True
10201472,64.31000000,0.01000000,0.64310000,1635725173375,False,True
10201473,64.31000000,0.58000000,37.29980000,1635725173786,False,True
10201474,64.31000000,0.31000000,19.93610000,1635725173786,False,True
10201475,64.31000000,1.93000000,124.11830000,1635725173786,False,True
10201476,64.31000000,0.75000000,48.23250000,1635725173956,False,True
10201477,64.31000000,1.35000000,86.81850000,1635725173956,False,True
10201478,64.31000000,0.45000000,28.93950000,1635725173956,False,True
10201479,64.32000000,0.79000000,50.81280000,1635725174260,False,True
10201480,64.33000000,1.04000000,66.90320000,1635725175399,False,True
10201481,64.33000000,0.32000000,20.58560000,1635725175399,False,True
10201482,64.35000000,0.32000000,20.59200000,1635725175703,False,True
10201483,64.35000000,0.20000000,12.87000000,1635725175703,False,True
10201484,64.36000000,1.36000000,87.52960000,1635725178084,False,True
10201485,64.36000000,0.31000000,19.95160000,1635725178084,False,True
10201486,64.35000000,0.47000000,30.24450000,1635725179991,False,True
10201487,64.36000000,0.20000000,12.87200000,1635725194954,True,True
10201488,64.36000000,4.84000000,311.50240000,1635725197187,True,True
10201489,64.34000000,0.47000000,30.23980000,1635725197259,True,True
10201490,64.33000000,0.73000000,46.96090000,1635725197259,True,True
10201491,64.34000000,0.43000000,27.66620000,1635725197663,True,True
10201492,64.36000000,4.18000000,269.02480000,1635725197928,False,True
10201493,64.37000000,2.54000000,163.49980000,1635725200796,False,True
10201494,64.37000000,0.79000000,50.85230000,1635725200796,False,True
10201495,64.37000000,0.64000000,41.19680000,1635725200796,False,True
10201496,64.37000000,0.39000000,25.10430000,1635725200796,False,True
10201497,64.38000000,0.63000000,40.55940000,1635725204721,False,True
10201498,64.32000000,0.31000000,19.93920000,1635725214738,True,True
10201499,64.34000000,3.23000000,207.81820000,1635725219053,False,True
10201500,64.38000000,0.19000000,12.23220000,1635725228907,False,True
10201501,64.37000000,3.89000000,250.39930000,1635725232091,True,True
10201502,64.36000000,0.24000000,15.44640000,1635725235469,False,True
10201503,64.36000000,0.85000000,54.70600000,1635725245176,False,True
10201504,64.38000000,0.62000000,39.91560000,1635725251278,False,True
10201505,64.38000000,0.16000000,10.30080000,1635725251278,False,True
10201506,64.38000000,1.00000000,64.38000000,1635725251278,False,True
10201507,64.38000000,0.69000000,44.42220000,1635725270969,False,True
10201508,64.39000000,0.32000000,20.60480000,1635725293351,False,True
10201509,64.39000000,0.18000000,11.59020000,1635725293351,False,True
10201510,64.40000000,0.70000000,45.08000000,1635725295646,False,True
10201511,64.40000000,0.20000000,12.88000000,1635725296286,False,True
10201512,64.40000000,0.25000000,16.10000000,1635725296286,False,True
10201513,64.40000000,0.31000000,19.96400000,1635725296286,False,True
10201514,64.41000000,0.25000000,16.10250000,1635725296298,False,True
10201515,64.42000000,0.47000000,30.27740000,1635725296391,False,True
10201516,64.43000000,0.79000000,50.89970000,1635725297817,False,True
10201517,64.43000000,2.54000000,163.65220000,1635725297817,False,True
10201518,64.44000000,0.59000000,38.01960000,1635725297942,False,True
10201519,64.45000000,2.68000000,172.72600000,1635725298021,False,True
10201520,64.45000000,0.31000000,19.97950000,1635725298021,False,True
10201521,64.45000000,1.03000000,66.38350000,1635725298021,False,True
10201522,64.46000000,0.45000000,29.00700000,1635725300341,False,True
10201523,64.46000000,0.31000000,19.98260000,1635725300341,False,True
10201524,64.46000000,0.18000000,11.60280000,1635725300341,False,True
10201525,64.47000000,0.32000000,20.63040000,1635725310199,False,True
10201526,64.47000000,0.37000000,23.85390000,1635725310199,False,True
10201527,64.46000000,0.77000000,49.63420000,1635725312684,True,True
10201528,64.42000000,2.97000000,191.32740000,1635725313046,True,True
10201529,64.39000000,0.24000000,15.45360000,1635725318254,False,True
10201530,64.39000000,0.53000000,34.12670000,1635725318263,False,True
10201531,64.38000000,0.69000000,44.42220000,1635725322198,True,True
10201532,64.30000000,0.25000000,16.07500000,1635725349952,True,True
10201533,64.30000000,0.45000000,28.93500000,1635725349952,True,True
10201534,64.32000000,18.00000000,1157.76000000,1635725350512,False,True
10201535,64.32000000,40.57000000,2609.46240000,1635725350512,False,True
10201536,64.31000000,0.16000000,10.28960000,1635725351844,False,True
10201537,64.28000000,1.57000000,100.91960000,1635725354370,True,True
10201538,64.32000000,0.27000000,17.36640000,1635725377796,False,True
10201539,64.30000000,0.69000000,44.36700000,1635725389070,True,True
10201540,64.32000000,19.41000000,1248.45120000,1635725407606,True,True
10201541,64.37000000,2.33000000,149.98210000,1635725409159,False,True
10201542,64.30000000,21.43000000,1377.94900000,1635725423791,False,True
10201543,64.33000000,1.26000000,81.05580000,1635725442170,True,True
10201544,64.36000000,25.16000000,1619.29760000,1635725444337,False,True
10201545,64.36000000,9.03000000,581.17080000,1635725444337,False,True
10201546,64.32000000,3.00000000,192.96000000,1635725460744,False,True
10201547,64.26000000,0.24000000,15.42240000,1635725468092,True,True
10201548,64.25000000,0.79000000,50.75750000,1635725472527,True,True
10201549,64.25000000,0.90000000,57.82500000,1635725472527,True,True
10201550,64.24000000,2.54000000,163.16960000,1635725479406,True,True
10201551,64.23000000,0.39000000,25.04970000,1635725497208,True,True
10201552,64.23000000,0.32000000,20.55360000,1635725497208,True,True
10201553,64.21000000,0.31000000,19.90510000,1635725501260,True,True
10201554,64.21000000,1.03000000,66.13630000,1635725501260,True,True
10201555,64.24000000,15.58000000,1000.85920000,1635725510122,True,True
10201556,64.27000000,1.37000000,88.04990000,1635725531012,True,True
10201557,64.31000000,1.26000000,81.03060000,1635725536125,False,True
10201558,64.32000000,0.24000000,15.43680000,1635725536125,False,True
10201559,64.32000000,32.89000000,2115.48480000,1635725536125,False,True
10201560,64.32000000,13.78000000,886.32960000,1635725538128,False,True
10201561,64.32000000,17.00000000,1093.44000000,1635725538128,False,True
10201562,64.33000000,3.60000000,231.58800000,1635725538128,False,True
10201563,64.32000000,0.16000000,10.29120000,1635725538494,False,True
10201564,64.32000000,34.38000000,2211.32160000,1635725539125,False,True
10201565,64.36000000,0.68000000,43.76480000,1635725563574,False,True
10201566,64.32000000,31.07000000,1998.42240000,1635725569620,True,True
10201567,64.31000000,4.18000000,268.81580000,1635725572102,True,True
10201568,64.35000000,4.18000000,268.98300000,1635725582242,False,True
10201569,64.35000000,0.20000000,12.87000000,1635725582242,False,True
10201570,64.37000000,0.20000000,12.87400000,1635725593093,False,True
10201571,64.37000000,0.78000000,50.20860000,1635725593477,False,True
10201572,64.38000000,0.25000000,16.09500000,1635725593901,False,True
10201573,64.38000000,34.10000000,2195.35800000,1635725593901,False,True
10201574,64.37000000,29.87000000,1922.73190000,1635725595903,False,True
10201575,64.37000000,4.49000000,289.02130000,1635725595903,False,True
10201576,64.36000000,34.36000000,2211.40960000,1635725596900,False,True
10201577,64.36000000,0.21000000,13.51560000,1635725607878,True,True
10201578,64.40000000,0.90000000,57.96000000,1635725615591,False,True
10201579,64.43000000,0.79000000,50.89970000,1635725625195,False,True
10201580,64.43000000,2.54000000,163.65220000,1635725625195,False,True
10201581,64.44000000,0.31000000,19.97640000,1635725631353,False,True
10201582,64.45000000,1.03000000,66.38350000,1635725631596,False,True
10201583,64.44000000,32.62000000,2102.03280000,1635725638923,True,True
10201584,64.47000000,0.98000000,63.18060000,1635725642585,False,True
10201585,64.47000000,0.21000000,13.53870000,1635725642585,False,True
10201586,64.47000000,0.43000000,27.72210000,1635725642585,False,True
10201587,64.47000000,0.32000000,20.63040000,1635725642585,False,True
10201588,64.47000000,1.17000000,75.42990000,1635725642585,False,True
10201589,64.47000000,1.41000000,90.90270000,1635725642743,False,True
10201590,64.47000000,4.96000000,319.77120000,1635725643532,False,True
10201591,64.41000000,0.37000000,23.83170000,1635725648544,True,True
10201592,64.48000000,0.79000000,50.93920000,1635725657434,False,True
10201593,64.48000000,0.32000000,20.63360000,1635725657434,False,True
10201594,64.48000000,0.31000000,19.98880000,1635725657434,False,True
10201595,64.48000000,0.51000000,32.88480000,1635725657434,False,True
10201596,64.48000000,0.37000000,23.85760000,1635725657434,False,True
10201597,64.48000000,6.94000000,447.49120000,1635725657434,False,True
10201598,64.48000000,0.19000000,12.25120000,1635725657434,False,True
10201599,64.43000000,17.80000000,1146.85400000,1635725666915,True,True
10201600,64.42000000,0.25000000,16.10500000,1635725674512,True,True
10201601,64.50000000,0.39000000,25.15500000,1635725680626,False,True
10201602,64.48000000,0.25000000,16.12000000,1635725687566,False,True
10201603,64.43000000,2.02000000,130.14860000,1635725693789,True,True
10201604,64.39000000,0.21000000,13.52190000,1635725701798,True,True
10201605,64.38000000,0.14000000,9.01320000,1635725701798,True,True
10201606,64.39000000,0.20000000,12.87800000,1635725719710,False,True
10201607,64.38000000,0.16000000,10.30080000,1635725721197,False,True
10201608,64.36000000,17.38000000,1118.57680000,1635725732043,True,True
10201609,64.34000000,4.18000000,268.94120000,1635725736313,True,True
10201610,64.36000000,0.40000000,25.74400000,1635725737141,False,True
10201611,64.33000000,0.25000000,16.08250000,1635725737207,True,True
10201612,64.36000000,1.91000000,122.92760000,1635725741567,False,True
10201613,64.36000000,1.93000000,124.21480000,1635725743052,False,True
10201614,64.36000000,0.39000000,25.10040000,1635725743720,False,True
10201615,64.30000000,0.79000000,50.79700000,1635725748444,True,True
10201616,64.29000000,0.19000000,12.21510000,1635725748644,True,True
10201617,64.36000000,0.20000000,12.87200000,1635725768315,False,True
10201618,64.32000000,5.38000000,346.04160000,1635725789741,True,True
10201619,64.32000000,15.66000000,1007.25120000,1635725789762,True,True
10201620,64.33000000,3.74000000,240.59420000,1635725796714,False,True
10201621,64.33000000,0.96000000,61.75680000,1635725797439,False,True
10201622,64.33000000,0.51000000,32.80830000,1635725797572,False,True
10201623,64.33000000,5.00000000,321.65000000,1635725797625,False,True
10201624,64.33000000,10.66000000,685.75780000,1635725797625,False,True
10201625,64.33000000,5.00000000,321.65000000,1635725797626,False,True
10201626,64.33000000,8.26000000,531.36580000,1635725797632,False,True
10201627,64.33000000,0.96000000,61.75680000,1635725797634,False,True
10201628,64.35000000,0.30000000,19.30500000,1635725804535,True,True
10201629,64.35000000,0.72000000,46.33200000,1635725812448,True,True
10201630,64.39000000,10.00000000,643.90000000,1635725826913,False,True
10201631,64.40000000,0.16000000,10.30400000,1635725830073,False,True
10201632,64.38000000,0.61000000,39.27180000,1635725836019,False,True
10201633,64.32000000,0.47000000,30.23040000,1635725840968,True,True
10201634,64.37000000,1.56000000,100.41720000,1635725842985,False,True
10201635,64.33000000,11.45000000,736.57850000,1635725877536,False,True
10201636,64.36000000,39.91000000,2568.60760000,1635725892023,True,True
10201637,64.39000000,1.55000000,99.80450000,1635725925160,False,True
10201638,64.39000000,2.62000000,168.70180000,1635725931170,False,True
10201639,64.40000000,0.48000000,30.91200000,1635725931170,False,True
10201640,64.39000000,3.66000000,235.66740000,1635725934503,True,True
10201641,64.43000000,0.25000000,16.10750000,1635725959231,False,True
10201642,64.43000000,0.07000000,4.51010000,1635725959231,False,True
10201643,64.43000000,0.52000000,33.50360000,1635725972548,False,True
10201644,64.45000000,1.55000000,99.89750000,1635725976547,False,True
10201645,64.43000000,11.42000000,735.79060000,1635725992298,True,True
10201646,64.42000000,4.18000000,269.27560000,1635725995426,True,True
10201647,64.40000000,5.13000000,330.37200000,1635725995491,True,True
10201648,64.38000000,9.41000000,605.81580000,1635726012422,True,True
10201649,64.30000000,8.34000000,536.26200000,1635726017584,True,True
10201650,64.29000000,0.25000000,16.07250000,1635726019363,True,True
10201651,64.26000000,8.33000000,535.28580000,1635726019584,True,True
10201652,64.26000000,8.33000000,535.28580000,1635726020581,True,True
10201653,64.28000000,0.51000000,32.78280000,1635726026046,True,True
10201654,64.30000000,0.16000000,10.28800000,1635726037149,False,True
10201655,64.30000000,1.56000000,100.30800000,1635726037213,False,True
10201656,64.30000000,0.20000000,12.86000000,1635726037566,False,True
10201657,64.31000000,4.18000000,268.81580000,1635726053989,False,True
10201658,64.31000000,1.44000000,92.60640000,1635726053989,False,True
10201659,64.29000000,0.89000000,57.21810000,1635726057200,True,True
10201660,64.28000000,8.10000000,520.66800000,1635726057252,True,True
10201661,64.28000000,6.90000000,443.53200000,1635726057307,True,True
10201662,64.28000000,15.58000000,1001.48240000,1635726057307,True,True
10201663,64.33000000,2.37000000,152.46210000,1635726057530,False,True
10201664,64.39000000,0.25000000,16.09750000,1635726075711,False,True
10201665,64.42000000,0.19000000,12.23980000,1635726077554,False,True
10201666,64.39000000,1.31000000,84.35090000,1635726084736,True,True
10201667,64.37000000,10.67000000,686.82790000,1635726084736,True,True
10201668,64.41000000,11.48000000,739.42680000,1635726088255,False,True
10201669,64.43000000,10.00000000,644.30000000,1635726088271,False,True
10201670,64.43000000,12.13000000,781.53590000,1635726088273,False,True
10201671,64.43000000,19.13000000,1232.54590000,1635726088274,False,True
10201672,64.43000000,20.00000000,1288.60000000,1635726088278,False,True
10201673,64.44000000,11.91000000,767.48040000,1635726088298,False,True
10201674,64.44000000,5.00000000,322.20000000,1635726088305,False,True
10201675,64.44000000,10.87000000,700.46280000,1635726088306,False,True
10201676,64.44000000,5.00000000,322.20000000,1635726088310,False,True
10201677,64.44000000,10.00000000,644.40000000,1635726088311,False,True
10201678,64.44000000,15.60000000,1005.26400000,1635726088316,False,True
10201679,64.44000000,10.87000000,700.46280000,1635726088316,False,True
10201680,64.45000000,5.72000000,368.65400000,1635726088331,False,True
10201681,64.46000000,0.23000000,14.82580000,1635726088385,False,True
10201682,64.47000000,19.61000000,1264.25670000,1635726088443,False,True
10201683,64.47000000,69.00000000,4448.43000000,1635726088456,False,True
10201684,64.48000000,0.79000000,50.93920000,1635726089516,False,True
10201685,64.49000000,5.04000000,325.02960000,1635726093766,False,True
10201686,64.46000000,2.16000000,139.23360000,1635726094220,True,True
10201687,64.48000000,0.77000000,49.64960000,1635726097781,True,True
10201688,64.46000000,4.18000000,269.44280000,1635726100305,True,True
10201689,64.47000000,0.77000000,49.64190000,1635726101648,False,True
10201690,64.50000000,2.15000000,138.67500000,1635726106389,False,True
10201691,64.50000000,0.43000000,27.73500000,1635726106389,False,True
10201692,64.50000000,0.30000000,19.35000000,1635726106389,False,True
10201693,64.50000000,0.19000000,12.25500000,1635726106389,False,True
10201694,64.50000000,1.56000000,100.62000000,1635726106389,False,True
10201695,64.50000000,60.00000000,3870.00000000,1635726107183,True,True
10201696,64.51000000,1.44000000,92.89440000,1635726108342,False,True
10201697,64.51000000,0.89000000,57.41390000,1635726108342,False,True
10201698,64.51000000,0.20000000,12.90200000,1635726108342,False,True
10201699,64.51000000,0.59000000,38.06090000,1635726108342,False,True
10201700,64.50000000,0.77000000,49.66500000,1635726111507,True,True
10201701,64.49000000,1.40000000,90.28600000,1635726114496,True,True
10201702,64.48000000,2.97000000,191.50560000,1635726116662,True,True
10201703,64.51000000,0.71000000,45.80210000,1635726122167,False,True
10201704,64.52000000,0.58000000,37.42160000,1635726122192,False,True
10201705,64.52000000,0.31000000,20.00120000,1635726122192,False,True
10201706,64.53000000,0.32000000,20.64960000,1635726122790,False,True
10201707,64.53000000,0.31000000,20.00430000,1635726122790,False,True
10201708,64.53000000,0.31000000,20.00430000,1635726122790,False,True
10201709,64.53000000,0.31000000,20.00430000,1635726122790,False,True
10201710,64.53000000,0.76000000,49.04280000,1635726122790,False,True
10201711,64.53000000,0.43000000,27.74790000,1635726122790,False,True
10201712,64.53000000,0.23000000,14.84190000,1635726122790,False,True
10201713,64.53000000,0.81000000,52.26930000,1635726122790,False,True
10201714,64.53000000,4.18000000,269.73540000,1635726134204,False,True
10201715,64.54000000,0.16000000,10.32640000,1635726134204,False,True
10201716,64.54000000,0.79000000,50.98660000,1635726134204,False,True
10201717,64.54000000,0.31000000,20.00740000,1635726134204,False,True
10201718,64.48000000,5.03000000,324.33440000,1635726146571,True,True
10201719,64.48000000,0.69000000,44.49120000,1635726146571,True,True
10201720,64.48000000,0.16000000,10.31680000,1635726146736,True,True
10201721,64.54000000,0.47000000,30.33380000,1635726170103,False,True
10201722,64.54000000,0.57000000,36.78780000,1635726170103,False,True
10201723,64.54000000,0.18000000,11.61720000,1635726170103,False,True
10201724,64.54000000,0.37000000,23.87980000,1635726170103,False,True
10201725,64.54000000,0.16000000,10.32640000,1635726170103,False,True
10201726,64.54000000,5.73000000,369.81420000,1635726170103,False,True
10201727,64.55000000,0.90000000,58.09500000,1635726173047,False,True
10201728,64.55000000,0.42000000,27.11100000,1635726173047,False,True
10201729,64.55000000,0.23000000,14.84650000,1635726173047,False,True
10201730,64.55000000,0.31000000,20.01050000,1635726173047,False,True
10201731,64.56000000,2.54000000,163.98240000,1635726173352,False,True
10201732,64.56000000,0.31000000,20.01360000,1635726173352,False,True
10201733,64.56000000,0.94000000,60.68640000,1635726173352,False,True
10201734,64.56000000,1.34000000,86.51040000,1635726173352,False,True
10201735,64.56000000,0.46000000,29.69760000,1635726173352,False,True
10201736,64.56000000,0.46000000,29.69760000,1635726173352,False,True
10201737,64.56000000,0.45000000,29.05200000,1635726173352,False,True
10201738,64.56000000,0.22000000,14.20320000,1635726173352,False,True
10201739,64.56000000,0.31000000,20.01360000,1635726173352,False,True
10201740,64.54000000,0.77000000,49.69580000,1635726179689,False,True
10201741,64.55000000,0.40000000,25.82000000,1635726179689,False,True
10201742,64.51000000,0.78000000,50.31780000,1635726194936,False,True
10201743,64.51000000,0.16000000,10.32160000,1635726196788,False,True
10201744,64.48000000,0.16000000,10.31680000,1635726205419,True,True
10201745,64.48000000,13.37000000,862.09760000,1635726205419,True,True
10201746,64.50000000,2.13000000,137.38500000,1635726217250,True,True
10201747,64.49000000,4.38000000,282.46620000,1635726217250,True,True
10201748,64.56000000,0.47000000,30.34320000,1635726220349,False,True
10201749,64.56000000,0.78000000,50.35680000,1635726222353,False,True
10201750,64.57000000,0.59000000,38.09630000,1635726229154,False,True
10201751,64.57000000,1.36000000,87.81520000,1635726229154,False,True
10201752,64.57000000,0.42000000,27.11940000,1635726229154,False,True
10201753,64.57000000,0.18000000,11.62260000,1635726229154,False,True
10201754,64.57000000,1.55000000,100.08350000,1635726229154,False,True
10201755,64.58000000,0.19000000,12.27020000,1635726229217,False,True
10201756,64.58000000,1.03000000,66.51740000,1635726229217,False,True
10201757,64.58000000,0.39000000,25.18620000,1635726229217,False,True
10201758,64.58000000,0.22000000,14.20760000,1635726229217,False,True
10201759,64.59000000,0.79000000,51.02610000,1635726229286,False,True
10201760,64.59000000,0.31000000,20.02290000,1635726229286,False,True
10201761,64.59000000,0.31000000,20.02290000,1635726229286,False,True
10201762,64.59000000,1.43000000,92.36370000,1635726229286,False,True
10201763,64.55000000,0.19000000,12.26450000,1635726233028,True,True
10201764,64.57000000,0.77000000,49.71890000,1635726237661,True,True
10201765,64.56000000,1.83000000,118.14480000,1635726256195,True,True
10201766,64.57000000,32.26000000,2083.02820000,1635726257820,True,True
10201767,64.57000000,9.11000000,588.23270000,1635726257820,True,True
10201768,64.54000000,4.79000000,309.14660000,1635726259434,True,True
10201769,64.56000000,6.41000000,413.82960000,1635726269662,True,True
10201770,64.59000000,0.26000000,16.79340000,1635726272855,False,True
10201771,64.60000000,0.31000000,20.02600000,1635726272855,False,True
10201772,64.60000000,2.24000000,144.70400000,1635726272855,False,True
10201773,64.59000000,0.77000000,49.73430000,1635726276043,False,True
10201774,64.60000000,0.44000000,28.42400000,1635726276103,False,True
10201775,64.60000000,0.45000000,29.07000000,1635726276103,False,True
10201776,64.60000000,0.44000000,28.42400000,1635726276103,False,True
10201777,64.60000000,0.64000000,41.34400000,1635726276103,False,True
10201778,64.60000000,1.13000000,72.99800000,1635726276103,False,True
10201779,64.60000000,12.38000000,799.74800000,1635726278189,False,True
10201780,64.58000000,5.60000000,361.64800000,1635726282063,True,True
10201781,64.57000000,1.54000000,99.43780000,1635726282063,True,True
10201782,64.59000000,0.19000000,12.27210000,1635726286198,False,True
10201783,64.55000000,4.18000000,269.81900000,1635726286382,True,True
10201784,64.53000000,1.04000000,67.11120000,1635726298372,False,True
10201785,64.61000000,0.45000000,29.07450000,1635726309186,False,True
10201786,64.61000000,0.42000000,27.13620000,1635726309186,False,True
10201787,64.61000000,0.18000000,11.62980000,1635726309186,False,True
10201788,64.61000000,1.87000000,120.82070000,1635726309186,False,True
10201789,64.61000000,0.39000000,25.19790000,1635726315413,False,True
10201790,64.62000000,0.51000000,32.95620000,1635726318740,False,True
10201791,64.62000000,0.32000000,20.67840000,1635726318740,False,True
10201792,64.62000000,0.21000000,13.57020000,1635726318740,False,True
10201793,64.62000000,1.13000000,73.02060000,1635726319770,False,True
10201794,64.62000000,0.31000000,20.03220000,1635726319770,False,True
10201795,64.62000000,0.20000000,12.92400000,1635726319770,False,True
10201796,64.62000000,0.44000000,28.43280000,1635726319770,False,True
10201797,64.61000000,16.16000000,1044.09760000,1635726325204,True,True
10201798,64.61000000,24.55000000,1586.17550000,1635726325206,True,True
10201799,64.62000000,0.38000000,24.55560000,1635726325549,False,True
10201800,64.61000000,45.00000000,2907.45000000,1635726326636,True,True
10201801,64.61000000,135.00000000,8722.35000000,1635726326638,True,True
10201802,64.61000000,45.00000000,2907.45000000,1635726326640,True,True
10201803,64.61000000,47.14000000,3045.71540000,1635726326645,True,True
10201804,64.61000000,10.00000000,646.10000000,1635726326647,True,True
10201805,64.61000000,15.00000000,969.15000000,1635726326648,True,True
10201806,64.61000000,15.79000000,1020.19190000,1635726326649,True,True
10201807,64.61000000,0.95000000,61.37950000,1635726326649,True,True
10201808,64.60000000,10.07000000,650.52200000,1635726332678,True,True
10201809,64.60000000,0.37000000,23.90200000,1635726332792,True,True
10201810,64.58000000,0.39000000,25.18620000,1635726339679,True,True
10201811,64.57000000,1.04000000,67.15280000,1635726339679,True,True
10201812,64.57000000,17.29000000,1116.41530000,1635726339679,True,True
10201813,64.57000000,4.06000000,262.15420000,1635726339679,True,True
10201814,64.56000000,15.00000000,968.40000000,1635726339679,True,True
10201815,64.56000000,61.09000000,3943.97040000,1635726339679,True,True
10201816,64.58000000,1.28000000,82.66240000,1635726342299,False,True
10201817,64.58000000,1.86000000,120.11880000,1635726342300,False,True
10201818,64.62000000,0.26000000,16.80120000,1635726344073,False,True
10201819,64.61000000,0.25000000,16.15250000,1635726351464,False,True
10201820,64.62000000,3.05000000,197.09100000,1635726360423,False,True
10201821,64.61000000,0.34000000,21.96740000,1635726378845,False,True
10201822,64.59000000,3.17000000,204.75030000,1635726391549,False,True
10201823,64.56000000,0.71000000,45.83760000,1635726393604,True,True
10201824,64.56000000,0.82000000,52.93920000,1635726393604,True,True
10201825,64.55000000,0.23000000,14.84650000,1635726393604,True,True
10201826,64.52000000,0.25000000,16.13000000,1635726393604,True,True
10201827,64.52000000,0.30000000,19.35600000,1635726393604,True,True
10201828,64.52000000,0.19000000,12.25880000,1635726393604,True,True
10201829,64.50000000,0.22000000,14.19000000,1635726403454,True,True
10201830,64.49000000,31.65000000,2041.10850000,1635726403454,True,True
10201831,64.49000000,31.87000000,2055.29630000,1635726405454,True,True
10201832,64.49000000,14.07000000,907.37430000,1635726406454,True,True
10201833,64.49000000,17.80000000,1147.92200000,1635726406454,True,True
10201834,64.57000000,0.20000000,12.91400000,1635726426309,True,True
10201835,64.60000000,0.25000000,16.15000000,1635726428633,False,True
10201836,64.60000000,1.29000000,83.33400000,1635726428633,False,True
10201837,64.60000000,3.31000000,213.82600000,1635726429641,False,True
10201838,64.57000000,0.92000000,59.40440000,1635726451059,True,True
10201839,64.62000000,2.30000000,148.62600000,1635726456127,False,True
10201840,64.60000000,0.77000000,49.74200000,1635726469404,True,True
10201841,64.62000000,5.56000000,359.28720000,1635726508294,False,True
10201842,64.63000000,2.54000000,164.16020000,1635726508836,False,True
10201843,64.63000000,0.56000000,36.19280000,1635726508836,False,True
10201844,64.63000000,0.24000000,15.51120000,1635726508836,False,True
10201845,64.63000000,0.11000000,7.10930000,1635726508836,False,True
10201846,64.63000000,1.18000000,76.26340000,1635726511892,False,True
10201847,64.63000000,2.83000000,182.90290000,1635726511892,False,True
10201848,64.63000000,0.32000000,20.68160000,1635726511892,False,True
10201849,64.63000000,0.76000000,49.11880000,1635726511892,False,True
10201850,64.63000000,1.94000000,125.38220000,1635726511892,False,True
10201851,64.63000000,0.46000000,29.72980000,1635726511892,False,True
10201852,64.63000000,0.46000000,29.72980000,1635726511892,False,True
10201853,64.63000000,0.46000000,29.72980000,1635726511892,False,True
10201854,64.63000000,0.16000000,10.34080000,1635726511892,False,True
10201855,64.63000000,32.26000000,2084.96380000,1635726511892,False,True
10201856,64.63000000,0.16000000,10.34080000,1635726513248,False,True
10201857,64.63000000,0.39000000,25.20570000,1635726515424,True,True
10201858,64.63000000,0.31000000,20.03530000,1635726515424,True,True
10201859,64.63000000,0.32000000,20.68160000,1635726515584,False,True
10201860,64.61000000,0.18000000,11.62980000,1635726516207,True,True
10201861,64.56000000,9.57000000,617.83920000,1635726536003,True,True
10201862,64.53000000,0.30000000,19.35900000,1635726539739,True,True
10201863,64.53000000,0.02000000,1.29060000,1635726539746,True,True
10201864,64.52000000,1.52000000,98.07040000,1635726539746,True,True
10201865,64.58000000,0.15000000,9.68700000,1635726546209,False,True
10201866,64.57000000,3.59000000,231.80630000,1635726550955,False,True
10201867,64.57000000,0.59000000,38.09630000,1635726551343,False,True
10201868,64.57000000,0.93000000,60.05010000,1635726551355,True,True
10201869,64.58000000,0.30000000,19.37400000,1635726551755,False,True
10201870,64.58000000,1.00000000,64.58000000,1635726558497,False,True
10201871,64.57000000,4.43000000,286.04510000,1635726565640,False,True
10201872,64.58000000,8.70000000,561.84600000,1635726578289,False,True
10201873,64.64000000,1.44000000,93.08160000,1635726605413,False,True
10201874,64.64000000,0.79000000,51.06560000,1635726605413,False,True
10201875,64.64000000,11.50000000,743.36000000,1635726605413,False,True
10201876,64.64000000,0.44000000,28.44160000,1635726605413,False,True
10201877,64.64000000,0.47000000,30.38080000,1635726605413,False,True
10201878,64.64000000,2.18000000,140.91520000,1635726605413,False,True
10201879,64.64000000,0.16000000,10.34240000,1635726605413,False,True
10201880,64.64000000,0.63000000,40.72320000,1635726605413,False,True
10201881,64.64000000,0.16000000,10.34240000,1635726605413,False,True
10201882,64.64000000,0.18000000,11.63520000,1635726605413,False,True
10201883,64.64000000,0.51000000,32.96640000,1635726605413,False,True
10201884,64.64000000,0.20000000,12.92800000,1635726605413,False,True
10201885,64.65000000,0.31000000,20.04150000,1635726605995,False,True
10201886,64.65000000,0.31000000,20.04150000,1635726605995,False,True
10201887,64.65000000,1.23000000,79.51950000,1635726605995,False,True
10201888,64.65000000,5.66000000,365.91900000,1635726605995,False,True
10201889,64.65000000,0.32000000,20.68800000,1635726605995,False,True
10201890,64.65000000,0.16000000,10.34400000,1635726605995,False,True
10201891,64.65000000,0.16000000,10.34400000,1635726605995,False,True
10201892,64.65000000,0.16000000,10.34400000,1635726605995,False,True
10201893,64.65000000,0.16000000,10.34400000,1635726605995,False,True
10201894,64.65000000,0.18000000,11.63700000,1635726605995,False,True
10201895,64.65000000,1.19000000,76.93350000,1635726605995,False,True
10201896,64.65000000,0.16000000,10.34400000,1635726607439,False,True
10201897,64.65000000,0.16000000,10.34400000,1635726607485,False,True
10201898,64.65000000,0.16000000,10.34400000,1635726607609,False,True
10201899,64.65000000,0.31000000,20.04150000,1635726607813,False,True
10201900,64.65000000,0.16000000,10.34400000,1635726607866,False,True
10201901,64.65000000,0.47000000,30.38550000,1635726608334,False,True
10201902,64.65000000,0.16000000,10.34400000,1635726608629,False,True
10201903,64.64000000,0.37000000,23.91680000,1635726609103,True,True
10201904,64.65000000,0.52000000,33.61800000,1635726609705,False,True
10201905,64.66000000,0.32000000,20.69120000,1635726610846,False,True
10201906,64.66000000,0.20000000,12.93200000,1635726610846,False,True
10201907,64.63000000,0.32000000,20.68160000,1635726611032,True,True
10201908,64.66000000,0.16000000,10.34560000,1635726611805,False,True
10201909,64.66000000,0.11000000,7.11260000,1635726611878,False,True
10201910,64.66000000,0.31000000,20.04460000,1635726611878,False,True
10201911,64.66000000,0.24000000,15.51840000,1635726611878,False,True
10201912,64.66000000,1.32000000,85.35120000,1635726613890,False,True
10201913,64.66000000,0.31000000,20.04460000,1635726613890,False,True
10201914,64.66000000,0.23000000,14.87180000,1635726613890,False,True
10201915,64.66000000,0.55000000,35.56300000,1635726613890,False,True
10201916,64.66000000,0.29000000,18.75140000,1635726613890,False,True
10201917,64.66000000,0.33000000,21.33780000,1635726613930,False,True
10201918,64.66000000,0.16000000,10.34560000,1635726613930,False,True
10201919,64.66000000,0.22000000,14.22520000,1635726613930,False,True
10201920,64.66000000,0.08000000,5.17280000,1635726613930,False,True
10201921,64.66000000,0.34000000,21.98440000,1635726614048,False,True
10201922,64.66000000,1.23000000,79.53180000,1635726614048,False,True
10201923,64.66000000,0.31000000,20.04460000,1635726614048,False,True
10201924,64.67000000,0.49000000,31.68830000,1635726615139,False,True
10201925,64.67000000,0.31000000,20.04770000,1635726615139,False,True
10201926,64.67000000,0.35000000,22.63450000,1635726615139,False,True
10201927,64.67000000,0.30000000,19.40100000,1635726615139,False,True
10201928,64.67000000,0.31000000,20.04770000,1635726615139,False,True
10201929,64.67000000,0.23000000,14.87410000,1635726615139,False,True
10201930,64.67000000,0.18000000,11.64060000,1635726615139,False,True
10201931,64.67000000,0.79000000,51.08930000,1635726615139,False,True
10201932,64.67000000,1.57000000,101.53190000,1635726615139,False,True
10201933,64.67000000,0.51000000,32.98170000,1635726615139,False,True
10201934,64.68000000,0.64000000,41.39520000,1635726615139,False,True
10201935,64.68000000,0.38000000,24.57840000,1635726615139,False,True
10201936,64.68000000,3.94000000,254.83920000,1635726615139,False,True
10201937,64.66000000,6.95000000,449.38700000,1635726628342,False,True
10201938,64.66000000,0.19000000,12.28540000,1635726628467,False,True
10201939,64.67000000,0.19000000,12.28730000,1635726629569,False,True
10201940,64.67000000,0.13000000,8.40710000,1635726629582,False,True
10201941,64.67000000,0.11000000,7.11370000,1635726629664,True,True
10201942,64.67000000,0.24000000,15.52080000,1635726629664,True,True
10201943,64.63000000,0.22000000,14.21860000,1635726641550,True,True
10201944,64.63000000,0.16000000,10.34080000,1635726641550,True,True
10201945,64.63000000,0.88000000,56.87440000,1635726641550,True,True
10201946,64.65000000,7.00000000,452.55000000,1635726641552,False,True
10201947,64.63000000,0.41000000,26.49830000,1635726641879,True,True
10201948,64.64000000,0.20000000,12.92800000,1635726641968,True,True
10201949,64.66000000,0.16000000,10.34560000,1635726643236,False,True
10201950,64.64000000,0.20000000,12.92800000,1635726645654,True,True
10201951,64.66000000,0.55000000,35.56300000,1635726645712,False,True
10201952,64.65000000,0.30000000,19.39500000,1635726647979,False,True
10201953,64.62000000,0.20000000,12.92400000,1635726651199,True,True
10201954,64.59000000,0.20000000,12.91800000,1635726657536,True,True
10201955,64.58000000,0.44000000,28.41520000,1635726657536,True,True
10201956,64.60000000,0.16000000,10.33600000,1635726658971,False,True
10201957,64.60000000,29.71000000,1919.26600000,1635726659273,False,True
10201958,64.60000000,46.47000000,3001.96200000,1635726659273,False,True
10201959,64.62000000,1.21000000,78.19020000,1635726659273,False,True
10201960,64.57000000,0.25000000,16.14250000,1635726663870,True,True
10201961,64.54000000,0.54000000,34.85160000,1635726663870,True,True
10201962,64.54000000,0.21000000,13.55340000,1635726669055,True,True
10201963,64.54000000,0.38000000,24.52520000,1635726670970,True,True
10201964,64.54000000,2.20000000,141.98800000,1635726671114,True,True
10201965,64.56000000,0.18000000,11.62080000,1635726676713,False,True
10201966,64.54000000,3.74000000,241.37960000,1635726692655,False,True
10201967,64.54000000,4.51000000,291.07540000,1635726696404,False,True
10201968,64.54000000,4.43000000,285.91220000,1635726696450,False,True
10201969,64.54000000,4.57000000,294.94780000,1635726697391,False,True
10201970,64.54000000,2.25000000,145.21500000,1635726697408,False,True
10201971,64.54000000,2.21000000,142.63340000,1635726697540,False,True
10201972,64.54000000,2.25000000,145.21500000,1635726697552,False,True
10201973,64.54000000,1.13000000,72.93020000,1635726698139,False,True
10201974,64.54000000,1.13000000,72.93020000,1635726698285,False,True
10201975,64.54000000,1.13000000,72.93020000,1635726698484,False,True
10201976,64.54000000,1.11000000,71.63940000,1635726698541,False,True
10201977,64.54000000,49.71000000,3208.28340000,1635726699277,False,True
10201978,64.54000000,38.88000000,2509.31520000,1635726699279,False,True
10201979,64.54000000,269.23000000,17376.10420000,1635726699290,False,True
10201980,64.59000000,0.23000000,14.85570000,1635726704315,False,True
10201981,64.59000000,2.17000000,140.16030000,1635726716547,False,True
10201982,64.60000000,2.83000000,182.81800000,1635726716547,False,True
10201983,64.56000000,6.65000000,429.32400000,1635726731762,True,True
10201984,64.56000000,1.49000000,96.19440000,1635726734878,True,True
10201985,64.55000000,0.91000000,58.74050000,1635726734878,True,True
10201986,64.53000000,0.25000000,16.13250000,1635726734878,True,True
10201987,64.51000000,0.21000000,13.54710000,1635726760055,True,True
10201988,64.51000000,0.11000000,7.09610000,1635726760055,True,True
10201989,64.51000000,0.51000000,32.90010000,1635726760094,True,True
10201990,64.50000000,0.04000000,2.58000000,1635726760094,True,True
10201991,64.52000000,4.18000000,269.69360000,1635726764901,True,True
10201992,64.51000000,29.87000000,1926.91370000,1635726764901,True,True
10201993,64.51000000,46.51000000,3000.36010000,1635726764901,True,True
10201994,64.50000000,0.15000000,9.67500000,1635726764901,True,True
10201995,64.50000000,3.10000000,199.95000000,1635726764901,True,True
10201996,64.50000000,58.88000000,3797.76000000,1635726764901,True,True
10201997,64.50000000,15.00000000,967.50000000,1635726764901,True,True
10201998,64.50000000,28.71000000,1851.79500000,1635726764901,True,True
10201999,64.50000000,167.24000000,10786.98000000,1635726764908,False,True
10202000,64.50000000,4.00000000,258.00000000,1635726770499,True,True
10202001,64.55000000,29.87000000,1928.10850000,1635726772693,False,True
10202002,64.55000000,0.63000000,40.66650000,1635726772693,False,True
10202003,64.55000000,0.55000000,35.50250000,1635726790824,False,True
10202004,64.55000000,54.28000000,3503.77400000,1635726800364,False,True
10202005,64.55000000,5.00000000,322.75000000,1635726800369,False,True
10202006,64.55000000,60.00000000,3873.00000000,1635726800370,False,True
10202007,64.55000000,93.80000000,6054.79000000,1635726800370,False,True
10202008,64.55000000,30.00000000,1936.50000000,1635726800370,False,True
10202009,64.55000000,5.00000000,322.75000000,1635726800371,False,True
10202010,64.55000000,25.00000000,1613.75000000,1635726800372,False,True
10202011,64.55000000,5.00000000,322.75000000,1635726800373,False,True
10202012,64.55000000,25.00000000,1613.75000000,1635726800373,False,True
10202013,64.55000000,110.00000000,7100.50000000,1635726800373,False,True
10202014,64.55000000,5.00000000,322.75000000,1635726800373,False,True
10202015,64.55000000,30.00000000,1936.50000000,1635726800374,False,True
10202016,64.55000000,80.00000000,5164.00000000,1635726800376,False,True
10202017,64.55000000,5.00000000,322.75000000,1635726800379,False,True
10202018,64.55000000,38.94000000,2513.57700000,1635726800381,False,True
10202019,64.55000000,65.00000000,4195.75000000,1635726800385,False,True
10202020,64.56000000,0.19000000,12.26640000,1635726800442,False,True
10202021,64.56000000,42.77000000,2761.23120000,1635726800442,False,True
10202022,64.56000000,45.20000000,2918.11200000,1635726800544,False,True
10202023,64.56000000,15.25000000,984.54000000,1635726800587,False,True
10202024,64.56000000,83.08000000,5363.64480000,1635726800620,False,True
10202025,64.56000000,45.91000000,2963.94960000,1635726800696,False,True
10202026,64.56000000,36.07000000,2328.67920000,1635726800741,False,True
10202027,64.60000000,23.89000000,1543.29400000,1635726842049,False,True
10202028,64.60000000,8.85000000,571.71000000,1635726842055,False,True
10202029,64.60000000,0.28000000,18.08800000,1635726842094,False,True
10202030,64.60000000,0.71000000,45.86600000,1635726842348,False,True
10202031,64.60000000,0.43000000,27.77800000,1635726842511,False,True
10202032,64.60000000,30.73000000,1985.15800000,1635726842616,False,True
10202033,64.60000000,44.55000000,2877.93000000,1635726842653,False,True
10202034,64.60000000,7.45000000,481.27000000,1635726842743,False,True
10202035,64.61000000,43.02000000,2779.52220000,1635726842800,False,True
10202036,64.61000000,12.24000000,790.82640000,1635726843023,False,True
10202037,64.61000000,12.00000000,775.32000000,1635726843044,False,True
10202038,64.61000000,0.56000000,36.18160000,1635726844476,False,True
10202039,64.61000000,120.56000000,7789.38160000,1635726844494,False,True
10202040,64.57000000,0.19000000,12.26830000,1635726851939,True,True
10202041,64.53000000,0.18000000,11.61540000,1635726855829,True,True
10202042,64.52000000,0.25000000,16.13000000,1635726865617,True,True
10202043,64.50000000,3.12000000,201.24000000,1635726871611,True,True
10202044,64.50000000,1.14000000,73.53000000,1635726871615,True,True
10202045,64.50000000,1.94000000,125.13000000,1635726871615,True,True
10202046,64.49000000,1.39000000,89.64110000,1635726871643,True,True
10202047,64.48000000,3.11000000,200.53280000,1635726872328,True,True
10202048,64.50000000,7.75000000,499.87500000,1635726872341,True,True
10202049,64.46000000,0.79000000,50.92340000,1635726873212,True,True
10202050,64.47000000,4.18000000,269.48460000,1635726875475,False,True
10202051,64.46000000,0.95000000,61.23700000,1635726888608,True,True
10202052,64.46000000,0.95000000,61.23700000,1635726890306,True,True
10202053,64.46000000,4.90000000,315.85400000,1635726890494,True,True
10202054,64.49000000,1.17000000,75.45330000,1635726906691,False,True
10202055,64.47000000,0.67000000,43.19490000,1635726911789,True,True
10202056,64.46000000,1.03000000,66.39380000,1635726911789,True,True
10202057,64.46000000,1.55000000,99.91300000,1635726940922,True,True
10202058,64.54000000,0.71000000,45.82340000,1635726961884,False,True
10202059,64.54000000,0.16000000,10.32640000,1635726975475,False,True
10202060,64.51000000,7.81000000,503.82310000,1635726995854,False,True
10202061,64.51000000,7.19000000,463.82690000,1635726997857,False,True
10202062,64.51000000,0.61000000,39.35110000,1635726997857,False,True
10202063,64.51000000,7.80000000,503.17800000,1635726998854,False,True
10202064,64.44000000,2.54000000,163.67760000,1635727010221,True,True
10202065,64.43000000,0.17000000,10.95310000,1635727010757,True,True
10202066,64.43000000,0.31000000,19.97330000,1635727010757,True,True
10202067,64.41000000,0.79000000,50.88390000,1635727012011,True,True
10202068,64.41000000,0.74000000,47.66340000,1635727012011,True,True
10202069,64.40000000,0.90000000,57.96000000,1635727014043,True,True
10202070,64.40000000,2.07000000,133.30800000,1635727014043,True,True
10202071,64.40000000,0.32000000,20.60800000,1635727014043,True,True
10202072,64.40000000,3.74000000,240.85600000,1635727014043,True,True
10202073,64.41000000,0.20000000,12.88200000,1635727018520,True,True
10202074,64.39000000,0.78000000,50.22420000,1635727027905,True,True
10202075,64.39000000,1.44000000,92.72160000,1635727027905,True,True
10202076,64.39000000,0.21000000,13.52190000,1635727027905,True,True
10202077,64.38000000,1.82000000,117.17160000,1635727036207,True,True
10202078,64.37000000,2.54000000,163.49980000,1635727043841,True,True
10202079,64.37000000,0.64000000,41.19680000,1635727043841,True,True
10202080,64.36000000,0.79000000,50.84440000,1635727047048,True,True
10202081,64.35000000,0.28000000,18.01800000,1635727047058,True,True
10202082,64.35000000,0.31000000,19.94850000,1635727047058,True,True
10202083,64.35000000,0.32000000,20.59200000,1635727047058,True,True
10202084,64.35000000,0.31000000,19.94850000,1635727047058,True,True
10202085,64.34000000,1.03000000,66.27020000,1635727053401,True,True
10202086,64.34000000,1.34000000,86.21560000,1635727053401,True,True
10202087,64.33000000,0.31000000,19.94230000,1635727061693,True,True
10202088,64.33000000,2.68000000,172.40440000,1635727061693,True,True
10202089,64.33000000,0.45000000,28.94850000,1635727061693,True,True
10202090,64.32000000,0.31000000,19.93920000,1635727062093,True,True
10202091,64.32000000,0.59000000,37.94880000,1635727062093,True,True
10202092,64.32000000,1.04000000,66.89280000,1635727062093,True,True
10202093,64.31000000,2.54000000,163.34740000,1635727062101,True,True
10202094,64.31000000,0.24000000,15.43440000,1635727062101,True,True
10202095,64.31000000,0.56000000,36.01360000,1635727062101,True,True
10202096,64.31000000,0.47000000,30.22570000,1635727062101,True,True
10202097,64.30000000,0.79000000,50.79700000,1635727062292,True,True
10202098,64.30000000,25.97000000,1669.87100000,1635727062292,True,True
10202099,64.30000000,0.31000000,19.93300000,1635727062292,True,True
10202100,64.30000000,0.23000000,14.78900000,1635727062292,True,True
10202101,64.30000000,9.23000000,593.48900000,1635727062292,True,True
10202102,64.35000000,8.06000000,518.66100000,1635727068169,False,True
10202103,64.37000000,1.94000000,124.87780000,1635727068169,False,True
10202104,64.36000000,0.37000000,23.81320000,1635727089069,False,True
10202105,64.39000000,46.67000000,3005.08130000,1635727111832,False,True
10202106,64.40000000,46.63000000,3002.97200000,1635727112390,False,True
10202107,64.34000000,5.84000000,375.74560000,1635727133560,True,True
10202108,64.29000000,0.23000000,14.78670000,1635727145721,True,True
10202109,64.31000000,46.68000000,3001.99080000,1635727170125,True,True
10202110,64.30000000,4.18000000,268.77400000,1635727170125,True,True
10202111,64.30000000,32.68000000,2101.32400000,1635727170125,True,True
10202112,64.29000000,0.24000000,15.42960000,1635727170125,True,True
10202113,64.29000000,2.50000000,160.72500000,1635727170125,True,True
10202114,64.29000000,0.19000000,12.21510000,1635727170125,True,True
10202115,64.29000000,0.20000000,12.85800000,1635727170125,True,True
10202116,64.29000000,5.84000000,375.45360000,1635727170125,True,True
10202117,64.29000000,3.22000000,207.01380000,1635727170125,True,True
10202118,64.28000000,0.24000000,15.42720000,1635727170125,True,True
10202119,64.28000000,0.31000000,19.92680000,1635727170125,True,True
10202120,64.28000000,2.07000000,133.05960000,1635727170125,True,True
10202121,64.28000000,11.50000000,739.22000000,1635727170125,True,True
10202122,64.28000000,0.22000000,14.14160000,1635727170125,True,True
10202123,64.27000000,0.32000000,20.56640000,1635727170125,True,True
10202124,64.27000000,0.87000000,55.91490000,1635727170125,True,True
10202125,64.27000000,4.24000000,272.50480000,1635727170125,True,True
10202126,64.27000000,8.00000000,514.16000000,1635727170125,True,True
10202127,64.26000000,1.44000000,92.53440000,1635727170125,True,True
10202128,64.25000000,0.78000000,50.11500000,1635727170125,True,True
10202129,64.25000000,0.90000000,57.82500000,1635727170125,True,True
10202130,64.25000000,0.79000000,50.75750000,1635727170125,True,True
10202131,64.25000000,0.39000000,25.05750000,1635727170125,True,True
10202132,64.25000000,0.88000000,56.54000000,1635727170125,True,True
10202133,64.25000000,0.23000000,14.77750000,1635727170125,True,True
10202134,64.25000000,5.64000000,362.37000000,1635727170125,True,True
10202135,64.25000000,77.88000000,5003.79000000,1635727170125,True,True
10202136,64.24000000,2.54000000,163.16960000,1635727170125,True,True
10202137,64.24000000,1.94000000,124.62560000,1635727170125,True,True
10202138,64.24000000,1.36000000,87.36640000,1635727170125,True,True
10202139,64.24000000,0.31000000,19.91440000,1635727170125,True,True
10202140,64.24000000,4.67000000,300.00080000,1635727170125,True,True
10202141,64.24000000,0.84000000,53.96160000,1635727170125,True,True
10202142,64.24000000,0.38000000,24.41120000,1635727170125,True,True
10202143,64.24000000,4.99000000,320.55760000,1635727170125,True,True
10202144,64.23000000,0.32000000,20.55360000,1635727170125,True,True
10202145,64.23000000,0.49000000,31.47270000,1635727170125,True,True
10202146,64.23000000,83.91000000,5389.53930000,1635727170125,True,True
10202147,64.29000000,2.48000000,159.43920000,1635727172754,True,True
10202148,64.33000000,0.66000000,42.45780000,1635727181372,True,True
10202149,64.37000000,5.22000000,336.01140000,1635727181962,False,True
10202150,64.33000000,45.88000000,2951.46040000,1635727183926,True,True
10202151,64.33000000,15.00000000,964.95000000,1635727183926,True,True
10202152,64.29000000,3.74000000,240.44460000,1635727185737,False,True
10202153,64.27000000,1.48000000,95.11960000,1635727186515,True,True
10202154,64.26000000,0.27000000,17.35020000,1635727198960,True,True
10202155,64.26000000,22.90000000,1471.55400000,1635727198960,True,True
10202156,64.26000000,3.52000000,226.19520000,1635727211216,True,True
10202157,64.26000000,0.18000000,11.56680000,1635727211216,True,True
10202158,64.26000000,2.74000000,176.07240000,1635727211216,True,True
10202159,64.25000000,0.19000000,12.20750000,1635727218212,True,True
10202160,64.30000000,3.42000000,219.90600000,1635727229562,False,True
10202161,64.24000000,0.50000000,32.12000000,1635727232589,True,True
10202162,64.22000000,0.32000000,20.55040000,1635727254522,True,True
10202163,64.22000000,0.30000000,19.26600000,1635727254522,True,True
10202164,64.22000000,0.21000000,13.48620000,1635727254522,True,True
10202165,64.24000000,2.98000000,191.43520000,1635727256692,False,True
10202166,64.24000000,1.00000000,64.24000000,1635727260343,False,True
10202167,64.21000000,0.18000000,11.55780000,1635727271859,True,True
10202168,64.21000000,0.51000000,32.74710000,1635727274872,True,True
10202169,64.21000000,0.31000000,19.90510000,1635727274872,True,True
10202170,64.21000000,1.03000000,66.13630000,1635727274872,True,True
10202171,64.21000000,0.32000000,20.54720000,1635727274872,True,True
10202172,64.21000000,0.31000000,19.90510000,1635727274872,True,True
10202173,64.21000000,0.43000000,27.61030000,1635727274872,True,True
10202174,64.21000000,5.17000000,331.96570000,1635727275022,True,True
10202175,64.20000000,0.31000000,19.90200000,1635727277140,True,True
10202176,64.20000000,0.31000000,19.90200000,1635727277140,True,True
10202177,64.20000000,0.26000000,16.69200000,1635727277140,True,True
10202178,64.20000000,0.16000000,10.27200000,1635727277140,True,True
10202179,64.20000000,0.78000000,50.07600000,1635727277140,True,True
10202180,64.20000000,0.25000000,16.05000000,1635727277140,True,True
10202181,64.19000000,0.79000000,50.71010000,1635727277235,True,True
10202182,64.19000000,2.68000000,172.02920000,1635727277235,True,True
10202183,64.19000000,0.59000000,37.87210000,1635727277235,True,True
10202184,64.19000000,0.45000000,28.88550000,1635727277235,True,True
10202185,64.19000000,1.35000000,86.65650000,1635727277235,True,True
10202186,64.19000000,0.42000000,26.95980000,1635727277235,True,True
10202187,64.19000000,0.18000000,11.55420000,1635727281712,True,True
10202188,64.18000000,0.16000000,10.26880000,1635727281712,True,True
10202189,64.18000000,2.38000000,152.74840000,1635727296374,True,True
10202190,64.18000000,0.43000000,27.59740000,1635727296374,True,True
10202191,64.18000000,0.31000000,19.89580000,1635727296374,True,True
10202192,64.18000000,0.89000000,57.12020000,1635727296374,True,True
10202193,64.18000000,0.19000000,12.19420000,1635727296374,True,True
10202194,64.18000000,0.31000000,19.89580000,1635727296374,True,True
10202195,64.17000000,0.31000000,19.89270000,1635727296374,True,True
10202196,64.17000000,0.42000000,26.95140000,1635727296374,True,True
10202197,64.17000000,0.26000000,16.68420000,1635727296374,True,True
10202198,64.17000000,2.61000000,167.48370000,1635727296374,True,True
10202199,64.16000000,0.61000000,39.13760000,1635727296377,True,True
10202200,64.16000000,0.64000000,41.06240000,1635727296377,True,True
10202201,64.16000000,0.19000000,12.19040000,1635727296377,True,True
10202202,64.15000000,0.20000000,12.83000000,1635727296377,True,True
10202203,64.15000000,0.31000000,19.88650000,1635727296377,True,True
10202204,64.15000000,1.17000000,75.05550000,1635727296377,True,True
10202205,64.15000000,0.45000000,28.86750000,1635727296377,True,True
10202206,64.14000000,0.79000000,50.67060000,1635727296377,True,True
10202207,64.14000000,0.44000000,28.22160000,1635727296377,True,True
10202208,64.14000000,0.21000000,13.46940000,1635727296377,True,True
10202209,64.13000000,1.44000000,92.34720000,1635727296377,True,True
10202210,64.13000000,0.32000000,20.52160000,1635727296377,True,True
10202211,64.13000000,0.78000000,50.02140000,1635727296377,True,True
10202212,64.13000000,0.26000000,16.67380000,1635727296377,True,True
10202213,64.13000000,5.37000000,344.37810000,1635727296377,True,True
10202214,64.13000000,0.19000000,12.18470000,1635727296384,True,True
10202215,64.12000000,2.54000000,162.86480000,1635727296387,True,True
10202216,64.12000000,0.22000000,14.10640000,1635727296387,True,True
10202217,64.12000000,1.29000000,82.71480000,1635727296387,True,True
10202218,64.11000000,0.32000000,20.51520000,1635727296387,True,True
10202219,64.11000000,0.31000000,19.87410000,1635727296387,True,True
10202220,64.11000000,0.42000000,26.92620000,1635727296387,True,True
10202221,64.11000000,1.34000000,85.90740000,1635727296387,True,True
10202222,64.11000000,0.18000000,11.53980000,1635727296387,True,True
10202223,64.11000000,0.45000000,28.84950000,1635727296387,True,True
10202224,64.11000000,0.45000000,28.84950000,1635727296387,True,True
10202225,64.11000000,0.45000000,28.84950000,1635727296387,True,True
10202226,64.11000000,0.31000000,19.87410000,1635727296387,True,True
10202227,64.11000000,0.35000000,22.43850000,1635727296387,True,True
10202228,64.11000000,0.27000000,17.30970000,1635727296387,True,True
10202229,64.11000000,13.68000000,877.02480000,1635727296387,True,True
10202230,64.11000000,6.43000000,412.22730000,1635727296387,True,True
10202231,64.12000000,4.24000000,271.86880000,1635727296390,True,True
10202232,64.12000000,3.77000000,241.73240000,1635727296396,True,True
10202233,64.11000000,43.46000000,2786.22060000,1635727296396,True,True
10202234,64.11000000,3.77000000,241.69470000,1635727296396,True,True
10202235,64.11000000,3.77000000,241.69470000,1635727296407,True,True
10202236,64.11000000,2.59000000,166.04490000,1635727296407,True,True
10202237,64.11000000,2.59000000,166.04490000,1635727296408,True,True
10202238,64.11000000,2.59000000,166.04490000,1635727296411,True,True
10202239,64.11000000,3.46000000,221.82060000,1635727296413,True,True
10202240,64.11000000,15.00000000,961.65000000,1635727296413,True,True
10202241,64.11000000,21.05000000,1349.51550000,1635727296421,True,True
10202242,64.11000000,2.59000000,166.04490000,1635727296423,True,True
10202243,64.11000000,2.59000000,166.04490000,1635727296426,True,True
10202244,64.11000000,2.59000000,166.04490000,1635727296426,True,True
10202245,64.11000000,2.94000000,188.48340000,1635727296426,True,True
10202246,64.11000000,8.85000000,567.37350000,1635727296430,True,True
10202247,64.10000000,0.90000000,57.69000000,1635727296430,True,True
10202248,64.10000000,0.31000000,19.87100000,1635727296430,True,True
10202249,64.10000000,0.51000000,32.69100000,1635727296430,True,True
10202250,64.10000000,0.57000000,36.53700000,1635727296430,True,True
10202251,64.10000000,0.30000000,19.23000000,1635727296430,True,True
10202252,64.09000000,1.04000000,66.65360000,1635727296430,True,True
10202253,64.09000000,0.43000000,27.55870000,1635727296430,True,True
10202254,64.09000000,0.76000000,48.70840000,1635727296430,True,True
10202255,64.09000000,0.31000000,19.86790000,1635727296430,True,True
10202256,64.09000000,5.64000000,361.46760000,1635727296430,True,True
10202257,64.09000000,43.30000000,2775.09700000,1635727296430,True,True
10202258,64.09000000,0.25000000,16.02250000,1635727296430,True,True
10202259,64.08000000,0.79000000,50.62320000,1635727302566,True,True
10202260,64.08000000,2.08000000,133.28640000,1635727302566,True,True
10202261,64.07000000,0.32000000,20.50240000,1635727302581,True,True
10202262,64.06000000,0.59000000,37.79540000,1635727302588,True,True
10202263,64.06000000,0.31000000,19.85860000,1635727302588,True,True
10202264,64.06000000,0.64000000,40.99840000,1635727302588,True,True
10202265,64.06000000,0.31000000,19.85860000,1635727302588,True,True
10202266,64.06000000,0.22000000,14.09320000,1635727302588,True,True
10202267,64.06000000,0.43000000,27.54580000,1635727302588,True,True
10202268,64.06000000,7.50000000,480.45000000,1635727302588,True,True
10202269,64.06000000,1.75000000,112.10500000,1635727302633,True,True
10202270,64.06000000,2.81000000,180.00860000,1635727302635,True,True
10202271,64.06000000,6.72000000,430.48320000,1635727302647,True,True
10202272,64.06000000,10.99000000,704.01940000,1635727302648,True,True
10202273,64.06000000,0.19000000,12.17140000,1635727302648,True,True
10202274,64.05000000,2.54000000,162.68700000,1635727302648,True,True
10202275,64.05000000,0.31000000,19.85550000,1635727302648,True,True
10202276,64.05000000,2.68000000,171.65400000,1635727302648,True,True
10202277,64.05000000,0.45000000,28.82250000,1635727302648,True,True
10202278,64.05000000,0.39000000,24.97950000,1635727302648,True,True
10202279,64.05000000,0.47000000,30.10350000,1635727302648,True,True
10202280,64.05000000,0.31000000,19.85550000,1635727302648,True,True
10202281,64.04000000,1.35000000,86.45400000,1635727302648,True,True
10202282,64.04000000,0.37000000,23.69480000,1635727302648,True,True
10202283,64.04000000,0.30000000,19.21200000,1635727302648,True,True
10202284,64.04000000,0.22000000,14.08880000,1635727302648,True,True
10202285,64.04000000,0.26000000,16.65040000,1635727302648,True,True
10202286,64.04000000,0.23000000,14.72920000,1635727302648,True,True
10202287,64.04000000,0.47000000,30.09880000,1635727302648,True,True
10202288,64.04000000,0.47000000,30.09880000,1635727302648,True,True
10202289,64.04000000,0.46000000,29.45840000,1635727302648,True,True
10202290,64.04000000,0.20000000,12.80800000,1635727302648,True,True
10202291,64.04000000,0.25000000,16.01000000,1635727302648,True,True
10202292,64.03000000,0.79000000,50.58370000,1635727302648,True,True
10202293,64.03000000,1.36000000,87.08080000,1635727302648,True,True
10202294,64.03000000,0.16000000,10.24480000,1635727302648,True,True
10202295,64.03000000,6.94000000,444.36820000,1635727302648,True,True
10202296,64.03000000,0.73000000,46.74190000,1635727302648,True,True
10202297,64.03000000,1.05000000,67.23150000,1635727302648,True,True
10202298,64.02000000,0.21000000,13.44420000,1635727302648,True,True
10202299,64.02000000,0.23000000,14.72460000,1635727302648,True,True
10202300,64.02000000,0.81000000,51.85620000,1635727302648,True,True
10202301,64.02000000,13.11000000,839.30220000,1635727302648,True,True
10202302,64.02000000,0.20000000,12.80400000,1635727302648,True,True
10202303,64.01000000,0.31000000,19.84310000,1635727302648,True,True
10202304,64.01000000,1.18000000,75.53180000,1635727302648,True,True
10202305,64.01000000,1.00000000,64.01000000,1635727302648,True,True
10202306,64.01000000,5.64000000,361.01640000,1635727302648,True,True
10202307,64.01000000,24.34000000,1558.00340000,1635727302648,True,True
10202308,64.01000000,0.17000000,10.88170000,1635727305267,False,True
10202309,64.00000000,0.32000000,20.48000000,1635727305350,True,True
10202310,64.00000000,1.45000000,92.80000000,1635727305350,True,True
10202311,64.00000000,0.26000000,16.64000000,1635727305350,True,True
10202312,64.00000000,0.05000000,3.20000000,1635727305350,True,True
10202313,64.00000000,0.95000000,60.80000000,1635727305350,True,True
10202314,64.02000000,3.74000000,239.43480000,1635727306594,False,True
10202315,64.03000000,5.64000000,361.12920000,1635727307498,False,True
10202316,64.08000000,5.05000000,323.60400000,1635727310157,False,True
10202317,64.03000000,0.17000000,10.88510000,1635727319737,True,True
10202318,64.02000000,0.35000000,22.40700000,1635727319737,True,True
10202319,64.13000000,0.37000000,23.72810000,1635727328827,False,True
10202320,64.10000000,0.37000000,23.71700000,1635727329280,True,True
10202321,64.09000000,1.21000000,77.54890000,1635727329280,True,True
10202322,64.15000000,3.31000000,212.33650000,1635727330267,False,True
10202323,64.15000000,0.44000000,28.22600000,1635727330320,False,True
10202324,64.16000000,0.63000000,40.42080000,1635727333219,False,True
10202325,64.17000000,1.56000000,100.10520000,1635727343298,True,True
10202326,64.17000000,0.16000000,10.26720000,1635727346034,False,True
10202327,64.17000000,0.32000000,20.53440000,1635727346075,False,True
10202328,64.17000000,0.16000000,10.26720000,1635727351641,True,True
10202329,64.18000000,0.39000000,25.03020000,1635727366452,False,True
10202330,64.16000000,0.20000000,12.83200000,1635727372043,True,True
10202331,64.16000000,4.68000000,300.26880000,1635727372292,True,True
10202332,64.16000000,0.03000000,1.92480000,1635727381149,True,True
10202333,64.15000000,0.53000000,33.99950000,1635727381149,True,True
10202334,64.15000000,3.81000000,244.41150000,1635727381149,True,True
10202335,64.11000000,18.75000000,1202.06250000,1635727398969,True,True
10202336,64.12000000,2.00000000,128.24000000,1635727399643,False,True
10202337,64.09000000,2.00000000,128.18000000,1635727406837,True,True
10202338,64.06000000,0.48000000,30.74880000,1635727416926,True,True
10202339,64.05000000,1.27000000,81.34350000,1635727416952,True,True
10202340,64.05000000,22.31000000,1428.95550000,1635727417031,True,True
10202341,64.07000000,0.17000000,10.89190000,1635727419282,False,True
10202342,64.05000000,1.27000000,81.34350000,1635727420779,True,True
10202343,64.05000000,4.17000000,267.08850000,1635727425646,False,True
10202344,64.05000000,14.47000000,926.80350000,1635727426914,True,True
