46134661,17.09000000,0.88000000,15.03920000,1677628815702,True,True
46134662,17.09000000,43.85000000,749.39650000,1677628820265,False,True
46134663,17.09000000,39.66000000,677.78940000,1677628838364,True,True
46134664,17.09000000,29.96000000,512.01640000,1677628838364,True,True
46134665,17.09000000,18.49000000,315.99410000,1677628839392,False,True
46134666,17.09000000,7.93000000,135.52370000,1677628839392,False,True
46134667,17.09000000,14.62000000,249.85580000,1677628839392,False,True
46134668,17.09000000,29.25000000,499.88250000,1677628839392,False,True
46134669,17.10000000,1.62000000,27.70200000,1677628852327,False,True
46134670,17.09000000,11.70000000,199.95300000,1677628866799,False,True
46134671,17.08000000,3.30000000,56.36400000,1677628875612,True,True
46134672,17.08000000,2.92000000,49.87360000,1677628875612,True,True
46134673,17.08000000,1.01000000,17.25080000,1677628875612,True,True
46134674,17.08000000,26.42000000,451.25360000,1677628875612,True,True
46134675,17.08000000,258.35000000,4412.61800000,1677628875612,True,True
46134676,17.08000000,35.58000000,607.70640000,1677628876048,True,True
46134677,17.08000000,43.36000000,740.58880000,1677628876152,True,True
46134678,17.08000000,52.49000000,896.52920000,1677628876163,True,True
46134679,17.08000000,49.51000000,845.63080000,1677628876173,True,True
46134680,17.08000000,18.25000000,311.71000000,1677628876178,True,True
46134681,17.08000000,43.36000000,740.58880000,1677628876248,True,True
46134682,17.08000000,29.45000000,503.00600000,1677628877047,True,True
46134683,17.08000000,29.45000000,503.00600000,1677628877152,True,True
46134684,17.08000000,31.86000000,544.16880000,1677628877746,True,True
46134685,17.08000000,25.44000000,434.51520000,1677628877864,True,True
46134686,17.08000000,11.47000000,195.90760000,1677628877886,True,True
46134687,17.08000000,23.98000000,409.57840000,1677628877891,True,True
46134688,17.08000000,195.45000000,3338.28600000,1677628877892,True,True
46134689,17.08000000,19.94000000,340.57520000,1677628877895,True,True
46134690,17.08000000,52.63000000,898.92040000,1677628877896,True,True
46134691,17.07000000,1.55000000,26.45850000,1677628878039,True,True
46134692,17.07000000,6.64000000,113.34480000,1677628879611,True,True
46134693,17.08000000,1.39000000,23.74120000,1677628883413,False,True
46134694,17.08000000,0.59000000,10.07720000,1677628883832,False,True
46134695,17.08000000,0.59000000,10.07720000,1677628888353,False,True
46134696,17.07000000,1.23000000,20.99610000,1677628890436,True,True
46134697,17.07000000,14.58000000,248.88060000,1677628918057,True,True
46134698,17.07000000,3.26000000,55.64820000,1677628935512,False,True
46134699,17.08000000,0.59000000,10.07720000,1677628938370,False,True
46134700,17.08000000,0.59000000,10.07720000,1677628943804,False,True
46134701,17.07000000,28.14000000,480.34980000,1677629020102,True,True
46134702,17.07000000,3.27000000,55.81890000,1677629020102,True,True
46134703,17.07000000,12.44000000,212.35080000,1677629041992,False,True
46134704,17.07000000,2.57000000,43.86990000,1677629058410,False,True
46134705,17.07000000,4.19000000,71.52330000,1677629071522,False,True
46134706,17.07000000,22.24000000,379.63680000,1677629071526,False,True
46134707,17.08000000,2.09000000,35.69720000,1677629080361,False,True
46134708,17.08000000,12.87000000,219.81960000,1677629082829,False,True
46134709,17.09000000,12.29000000,210.03610000,1677629082928,False,True
46134710,17.08000000,26.42000000,451.25360000,1677629096897,True,True
46134711,17.08000000,12.63000000,215.72040000,1677629096897,True,True
46134712,17.09000000,0.59000000,10.08310000,1677629119220,False,True
46134713,17.07000000,26.42000000,450.98940000,1677629187125,False,True
46134714,17.07000000,45.36000000,774.29520000,1677629187125,False,True
46134715,17.07000000,34.63000000,591.13410000,1677629187125,False,True
46134716,17.07000000,27.02000000,461.23140000,1677629187125,False,True
46134717,17.07000000,12.94000000,220.88580000,1677629187125,False,True
46134718,17.06000000,1.69000000,28.83140000,1677629208110,True,True
46134719,17.06000000,3.00000000,51.18000000,1677629208110,True,True
46134720,17.06000000,2.09000000,35.65540000,1677629208110,True,True
46134721,17.06000000,3.91000000,66.70460000,1677629208110,True,True
46134722,17.06000000,1.01000000,17.23060000,1677629208110,True,True
46134723,17.06000000,1.01000000,17.23060000,1677629208110,True,True
46134724,17.06000000,0.85000000,14.50100000,1677629208110,True,True
46134725,17.06000000,20.00000000,341.20000000,1677629212061,True,True
46134726,17.06000000,48.64000000,829.79840000,1677629212061,True,True
46134727,17.06000000,26.42000000,450.72520000,1677629212061,True,True
46134728,17.05000000,0.67000000,11.42350000,1677629212061,True,True
46134729,17.05000000,0.89000000,15.17450000,1677629212061,True,True
46134730,17.05000000,3.00000000,51.15000000,1677629212061,True,True
46134731,17.05000000,3.38000000,57.62900000,1677629212061,True,True
46134732,17.05000000,2.78000000,47.39900000,1677629212061,True,True
46134733,17.05000000,1.18000000,20.11900000,1677629212061,True,True
46134734,17.05000000,4.49000000,76.55450000,1677629212061,True,True
46134735,17.05000000,5.59000000,95.30950000,1677629212061,True,True
46134736,17.05000000,13.80000000,235.29000000,1677629212061,True,True
46134737,17.05000000,11.90000000,202.89500000,1677629212061,True,True
46134738,17.05000000,20.00000000,341.00000000,1677629212061,True,True
46134739,17.05000000,97.51000000,1662.54550000,1677629212061,True,True
46134740,17.05000000,16.91000000,288.31550000,1677629212061,True,True
46134741,17.05000000,3.30000000,56.26500000,1677629220346,True,True
46134742,17.05000000,2.93000000,49.95650000,1677629220346,True,True
46134743,17.05000000,56.78000000,968.09900000,1677629220346,True,True
46134744,17.05000000,1.47000000,25.06350000,1677629220346,True,True
46134745,17.04000000,0.90000000,15.33600000,1677629233784,True,True
46134746,17.04000000,3.00000000,51.12000000,1677629233784,True,True
46134747,17.04000000,20.00000000,340.80000000,1677629233784,True,True
46134748,17.04000000,0.71000000,12.09840000,1677629233784,True,True
46134749,17.04000000,6.32000000,107.69280000,1677629233784,True,True
46134750,17.04000000,1.01000000,17.21040000,1677629244326,True,True
46134751,17.04000000,1.01000000,17.21040000,1677629244326,True,True
46134752,17.04000000,2.93000000,49.92720000,1677629244326,True,True
46134753,17.04000000,48.93000000,833.76720000,1677629244326,True,True
46134754,17.04000000,3.30000000,56.23200000,1677629244326,True,True
46134755,17.04000000,14.67000000,249.97680000,1677629244326,True,True
46134756,17.04000000,2.14000000,36.46560000,1677629244339,False,True
46134757,17.04000000,0.81000000,13.80240000,1677629244439,False,True
46134758,17.04000000,1.89000000,32.20560000,1677629244439,False,True
46134759,17.04000000,24.05000000,409.81200000,1677629244499,False,True
46134760,17.04000000,5.50000000,93.72000000,1677629245962,False,True
46134761,17.04000000,3.06000000,52.14240000,1677629246087,False,True
46134762,17.04000000,5.16000000,87.92640000,1677629246443,False,True
46134763,17.04000000,44.05000000,750.61200000,1677629246443,False,True
46134764,17.04000000,7.21000000,122.85840000,1677629246443,False,True
46134765,17.04000000,15.85000000,270.08400000,1677629246449,False,True
46134766,17.04000000,12.02000000,204.82080000,1677629246453,False,True
46134767,17.05000000,8.53000000,145.43650000,1677629247303,False,True
46134768,17.04000000,16.91000000,288.14640000,1677629257564,True,True
46134769,17.04000000,100.00000000,1704.00000000,1677629257564,True,True
46134770,17.04000000,29.34000000,499.95360000,1677629257564,True,True
46134771,17.04000000,14.67000000,249.97680000,1677629257564,True,True
46134772,17.04000000,41.27000000,703.24080000,1677629257564,True,True
46134773,17.03000000,1.64000000,27.92920000,1677629280287,True,True
46134774,17.03000000,20.00000000,340.60000000,1677629280287,True,True
46134775,17.03000000,6.00000000,102.18000000,1677629280287,True,True
46134776,17.03000000,2.71000000,46.15130000,1677629281657,False,True
46134777,17.03000000,14.10000000,240.12300000,1677629281694,False,True
46134778,17.03000000,1.08000000,18.39240000,1677629286056,False,True
46134779,17.03000000,117.03000000,1993.02090000,1677629286056,False,True
46134780,17.03000000,33.92000000,577.65760000,1677629286056,False,True
46134781,17.03000000,11.44000000,194.82320000,1677629286061,False,True
46134782,17.03000000,27.51000000,468.49530000,1677629286061,False,True
46134783,17.03000000,1.95000000,33.20850000,1677629286061,False,True
46134784,17.03000000,27.46000000,467.64380000,1677629286073,False,True
46134785,17.03000000,77.21000000,1314.88630000,1677629286073,False,True
46134786,17.03000000,13.44000000,228.88320000,1677629286086,False,True
46134787,17.03000000,29.09000000,495.40270000,1677629286086,False,True
46134788,17.04000000,7.47000000,127.28880000,1677629287709,False,True
46134789,17.04000000,9.70000000,165.28800000,1677629287766,False,True
46134790,17.04000000,9.93000000,169.20720000,1677629287775,False,True
46134791,17.04000000,14.67000000,249.97680000,1677629292488,True,True
46134792,17.04000000,26.42000000,450.19680000,1677629292508,True,True
46134793,17.04000000,2.18000000,37.14720000,1677629293237,False,True
46134794,17.03000000,0.88000000,14.98640000,1677629308494,True,True
46134795,17.03000000,14.67000000,249.83010000,1677629308494,True,True
46134796,17.02000000,0.59000000,10.04180000,1677629359818,True,True
46134797,17.02000000,1.32000000,22.46640000,1677629359818,True,True
46134798,17.02000000,3.00000000,51.06000000,1677629359818,True,True
46134799,17.02000000,1.25000000,21.27500000,1677629359818,True,True
46134800,17.02000000,1.06000000,18.04120000,1677629359818,True,True
46134801,17.02000000,9.33000000,158.79660000,1677629359818,True,True
46134802,17.02000000,10.67000000,181.60340000,1677629359826,True,True
46134803,17.02000000,3.26000000,55.48520000,1677629359826,True,True
46134804,17.02000000,1.01000000,17.19020000,1677629359826,True,True
46134805,17.02000000,1.01000000,17.19020000,1677629359826,True,True
46134806,17.02000000,2.93000000,49.86860000,1677629359826,True,True
46134807,17.02000000,1.01000000,17.19020000,1677629359826,True,True
46134808,17.02000000,1.01000000,17.19020000,1677629359826,True,True
46134809,17.02000000,1.01000000,17.19020000,1677629359826,True,True
46134810,17.02000000,3.30000000,56.16600000,1677629359826,True,True
46134811,17.02000000,1.01000000,17.19020000,1677629359826,True,True
46134812,17.02000000,4.38000000,74.54760000,1677629359850,False,True
46134813,17.01000000,3.00000000,51.03000000,1677629361095,True,True
46134814,17.01000000,3.38000000,57.49380000,1677629361095,True,True
46134815,17.01000000,1.20000000,20.41200000,1677629361095,True,True
46134816,17.01000000,20.00000000,340.20000000,1677629361095,True,True
46134817,17.01000000,0.60000000,10.20600000,1677629361095,True,True
46134818,17.01000000,44.07000000,749.63070000,1677629361095,True,True
46134819,17.01000000,8.51000000,144.75510000,1677629361095,True,True
46134820,17.01000000,4.80000000,81.64800000,1677629361095,True,True
46134821,17.01000000,13.00000000,221.13000000,1677629361095,True,True
46134822,17.01000000,14.68000000,249.70680000,1677629361095,True,True
46134823,17.01000000,6.49000000,110.39490000,1677629361095,True,True
46134824,17.01000000,10.68000000,181.66680000,1677629361193,True,True
46134825,17.01000000,44.02000000,748.78020000,1677629361193,True,True
46134826,17.01000000,2.07000000,35.21070000,1677629361193,True,True
46134827,17.01000000,6.57000000,111.75570000,1677629361193,True,True
46134828,17.01000000,13.00000000,221.13000000,1677629361193,True,True
46134829,17.01000000,77.25000000,1314.02250000,1677629361208,False,True
46134830,17.01000000,6.57000000,111.75570000,1677629361545,False,True
46134831,17.01000000,16.62000000,282.70620000,1677629361545,False,True
46134832,17.01000000,1.60000000,27.21600000,1677629361545,False,True
46134833,17.02000000,1.07000000,18.21140000,1677629364663,False,True
46134834,17.02000000,4.35000000,74.03700000,1677629365152,False,True
46134835,17.01000000,14.63000000,248.85630000,1677629402571,True,True
46134836,17.01000000,44.40000000,755.24400000,1677629412047,True,True
46134837,17.01000000,30.20000000,513.70200000,1677629412047,True,True
46134838,17.01000000,200.00000000,3402.00000000,1677629412047,True,True
46134839,17.01000000,27.50000000,467.77500000,1677629412047,True,True
46134840,17.01000000,11.78000000,200.37780000,1677629412099,False,True
46134841,17.01000000,2.71000000,46.09710000,1677629412425,False,True
46134842,17.01000000,6.92000000,117.70920000,1677629412552,False,True
46134843,17.01000000,13.79000000,234.56790000,1677629414000,False,True
46134844,17.01000000,9.41000000,160.06410000,1677629414036,False,True
46134845,17.01000000,2.60000000,44.22600000,1677629414065,False,True
46134846,17.01000000,40.00000000,680.40000000,1677629414077,False,True
46134847,17.01000000,20.00000000,340.20000000,1677629414077,False,True
46134848,17.01000000,100.00000000,1701.00000000,1677629414077,False,True
46134849,17.01000000,6.53000000,111.07530000,1677629414077,False,True
46134850,17.01000000,180.00000000,3061.80000000,1677629414080,False,True
46134851,17.01000000,20.00000000,340.20000000,1677629414080,False,True
46134852,17.01000000,87.11000000,1481.74110000,1677629414080,False,True
46134853,17.01000000,209.99000000,3571.92990000,1677629414091,False,True
46134854,17.01000000,313.90000000,5339.43900000,1677629414127,False,True
46134855,17.01000000,98.52000000,1675.82520000,1677629414130,False,True
46134856,17.01000000,135.39000000,2302.98390000,1677629414135,False,True
46134857,17.01000000,4.02000000,68.38020000,1677629414175,False,True
46134858,17.00000000,1.00000000,17.00000000,1677629414737,True,True
46134859,17.00000000,0.60000000,10.20000000,1677629414737,True,True
46134860,17.00000000,1.00000000,17.00000000,1677629414737,True,True
46134861,17.00000000,0.67000000,11.39000000,1677629414737,True,True
46134862,17.00000000,0.89000000,15.13000000,1677629414737,True,True
46134863,17.00000000,3.00000000,51.00000000,1677629414737,True,True
46134864,17.00000000,0.59000000,10.03000000,1677629414737,True,True
46134865,17.00000000,1.64000000,27.88000000,1677629414737,True,True
46134866,17.00000000,0.59000000,10.03000000,1677629414737,True,True
46134867,17.00000000,4.19000000,71.23000000,1677629414737,True,True
46134868,17.00000000,0.51000000,8.67000000,1677629414737,True,True
46134869,17.00000000,1.00000000,17.00000000,1677629414737,True,True
46134870,17.00000000,0.74000000,12.58000000,1677629414737,True,True
46134871,17.00000000,9.52000000,161.84000000,1677629414737,True,True
46134872,17.00000000,1.02000000,17.34000000,1677629415668,True,True
46134873,17.01000000,0.74000000,12.58740000,1677629416926,False,True
46134874,17.00000000,2.38000000,40.46000000,1677629436042,True,True
46134875,17.01000000,12.18000000,207.18180000,1677629442948,False,True
46134876,17.01000000,40.00000000,680.40000000,1677629444436,False,True
46134877,17.01000000,384.89000000,6546.97890000,1677629444439,False,True
46134878,17.02000000,0.64000000,10.89280000,1677629449258,False,True
46134879,17.01000000,2.71000000,46.09710000,1677629450101,False,True
46134880,17.01000000,0.64000000,10.88640000,1677629451493,False,True
46134881,17.01000000,0.64000000,10.88640000,1677629453731,False,True
46134882,17.01000000,0.64000000,10.88640000,1677629455860,False,True
46134883,17.01000000,0.64000000,10.88640000,1677629457569,False,True
46134884,17.02000000,0.64000000,10.89280000,1677629472061,False,True
46134885,17.01000000,5.92000000,100.69920000,1677629473013,True,True
46134886,17.01000000,41.08000000,698.77080000,1677629473013,True,True
46134887,17.02000000,0.64000000,10.89280000,1677629473750,False,True
46134888,17.02000000,0.64000000,10.89280000,1677629476435,False,True
46134889,17.01000000,0.64000000,10.88640000,1677629478580,False,True
46134890,17.01000000,0.64000000,10.88640000,1677629483218,False,True
46134891,17.00000000,7.08000000,120.36000000,1677629487488,True,True
46134892,17.00000000,0.72000000,12.24000000,1677629487488,True,True
46134893,17.00000000,1.21000000,20.57000000,1677629487488,True,True
46134894,17.00000000,1.00000000,17.00000000,1677629487488,True,True
46134895,17.00000000,1.00000000,17.00000000,1677629487488,True,True
46134896,17.00000000,8.35000000,141.95000000,1677629487488,True,True
46134897,17.00000000,29.41000000,499.97000000,1677629487488,True,True
46134898,17.00000000,1.00000000,17.00000000,1677629487488,True,True
46134899,17.00000000,2.27000000,38.59000000,1677629487488,True,True
46134900,17.00000000,0.94000000,15.98000000,1677629487488,True,True
46134901,17.00000000,3.00000000,51.00000000,1677629487488,True,True
46134902,17.00000000,42.46000000,721.82000000,1677629487488,True,True
46134903,17.00000000,7.54000000,128.18000000,1677629489025,True,True
46134904,17.00000000,55.95000000,951.15000000,1677629489025,True,True
46134905,17.00000000,3.20000000,54.40000000,1677629489025,True,True
46134906,17.00000000,26.43000000,449.31000000,1677629489613,False,True
46134907,17.00000000,19.15000000,325.55000000,1677629489613,False,True
46134908,17.00000000,8.56000000,145.52000000,1677629489616,False,True
46134909,17.00000000,27.17000000,461.89000000,1677629489616,False,True
46134910,17.01000000,26.42000000,449.40420000,1677629499571,True,True
46134911,17.01000000,8.57000000,145.77570000,1677629499571,True,True
46134912,17.02000000,3.30000000,56.16600000,1677629518719,False,True
46134913,17.02000000,1.01000000,17.19020000,1677629518719,False,True
46134914,17.02000000,2.93000000,49.86860000,1677629518719,False,True
46134915,17.02000000,11.76000000,200.15520000,1677629518719,False,True
46134916,17.02000000,11.76000000,200.15520000,1677629518719,False,True
46134917,17.02000000,26.42000000,449.66840000,1677629518790,False,True
46134918,17.03000000,24.24000000,412.80720000,1677629523947,False,True
46134919,17.03000000,3.30000000,56.19900000,1677629523947,False,True
46134920,17.03000000,2.93000000,49.89790000,1677629523947,False,True
46134921,17.03000000,1.01000000,17.20030000,1677629523947,False,True
46134922,17.04000000,0.58000000,9.88320000,1677629524567,False,True
46134923,17.04000000,3.00000000,51.12000000,1677629525898,False,True
46134924,17.04000000,45.28000000,771.57120000,1677629529742,True,True
46134925,17.04000000,8.35000000,142.28400000,1677629529807,False,True
46134926,17.05000000,3.00000000,51.15000000,1677629555520,False,True
46134927,17.05000000,0.67000000,11.42350000,1677629555520,False,True
46134928,17.05000000,0.89000000,15.17450000,1677629555520,False,True
46134929,17.05000000,5.87000000,100.08350000,1677629555520,False,True
46134930,17.05000000,1.01000000,17.22050000,1677629555520,False,True
46134931,17.05000000,1.01000000,17.22050000,1677629555520,False,True
46134932,17.05000000,0.27000000,4.60350000,1677629555520,False,True
46134933,17.05000000,0.74000000,12.61700000,1677629555528,False,True
46134934,17.05000000,1.01000000,17.22050000,1677629555528,False,True
46134935,17.05000000,2.93000000,49.95650000,1677629555528,False,True
46134936,17.05000000,3.30000000,56.26500000,1677629555528,False,True
46134937,17.06000000,3.00000000,51.18000000,1677629562033,False,True
46134938,17.06000000,17.74000000,302.64440000,1677629578282,True,True
46134939,17.07000000,3.00000000,51.21000000,1677629591238,False,True
46134940,17.07000000,0.59000000,10.07130000,1677629591238,False,True
46134941,17.07000000,1.64000000,27.99480000,1677629591238,False,True
46134942,17.07000000,1.01000000,17.24070000,1677629591238,False,True
46134943,17.07000000,2.92000000,49.84440000,1677629591238,False,True
46134944,17.07000000,3.30000000,56.33100000,1677629591238,False,True
46134945,17.07000000,14.64000000,249.90480000,1677629591238,False,True
46134946,17.07000000,17.67000000,301.62690000,1677629591238,False,True
46134947,17.07000000,20.85000000,355.90950000,1677629591242,False,True
46134948,17.07000000,14.18000000,242.05260000,1677629599131,True,True
46134949,17.08000000,3.00000000,51.24000000,1677629635554,False,True
46134950,17.08000000,1.32000000,22.54560000,1677629635554,False,True
46134951,17.08000000,3.30000000,56.36400000,1677629635554,False,True
46134952,17.08000000,2.92000000,49.87360000,1677629635554,False,True
46134953,17.08000000,12.00000000,204.96000000,1677629635554,False,True
46134954,17.08000000,1.22000000,20.83760000,1677629639999,False,True
46134955,17.07000000,41.35000000,705.84450000,1677629667224,True,True
46134956,17.07000000,45.34000000,773.95380000,1677629667224,True,True
46134957,17.07000000,26.16000000,446.55120000,1677629667224,True,True
46134958,17.07000000,61.45000000,1048.95150000,1677629667224,True,True
46134959,17.07000000,8.52000000,145.43640000,1677629667229,True,True
46134960,17.07000000,2.80000000,47.79600000,1677629693363,True,True
46134961,17.08000000,0.73000000,12.46840000,1677629701311,False,True
46134962,17.08000000,43.04000000,735.12320000,1677629709369,False,True
46134963,17.09000000,0.67000000,11.45030000,1677629759110,False,True
46134964,17.09000000,0.77000000,13.15930000,1677629759110,False,True
46134965,17.08000000,6.77000000,115.63160000,1677629762524,True,True
46134966,17.08000000,13.00000000,222.04000000,1677629762524,True,True
46134967,17.08000000,45.32000000,774.06560000,1677629762524,True,True
46134968,17.08000000,15.77000000,269.35160000,1677629762524,True,True
46134969,17.08000000,2.18000000,37.23440000,1677629762524,True,True
46134970,17.08000000,13.04000000,222.72320000,1677629762524,True,True
46134971,17.08000000,14.52000000,248.00160000,1677629762524,True,True
46134972,17.08000000,8.92000000,152.35360000,1677629762527,True,True
46134973,17.07000000,4.53000000,77.32710000,1677629762527,True,True
46134974,17.07000000,8.63000000,147.31410000,1677629762527,True,True
46134975,17.07000000,6.76000000,115.39320000,1677629762527,True,True
46134976,17.07000000,2.33000000,39.77310000,1677629762527,True,True
46134977,17.07000000,11.73000000,200.23110000,1677629762528,True,True
46134978,17.07000000,11.71000000,199.88970000,1677629762528,True,True
46134979,17.07000000,123.88000000,2114.63160000,1677629762528,True,True
46134980,17.08000000,15.63000000,266.96040000,1677629764236,False,True
46134981,17.08000000,0.88000000,15.03040000,1677629771455,False,True
46134982,17.08000000,10.84000000,185.14720000,1677629771455,False,True
46134983,17.08000000,22.35000000,381.73800000,1677629771459,False,True
46134984,17.09000000,2.23000000,38.11070000,1677629776489,False,True
46134985,17.09000000,3.38000000,57.76420000,1677629776489,False,True
46134986,17.09000000,0.74000000,12.64660000,1677629776489,False,True
46134987,17.09000000,3.30000000,56.39700000,1677629776489,False,True
46134988,17.09000000,2.92000000,49.90280000,1677629776489,False,True
46134989,17.09000000,26.02000000,444.68180000,1677629776489,False,True
46134990,17.09000000,48.75000000,833.13750000,1677629776489,False,True
46134991,17.09000000,15.11000000,258.22990000,1677629792853,False,True
46134992,17.09000000,10.00000000,170.90000000,1677629794202,False,True
46134993,17.10000000,0.89000000,15.21900000,1677629822004,False,True
46134994,17.10000000,0.27000000,4.61700000,1677629822004,False,True
46134995,17.10000000,2.73000000,46.68300000,1677629822008,False,True
46134996,17.10000000,0.90000000,15.39000000,1677629822008,False,True
46134997,17.10000000,0.69000000,11.79900000,1677629822008,False,True
46134998,17.10000000,0.95000000,16.24500000,1677629828838,False,True
46134999,17.10000000,1.05000000,17.95500000,1677629828838,False,True
46135000,17.10000000,18.95000000,324.04500000,1677629835901,False,True
46135001,17.10000000,1.00000000,17.10000000,1677629835901,False,True
46135002,17.10000000,29.41000000,502.91100000,1677629835901,False,True
46135003,17.10000000,11.88000000,203.14800000,1677629835901,False,True
46135004,17.10000000,3.30000000,56.43000000,1677629835901,False,True
46135005,17.10000000,2.92000000,49.93200000,1677629835901,False,True
46135006,17.10000000,40.94000000,700.07400000,1677629835901,False,True
46135007,17.10000000,9.06000000,154.92600000,1677629836406,False,True
46135008,17.10000000,11.71000000,200.24100000,1677629836406,False,True
46135009,17.10000000,8.90000000,152.19000000,1677629836406,False,True
46135010,17.10000000,1.57000000,26.84700000,1677629838306,False,True
46135011,17.10000000,1.20000000,20.52000000,1677629838309,False,True
46135012,17.10000000,0.04000000,0.68400000,1677629838997,False,True
46135013,17.10000000,11.71000000,200.24100000,1677629838997,False,True
46135014,17.10000000,11.71000000,200.24100000,1677629838997,False,True
46135015,17.10000000,1.54000000,26.33400000,1677629838997,False,True
46135016,17.10000000,10.17000000,173.90700000,1677629842692,False,True
46135017,17.11000000,24.11000000,412.52210000,1677629842692,False,True
46135018,17.11000000,3.00000000,51.33000000,1677629842692,False,True
46135019,17.11000000,20.00000000,342.20000000,1677629842692,False,True
46135020,17.11000000,1.25000000,21.38750000,1677629842692,False,True
46135021,17.11000000,1.20000000,20.53200000,1677629842692,False,True
46135022,17.11000000,43.84000000,750.10240000,1677629842692,False,True
46135023,17.11000000,13.32000000,227.90520000,1677629842692,False,True
46135024,17.11000000,3.30000000,56.46300000,1677629863084,False,True
46135025,17.11000000,8.38000000,143.38180000,1677629863084,False,True
46135026,17.10000000,21.68000000,370.72800000,1677629865216,True,True
46135027,17.10000000,16.62000000,284.20200000,1677629865218,True,True
46135028,17.10000000,100.78000000,1723.33800000,1677629865218,True,True
46135029,17.10000000,50.36000000,861.15600000,1677629865219,True,True
46135030,17.10000000,24.34000000,416.21400000,1677629865219,True,True
46135031,17.10000000,42.02000000,718.54200000,1677629865219,True,True
46135032,17.10000000,14.61000000,249.83100000,1677629865219,True,True
46135033,17.10000000,23.72000000,405.61200000,1677629865219,True,True
46135034,17.10000000,2.83000000,48.39300000,1677629865238,True,True
46135035,17.10000000,18.95000000,324.04500000,1677629865238,True,True
46135036,17.10000000,36.95000000,631.84500000,1677629865240,True,True
46135037,17.10000000,106.96000000,1829.01600000,1677629865240,True,True
46135038,17.10000000,13.00000000,222.30000000,1677629865240,True,True
46135039,17.10000000,26.42000000,451.78200000,1677629871443,False,True
46135040,17.10000000,97.75000000,1671.52500000,1677629871443,False,True
46135041,17.10000000,0.87000000,14.87700000,1677629876290,False,True
46135042,17.10000000,29.34000000,501.71400000,1677629916317,True,True
46135043,17.10000000,26.42000000,451.78200000,1677629916317,True,True
46135044,17.10000000,1.75000000,29.92500000,1677629975067,True,True
46135045,17.11000000,15.37000000,262.98070000,1677630002695,False,True
46135046,17.11000000,17.42000000,298.05620000,1677630002695,False,True
46135047,17.11000000,17.42000000,298.05620000,1677630020773,True,True
46135048,17.11000000,10.00000000,171.10000000,1677630020773,True,True
46135049,17.11000000,23.14000000,395.92540000,1677630020980,True,True
46135050,17.11000000,1.68000000,28.74480000,1677630020988,True,True
46135051,17.11000000,0.96000000,16.42560000,1677630027105,False,True
46135052,17.11000000,26.42000000,452.04620000,1677630055939,False,True
46135053,17.12000000,3.00000000,51.36000000,1677630066728,False,True
46135054,17.12000000,20.00000000,342.40000000,1677630066728,False,True
46135055,17.12000000,0.72000000,12.32640000,1677630066728,False,True
46135056,17.12000000,1.21000000,20.71520000,1677630066728,False,True
46135057,17.12000000,20.64000000,353.35680000,1677630066728,False,True
46135058,17.12000000,26.24000000,449.22880000,1677630066835,False,True
46135059,17.12000000,2.92000000,49.99040000,1677630078238,False,True
46135060,17.12000000,0.20000000,3.42400000,1677630078925,False,True
46135061,17.12000000,1.01000000,17.29120000,1677630078925,False,True
46135062,17.12000000,1.01000000,17.29120000,1677630078925,False,True
46135063,17.12000000,2.92000000,49.99040000,1677630078925,False,True
46135064,17.12000000,3.30000000,56.49600000,1677630078925,False,True
46135065,17.12000000,0.32000000,5.47840000,1677630078925,False,True
46135066,17.12000000,13.43000000,229.92160000,1677630096504,False,True
46135067,17.12000000,36.25000000,620.60000000,1677630104457,False,True
46135068,17.12000000,50.00000000,856.00000000,1677630104457,False,True
46135069,17.13000000,0.67000000,11.47710000,1677630104519,False,True
46135070,17.13000000,3.00000000,51.39000000,1677630104519,False,True
46135071,17.13000000,2.75000000,47.10750000,1677630104519,False,True
46135072,17.13000000,0.99000000,16.95870000,1677630105473,False,True
46135073,17.13000000,3.38000000,57.89940000,1677630136125,False,True
46135074,17.13000000,0.71000000,12.16230000,1677630136125,False,True
46135075,17.13000000,9.33000000,159.82290000,1677630136125,False,True
46135076,17.13000000,10.67000000,182.77710000,1677630138150,False,True
46135077,17.13000000,0.60000000,10.27800000,1677630138150,False,True
46135078,17.13000000,2.15000000,36.82950000,1677630138150,False,True
46135079,17.13000000,1.15000000,19.69950000,1677630138166,False,True
46135080,17.13000000,2.91000000,49.84830000,1677630138166,False,True
46135081,17.13000000,9.36000000,160.33680000,1677630138166,False,True
46135082,17.13000000,13.42000000,229.88460000,1677630138181,False,True
46135083,17.13000000,27.22000000,466.27860000,1677630138192,False,True
46135084,17.14000000,3.00000000,51.42000000,1677630145670,False,True
46135085,17.14000000,0.59000000,10.11260000,1677630145670,False,True
46135086,17.14000000,0.60000000,10.28400000,1677630145670,False,True
46135087,17.14000000,1.63000000,27.93820000,1677630145670,False,True
46135088,17.14000000,0.61000000,10.45540000,1677630145670,False,True
46135089,17.14000000,6.68000000,114.49520000,1677630145670,False,True
46135090,17.14000000,13.32000000,228.30480000,1677630148190,False,True
46135091,17.14000000,0.09000000,1.54260000,1677630148190,False,True
46135092,17.14000000,0.97000000,16.62580000,1677630148191,False,True
46135093,17.14000000,3.26000000,55.87640000,1677630148191,False,True
46135094,17.14000000,3.30000000,56.56200000,1677630148191,False,True
46135095,17.14000000,2.91000000,49.87740000,1677630148191,False,True
46135096,17.15000000,2.97000000,50.93550000,1677630148191,False,True
46135097,17.15000000,11.27000000,193.28050000,1677630148191,False,True
46135098,17.15000000,2.14000000,36.70100000,1677630148191,False,True
46135099,17.15000000,0.86000000,14.74900000,1677630157179,False,True
46135100,17.15000000,0.89000000,15.26350000,1677630157179,False,True
46135101,17.15000000,1.32000000,22.63800000,1677630157179,False,True
46135102,17.15000000,0.71000000,12.17650000,1677630157179,False,True
46135103,17.15000000,12.37000000,212.14550000,1677630157179,False,True
46135104,17.15000000,5.84000000,100.15600000,1677630157800,False,True
46135105,17.15000000,1.79000000,30.69850000,1677630160123,False,True
46135106,17.15000000,3.44000000,58.99600000,1677630160123,False,True
46135107,17.15000000,3.79000000,64.99850000,1677630160123,False,True
46135108,17.15000000,5.68000000,97.41200000,1677630160123,False,True
46135109,17.15000000,1.00000000,17.15000000,1677630177321,False,True
46135110,17.14000000,26.42000000,452.83880000,1677630178210,True,True
46135111,17.14000000,13.00000000,222.82000000,1677630178210,True,True
46135112,17.14000000,13.28000000,227.61920000,1677630178210,True,True
46135113,17.14000000,43.55000000,746.44700000,1677630178210,True,True
46135114,17.14000000,17.32000000,296.86480000,1677630178212,True,True
46135115,17.14000000,9.80000000,167.97200000,1677630178212,True,True
46135116,17.14000000,26.15000000,448.21100000,1677630178212,True,True
46135117,17.14000000,0.87000000,14.91180000,1677630245828,False,True
46135118,17.14000000,3.27000000,56.04780000,1677630256161,True,True
46135119,17.15000000,2.91000000,49.90650000,1677630259114,False,True
46135120,17.15000000,3.30000000,56.59500000,1677630259114,False,True
46135121,17.15000000,1.31000000,22.46650000,1677630259201,False,True
46135122,17.15000000,4.68000000,80.26200000,1677630261896,False,True
46135123,17.16000000,13.40000000,229.94400000,1677630261973,False,True
46135124,17.16000000,1.02000000,17.50320000,1677630287715,False,True
46135125,17.15000000,3.73000000,63.96950000,1677630299558,True,True
46135126,17.16000000,1.98000000,33.97680000,1677630300882,False,True
46135127,17.16000000,0.09000000,1.54440000,1677630300882,False,True
46135128,17.16000000,0.81000000,13.89960000,1677630301850,False,True
46135129,17.16000000,0.77000000,13.21320000,1677630301850,False,True
46135130,17.16000000,0.55000000,9.43800000,1677630301850,False,True
46135131,17.16000000,1.75000000,30.03000000,1677630302057,False,True
46135132,17.15000000,1.16000000,19.89400000,1677630311817,True,True
46135133,17.15000000,2.79000000,47.84850000,1677630317861,True,True
46135134,17.15000000,14.07000000,241.30050000,1677630319931,True,True
46135135,17.15000000,2.17000000,37.21550000,1677630319931,True,True
46135136,17.15000000,13.00000000,222.95000000,1677630319931,True,True
46135137,17.15000000,11.10000000,190.36500000,1677630319931,True,True
46135138,17.15000000,35.84000000,614.65600000,1677630319931,True,True
46135139,17.15000000,23.24000000,398.56600000,1677630324080,True,True
46135140,17.15000000,4.68000000,80.26200000,1677630324080,True,True
46135141,17.15000000,28.98000000,497.00700000,1677630324080,True,True
46135142,17.15000000,8.75000000,150.06250000,1677630324080,True,True
46135143,17.15000000,13.00000000,222.95000000,1677630324080,True,True
46135144,17.15000000,1.52000000,26.06800000,1677630324080,True,True
46135145,17.14000000,3.30000000,56.56200000,1677630359240,True,True
46135146,17.14000000,6.33000000,108.49620000,1677630359240,True,True
46135147,17.14000000,9.63000000,165.05820000,1677630359316,True,True
46135148,17.15000000,21.74000000,372.84100000,1677630369272,False,True
46135149,17.15000000,4.68000000,80.26200000,1677630369272,False,True
46135150,17.15000000,61.76000000,1059.18400000,1677630369272,False,True
46135151,17.15000000,10.44000000,179.04600000,1677630369272,False,True
46135152,17.15000000,16.36000000,280.57400000,1677630369308,False,True
46135153,17.15000000,9.91000000,169.95650000,1677630369308,False,True
46135154,17.16000000,1.34000000,22.99440000,1677630372434,False,True
46135155,17.16000000,2.48000000,42.55680000,1677630372444,False,True
46135156,17.16000000,13.88000000,238.18080000,1677630373279,False,True
46135157,17.16000000,50.00000000,858.00000000,1677630373279,False,True
46135158,17.16000000,1.01000000,17.33160000,1677630373279,False,True
46135159,17.16000000,1.01000000,17.33160000,1677630373279,False,True
46135160,17.16000000,3.30000000,56.62800000,1677630373279,False,True
46135161,17.16000000,2.91000000,49.93560000,1677630373279,False,True
46135162,17.17000000,3.00000000,51.51000000,1677630373304,False,True
46135163,17.17000000,6.34000000,108.85780000,1677630373304,False,True
46135164,17.17000000,1.21000000,20.77570000,1677630373304,False,True
46135165,17.17000000,2.85000000,48.93450000,1677630373304,False,True
46135166,17.17000000,13.40000000,230.07800000,1677630373307,False,True
46135167,17.17000000,3.75000000,64.38750000,1677630373320,False,True
46135168,17.17000000,3.35000000,57.51950000,1677630373320,False,True
46135169,17.17000000,3.41000000,58.54970000,1677630373320,False,True
46135170,17.17000000,2.89000000,49.62130000,1677630373320,False,True
46135171,17.16000000,72.11000000,1237.40760000,1677630373707,True,True
46135172,17.16000000,24.46000000,419.73360000,1677630373707,True,True
46135173,17.16000000,103.43000000,1774.85880000,1677630373707,True,True
46135174,17.16000000,10.96000000,188.07360000,1677630378776,True,True
46135175,17.16000000,1.08000000,18.53280000,1677630386197,False,True
46135176,17.16000000,1.08000000,18.53280000,1677630386281,False,True
46135177,17.16000000,12.65000000,217.07400000,1677630398416,False,True
46135178,17.16000000,29.25000000,501.93000000,1677630420075,True,True
46135179,17.16000000,3.17000000,54.39720000,1677630420075,True,True
46135180,17.16000000,23.25000000,398.97000000,1677630420125,True,True
46135181,17.15000000,1.01000000,17.32150000,1677630450303,True,True
46135182,17.15000000,25.41000000,435.78150000,1677630450684,True,True
46135183,17.15000000,2.27000000,38.93050000,1677630450684,True,True
46135184,17.15000000,2.11000000,36.18650000,1677630466746,True,True
46135185,17.15000000,27.72000000,475.39800000,1677630466746,True,True
46135186,17.14000000,3.91000000,67.01740000,1677630466766,True,True
46135187,17.14000000,25.92000000,444.26880000,1677630466766,True,True
46135188,17.15000000,13.30000000,228.09500000,1677630485591,False,True
46135189,17.14000000,1.01000000,17.31140000,1677630503324,True,True
46135190,17.14000000,1.01000000,17.31140000,1677630503324,True,True
46135191,17.14000000,0.37000000,6.34180000,1677630503324,True,True
46135192,17.14000000,0.64000000,10.96960000,1677630525567,True,True
46135193,17.14000000,2.91000000,49.87740000,1677630525567,True,True
46135194,17.14000000,4.56000000,78.15840000,1677630525567,True,True
46135195,17.14000000,3.53000000,60.50420000,1677630525572,True,True
46135196,17.14000000,36.54000000,626.29560000,1677630525575,True,True
46135197,17.14000000,3.30000000,56.56200000,1677630525575,True,True
46135198,17.14000000,27.99000000,479.74860000,1677630525575,True,True
46135199,17.14000000,1.66000000,28.45240000,1677630525575,True,True
46135200,17.14000000,1.01000000,17.31140000,1677630525575,True,True
46135201,17.13000000,3.30000000,56.52900000,1677630529246,True,True
46135202,17.13000000,2.91000000,49.84830000,1677630529246,True,True
46135203,17.12000000,2.95000000,50.50400000,1677630531708,True,True
46135204,17.12000000,1.25000000,21.40000000,1677630561407,True,True
46135205,17.12000000,3.00000000,51.36000000,1677630561407,True,True
46135206,17.12000000,1.67000000,28.59040000,1677630561407,True,True
46135207,17.12000000,2.92000000,49.99040000,1677630561407,True,True
46135208,17.12000000,21.69000000,371.33280000,1677630561407,True,True
46135209,17.12000000,3.30000000,56.49600000,1677630561407,True,True
46135210,17.12000000,7.60000000,130.11200000,1677630561407,True,True
46135211,17.12000000,2.39000000,40.91680000,1677630565417,True,True
46135212,17.12000000,17.71000000,303.19520000,1677630582347,True,True
46135213,17.12000000,1.73000000,29.61760000,1677630582347,True,True
46135214,17.12000000,1.55000000,26.53600000,1677630627751,False,True
46135215,17.13000000,0.86000000,14.73180000,1677630632321,False,True
46135216,17.13000000,4.89000000,83.76570000,1677630632321,False,True
46135217,17.13000000,3.46000000,59.26980000,1677630639644,True,True
46135218,17.13000000,27.02000000,462.85260000,1677630639644,True,True
46135219,17.13000000,13.00000000,222.69000000,1677630639644,True,True
46135220,17.13000000,6.00000000,102.78000000,1677630671637,False,True
46135221,17.13000000,29.83000000,510.98790000,1677630686264,False,True
46135222,17.13000000,9.83000000,168.38790000,1677630687794,False,True
46135223,17.13000000,5.10000000,87.36300000,1677630687794,False,True
46135224,17.13000000,8.26000000,141.49380000,1677630687856,False,True
46135225,17.14000000,1.01000000,17.31140000,1677630693407,False,True
46135226,17.14000000,1.01000000,17.31140000,1677630693407,False,True
46135227,17.14000000,1.01000000,17.31140000,1677630693407,False,True
46135228,17.14000000,0.56000000,9.59840000,1677630693407,False,True
46135229,17.14000000,0.45000000,7.71300000,1677630693412,False,True
46135230,17.14000000,2.91000000,49.87740000,1677630693412,False,True
46135231,17.14000000,3.30000000,56.56200000,1677630693412,False,True
46135232,17.14000000,2.58000000,44.22120000,1677630693421,True,True
46135233,17.15000000,5.84000000,100.15600000,1677630724099,False,True
46135234,17.15000000,162.81000000,2792.19150000,1677630726644,False,True
46135235,17.15000000,5.00000000,85.75000000,1677630727129,False,True
46135236,17.15000000,4.10000000,70.31500000,1677630727354,False,True
46135237,17.15000000,146.50000000,2512.47500000,1677630730432,False,True
46135238,17.15000000,27.41000000,470.08150000,1677630730433,False,True
46135239,17.15000000,26.05000000,446.75750000,1677630730436,False,True
46135240,17.15000000,14.25000000,244.38750000,1677630730438,False,True
46135241,17.15000000,37.77000000,647.75550000,1677630730438,False,True
46135242,17.15000000,13.34000000,228.78100000,1677630730439,False,True
46135243,17.15000000,8.01000000,137.37150000,1677630730440,False,True
46135244,17.15000000,32.50000000,557.37500000,1677630730442,False,True
46135245,17.15000000,47.08000000,807.42200000,1677630730448,False,True
46135246,17.16000000,3.30000000,56.62800000,1677630739162,False,True
46135247,17.16000000,2.91000000,49.93560000,1677630739162,False,True
46135248,17.16000000,1.01000000,17.33160000,1677630739162,False,True
46135249,17.16000000,1.01000000,17.33160000,1677630739162,False,True
46135250,17.16000000,1.01000000,17.33160000,1677630739162,False,True
46135251,17.16000000,26.42000000,453.36720000,1677630765942,True,True
46135252,17.16000000,3.96000000,67.95360000,1677630765942,True,True
46135253,17.16000000,9.70000000,166.45200000,1677630765942,True,True
46135254,17.16000000,52.35000000,898.32600000,1677630765942,True,True
46135255,17.16000000,3.49000000,59.88840000,1677630765942,True,True
46135256,17.16000000,2.34000000,40.15440000,1677630783474,False,True
46135257,17.16000000,25.86000000,443.75760000,1677630801273,True,True
46135258,17.16000000,1.00000000,17.16000000,1677630912201,False,True
46135259,17.17000000,10.31000000,177.02270000,1677630912763,False,True
46135260,17.17000000,0.71000000,12.19070000,1677630912763,False,True
46135261,17.17000000,1.94000000,33.30980000,1677630912763,False,True
46135262,17.16000000,1.16000000,19.90560000,1677630915019,True,True
46135263,17.16000000,21.68000000,372.02880000,1677630935216,True,True
46135264,17.16000000,21.32000000,365.85120000,1677630935226,True,True
46135265,17.16000000,8.32000000,142.77120000,1677630941814,True,True
46135266,17.16000000,0.70000000,12.01200000,1677630941814,True,True
46135267,17.15000000,3.99000000,68.42850000,1677630951016,True,True
46135268,17.15000000,30.01000000,514.67150000,1677630951016,True,True
46135269,17.15000000,1.83000000,31.38450000,1677630988694,True,True
46135270,17.15000000,25.61000000,439.21150000,1677630988694,True,True
46135271,17.15000000,13.77000000,236.15550000,1677630990198,False,True
46135272,17.15000000,37.55000000,643.98250000,1677630990198,False,True
46135273,17.15000000,37.53000000,643.63950000,1677630990198,False,True
46135274,17.15000000,7.40000000,126.91000000,1677630990198,False,True
46135275,17.15000000,14.58000000,250.04700000,1677630990206,False,True
46135276,17.15000000,26.14000000,448.30100000,1677630990219,False,True
46135277,17.15000000,14.58000000,250.04700000,1677630990225,False,True
46135278,17.15000000,31.43000000,539.02450000,1677631043265,True,True
46135279,17.15000000,8.44000000,144.74600000,1677631071930,True,True
46135280,17.16000000,13.77000000,236.29320000,1677631089624,False,True
46135281,17.16000000,4.16000000,71.38560000,1677631089624,False,True
46135282,17.16000000,11.65000000,199.91400000,1677631111021,False,True
46135283,17.16000000,1.31000000,22.47960000,1677631121955,False,True
46135284,17.15000000,2.70000000,46.30500000,1677631227997,True,True
46135285,17.15000000,2.04000000,34.98600000,1677631228305,True,True
46135286,17.15000000,2.04000000,34.98600000,1677631228343,True,True
46135287,17.15000000,18.94000000,324.82100000,1677631228396,True,True
46135288,17.15000000,0.59000000,10.11850000,1677631228396,True,True
46135289,17.15000000,24.91000000,427.20650000,1677631228396,True,True
46135290,17.15000000,11.66000000,199.96900000,1677631228396,True,True
46135291,17.15000000,11.66000000,199.96900000,1677631228396,True,True
46135292,17.15000000,4.04000000,69.28600000,1677631228396,True,True
46135293,17.15000000,13.93000000,238.89950000,1677631228396,True,True
46135294,17.15000000,24.88000000,426.69200000,1677631228396,True,True
46135295,17.15000000,23.75000000,407.31250000,1677631228396,True,True
46135296,17.15000000,0.62000000,10.63300000,1677631317191,True,True
46135297,17.15000000,24.14000000,414.00100000,1677631317191,True,True
46135298,17.15000000,12.34000000,211.63100000,1677631323644,False,True
46135299,17.16000000,0.82000000,14.07120000,1677631340336,False,True
46135300,17.16000000,0.82000000,14.07120000,1677631340336,False,True
46135301,17.16000000,0.82000000,14.07120000,1677631340336,False,True
46135302,17.16000000,3.36000000,57.65760000,1677631340336,False,True
46135303,17.16000000,2.35000000,40.32600000,1677631341253,False,True
46135304,17.16000000,3.63000000,62.29080000,1677631344839,False,True
46135305,17.16000000,43.71000000,750.06360000,1677631344839,False,True
46135306,17.16000000,14.57000000,250.02120000,1677631344839,False,True
46135307,17.17000000,1.06000000,18.20020000,1677631348940,False,True
46135308,17.17000000,3.30000000,56.66100000,1677631348940,False,True
46135309,17.17000000,1.46000000,25.06820000,1677631348940,False,True
46135310,17.16000000,23.68000000,406.34880000,1677631357662,True,True
46135311,17.16000000,16.51000000,283.31160000,1677631357662,True,True
46135312,17.16000000,4.25000000,72.93000000,1677631357662,True,True
46135313,17.16000000,21.40000000,367.22400000,1677631357662,True,True
46135314,17.16000000,1.43000000,24.53880000,1677631357715,True,True
46135315,17.15000000,15.30000000,262.39500000,1677631395604,True,True
46135316,17.15000000,24.36000000,417.77400000,1677631395604,True,True
46135317,17.15000000,22.67000000,388.79050000,1677631395604,True,True
46135318,17.15000000,16.17000000,277.31550000,1677631395604,True,True
46135319,17.15000000,47.59000000,816.16850000,1677631395605,True,True
46135320,17.15000000,13.57000000,232.72550000,1677631395605,True,True
46135321,17.15000000,1.01000000,17.32150000,1677631395605,True,True
46135322,17.15000000,1.01000000,17.32150000,1677631395605,True,True
46135323,17.15000000,3.30000000,56.59500000,1677631395605,True,True
46135324,17.15000000,2.91000000,49.90650000,1677631395605,True,True
46135325,17.15000000,4.44000000,76.14600000,1677631395605,True,True
46135326,17.15000000,5.00000000,85.75000000,1677631395605,True,True
46135327,17.15000000,17.09000000,293.09350000,1677631395605,True,True
46135328,17.14000000,1.01000000,17.31140000,1677631395605,True,True
46135329,17.14000000,9.02000000,154.60280000,1677631395605,True,True
46135330,17.14000000,2.64000000,45.24960000,1677631395607,True,True
46135331,17.14000000,21.52000000,368.85280000,1677631395607,True,True
46135332,17.14000000,20.15000000,345.37100000,1677631395607,True,True
46135333,17.14000000,23.49000000,402.61860000,1677631395607,True,True
46135334,17.14000000,134.84000000,2311.15760000,1677631395607,True,True
46135335,17.14000000,11.93000000,204.48020000,1677631395607,True,True
46135336,17.14000000,12.51000000,214.42140000,1677631395607,True,True
46135337,17.14000000,19.77000000,338.85780000,1677631395608,True,True
46135338,17.14000000,31.01000000,531.51140000,1677631395608,True,True
46135339,17.15000000,2.74000000,46.99100000,1677631395672,False,True
46135340,17.15000000,25.22000000,432.52300000,1677631403248,False,True
46135341,17.13000000,1.01000000,17.30130000,1677631416341,True,True
46135342,17.14000000,18.32000000,314.00480000,1677631419376,False,True
46135343,17.13000000,2.43000000,41.62590000,1677631428800,True,True
46135344,17.13000000,0.87000000,14.90310000,1677631428830,True,True
46135345,17.13000000,2.91000000,49.84830000,1677631428830,True,True
46135346,17.13000000,1.01000000,17.30130000,1677631428830,True,True
46135347,17.13000000,1.01000000,17.30130000,1677631428830,True,True
46135348,17.13000000,6.63000000,113.57190000,1677631428830,True,True
46135349,17.13000000,1.86000000,31.86180000,1677631428841,False,True
46135350,17.12000000,3.00000000,51.36000000,1677631438169,True,True
46135351,17.12000000,2.00000000,34.24000000,1677631438169,True,True
46135352,17.12000000,3.78000000,64.71360000,1677631438169,True,True
46135353,17.12000000,45.03000000,770.91360000,1677631438169,True,True
46135354,17.12000000,26.43000000,452.48160000,1677631450907,False,True
46135355,17.11000000,3.00000000,51.33000000,1677631470954,True,True
46135356,17.11000000,1.01000000,17.28110000,1677631470954,True,True
46135357,17.11000000,3.30000000,56.46300000,1677631470954,True,True
46135358,17.11000000,1.01000000,17.28110000,1677631470954,True,True
46135359,17.11000000,2.92000000,49.96120000,1677631470954,True,True
46135360,17.11000000,1.01000000,17.28110000,1677631470954,True,True
46135361,17.11000000,3.84000000,65.70240000,1677631470954,True,True
46135362,17.11000000,0.87000000,14.88570000,1677631470954,True,True
46135363,17.11000000,6.40000000,109.50400000,1677631470954,True,True
46135364,17.12000000,54.77000000,937.66240000,1677631481502,False,True
46135365,17.12000000,36.80000000,630.01600000,1677631481502,False,True
46135366,17.12000000,11.37000000,194.65440000,1677631503277,False,True
46135367,17.11000000,22.93000000,392.33230000,1677631527358,True,True
46135368,17.11000000,2.65000000,45.34150000,1677631527358,True,True
46135369,17.11000000,1.35000000,23.09850000,1677631527360,True,True
46135370,17.11000000,18.97000000,324.57670000,1677631527360,True,True
46135371,17.11000000,4.20000000,71.86200000,1677631527360,True,True
46135372,17.11000000,26.42000000,452.04620000,1677631527360,True,True
46135373,17.10000000,0.89000000,15.21900000,1677631540207,True,True
46135374,17.10000000,3.00000000,51.30000000,1677631540207,True,True
46135375,17.10000000,1.00000000,17.10000000,1677631540207,True,True
46135376,17.10000000,0.90000000,15.39000000,1677631540207,True,True
46135377,17.10000000,1.00000000,17.10000000,1677631540207,True,True
46135378,17.10000000,1.00000000,17.10000000,1677631540207,True,True
46135379,17.11000000,19.42000000,332.27620000,1677631549683,False,True
46135380,17.11000000,20.20000000,345.62200000,1677631574853,False,True
46135381,17.11000000,96.64000000,1653.51040000,1677631574853,False,True
46135382,17.11000000,58.00000000,992.38000000,1677631577876,False,True
46135383,17.10000000,23.47000000,401.33700000,1677631611163,True,True
46135384,17.11000000,69.68000000,1192.22480000,1677631623285,False,True
46135385,17.11000000,27.60000000,472.23600000,1677631623285,False,True
46135386,17.11000000,26.42000000,452.04620000,1677631623285,False,True
46135387,17.11000000,39.59000000,677.38490000,1677631623285,False,True
46135388,17.11000000,20.71000000,354.34810000,1677631623285,False,True
46135389,17.11000000,39.57000000,677.04270000,1677631623285,False,True
46135390,17.11000000,4.68000000,80.07480000,1677631623285,False,True
46135391,17.11000000,14.61000000,249.97710000,1677631623285,False,True
46135392,17.11000000,6.95000000,118.91450000,1677631623285,False,True
46135393,17.11000000,51.69000000,884.41590000,1677631623285,False,True
46135394,17.11000000,93.35000000,1597.21850000,1677631623285,False,True
46135395,17.11000000,29.22000000,499.95420000,1677631623285,False,True
46135396,17.11000000,176.24000000,3015.46640000,1677631623285,False,True
46135397,17.10000000,25.53000000,436.56300000,1677631631611,True,True
46135398,17.10000000,3.30000000,56.43000000,1677631631611,True,True
46135399,17.10000000,2.68000000,45.82800000,1677631631611,True,True
46135400,17.10000000,0.24000000,4.10400000,1677631631617,True,True
46135401,17.10000000,1.01000000,17.27100000,1677631631617,True,True
46135402,17.10000000,22.84000000,390.56400000,1677631631617,True,True
46135403,17.10000000,1.37000000,23.42700000,1677631631617,True,True
46135404,17.10000000,11.70000000,200.07000000,1677631631617,True,True
46135405,17.10000000,17.41000000,297.71100000,1677631631617,True,True
46135406,17.10000000,5.09000000,87.03900000,1677631631618,True,True
46135407,17.09000000,0.67000000,11.45030000,1677631636615,True,True
46135408,17.09000000,3.86000000,65.96740000,1677631636615,True,True
46135409,17.09000000,6.52000000,111.42680000,1677631675207,True,True
46135410,17.09000000,3.30000000,56.39700000,1677631675207,True,True
46135411,17.09000000,2.92000000,49.90280000,1677631675207,True,True
46135412,17.09000000,16.63000000,284.20670000,1677631675207,True,True
46135413,17.09000000,6.95000000,118.77550000,1677631693261,True,True
46135414,17.09000000,16.57000000,283.18130000,1677631694189,True,True
46135415,17.09000000,9.80000000,167.48200000,1677631694189,True,True
46135416,17.08000000,3.00000000,51.24000000,1677631731921,True,True
46135417,17.08000000,1.32000000,22.54560000,1677631731921,True,True
46135418,17.08000000,6.34000000,108.28720000,1677631731921,True,True
46135419,17.08000000,0.71000000,12.12680000,1677631731921,True,True
46135420,17.08000000,3.30000000,56.36400000,1677631731921,True,True
46135421,17.08000000,2.92000000,49.87360000,1677631731921,True,True
46135422,17.08000000,5.04000000,86.08320000,1677631731968,False,True
46135423,17.08000000,3.65000000,62.34200000,1677631732029,False,True
46135424,17.07000000,3.00000000,51.21000000,1677631756689,True,True
46135425,17.07000000,0.60000000,10.24200000,1677631756689,True,True
46135426,17.07000000,0.59000000,10.07130000,1677631756689,True,True
46135427,17.07000000,1.63000000,27.82410000,1677631756689,True,True
46135428,17.07000000,0.71000000,12.11970000,1677631756689,True,True
46135429,17.07000000,1.21000000,20.65470000,1677631756689,True,True
46135430,17.07000000,11.70000000,199.71900000,1677631756689,True,True
46135431,17.07000000,1.67000000,28.50690000,1677631756692,True,True
46135432,17.07000000,13.22000000,225.66540000,1677631756692,True,True
46135433,17.07000000,13.77000000,235.05390000,1677631756692,True,True
46135434,17.07000000,5.85000000,99.85950000,1677631756692,True,True
46135435,17.07000000,50.00000000,853.50000000,1677631756692,True,True
46135436,17.07000000,20.00000000,341.40000000,1677631756692,True,True
46135437,17.07000000,3.30000000,56.33100000,1677631756692,True,True
46135438,17.07000000,2.92000000,49.84440000,1677631756692,True,True
46135439,17.07000000,20.42000000,348.56940000,1677631756692,True,True
46135440,17.07000000,3.00000000,51.21000000,1677631756697,True,True
46135441,17.07000000,0.86000000,14.68020000,1677631769427,False,True
46135442,17.06000000,3.00000000,51.18000000,1677631790750,True,True
46135443,17.06000000,0.61000000,10.40660000,1677631790750,True,True
46135444,17.06000000,3.44000000,58.68640000,1677631790750,True,True
46135445,17.06000000,0.77000000,13.13620000,1677631790750,True,True
46135446,17.06000000,16.29000000,277.90740000,1677631790750,True,True
46135447,17.06000000,2.53000000,43.16180000,1677631790815,True,True
46135448,17.06000000,1.18000000,20.13080000,1677631790816,True,True
46135449,17.06000000,1.50000000,25.59000000,1677631790816,True,True
46135450,17.06000000,1.80000000,30.70800000,1677631790817,True,True
46135451,17.05000000,0.67000000,11.42350000,1677631795019,True,True
46135452,17.05000000,0.99000000,16.87950000,1677631795019,True,True
46135453,17.05000000,2.01000000,34.27050000,1677631819110,True,True
46135454,17.05000000,0.89000000,15.17450000,1677631819110,True,True
46135455,17.05000000,3.38000000,57.62900000,1677631819110,True,True
46135456,17.05000000,15.31000000,261.03550000,1677631819110,True,True
46135457,17.05000000,4.69000000,79.96450000,1677631819120,True,True
46135458,17.05000000,1.01000000,17.22050000,1677631819120,True,True
46135459,17.05000000,1.01000000,17.22050000,1677631819120,True,True
46135460,17.05000000,2.93000000,49.95650000,1677631819120,True,True
46135461,17.05000000,3.30000000,56.26500000,1677631819120,True,True
46135462,17.04000000,1.75000000,29.82000000,1677631820696,True,True
46135463,17.04000000,1.25000000,21.30000000,1677631821745,True,True
46135464,17.04000000,0.90000000,15.33600000,1677631821745,True,True
46135465,17.04000000,20.00000000,340.80000000,1677631821745,True,True
46135466,17.04000000,0.71000000,12.09840000,1677631821745,True,True
46135467,17.04000000,26.46000000,450.87840000,1677631821745,True,True
46135468,17.04000000,3.30000000,56.23200000,1677631821865,True,True
46135469,17.04000000,39.66000000,675.80640000,1677631821887,False,True
46135470,17.04000000,0.91000000,15.50640000,1677631821955,False,True
46135471,17.04000000,4.64000000,79.06560000,1677631822471,False,True
46135472,17.04000000,3.45000000,58.78800000,1677631826920,False,True
46135473,17.04000000,0.92000000,15.67680000,1677631827446,False,True
46135474,17.04000000,1.17000000,19.93680000,1677631830006,False,True
46135475,17.04000000,0.94000000,16.01760000,1677631830712,False,True
46135476,17.04000000,23.24000000,396.00960000,1677631836321,False,True
46135477,17.04000000,87.02000000,1482.82080000,1677631836321,False,True
46135478,17.04000000,39.55000000,673.93200000,1677631836321,False,True
46135479,17.04000000,39.56000000,674.10240000,1677631836321,False,True
46135480,17.04000000,35.28000000,601.17120000,1677631836321,False,True
46135481,17.04000000,26.42000000,450.19680000,1677631840147,True,True
46135482,17.04000000,8.75000000,149.10000000,1677631868410,False,True
46135483,17.05000000,0.87000000,14.83350000,1677631882736,True,True
46135484,17.05000000,3.91000000,66.66550000,1677631886257,False,True
46135485,17.03000000,3.00000000,51.09000000,1677631923879,True,True
46135486,17.03000000,1.64000000,27.92920000,1677631923879,True,True
46135487,17.03000000,20.00000000,340.60000000,1677631923879,True,True
46135488,17.03000000,9.77000000,166.38310000,1677631923879,True,True
46135489,17.03000000,1.01000000,17.20030000,1677631923879,True,True
46135490,17.03000000,1.01000000,17.20030000,1677631923879,True,True
46135491,17.03000000,2.93000000,49.89790000,1677631923879,True,True
46135492,17.03000000,3.30000000,56.19900000,1677631923879,True,True
46135493,17.03000000,9.77000000,166.38310000,1677631923879,True,True
46135494,17.03000000,9.77000000,166.38310000,1677631923879,True,True
46135495,17.03000000,9.77000000,166.38310000,1677631923879,True,True
46135496,17.03000000,9.77000000,166.38310000,1677631923879,True,True
46135497,17.03000000,9.77000000,166.38310000,1677631923879,True,True
46135498,17.03000000,7.15000000,121.76450000,1677631923879,True,True
46135499,17.03000000,2.62000000,44.61860000,1677631923899,True,True
46135500,17.03000000,5.63000000,95.87890000,1677631923899,True,True
46135501,17.03000000,2.62000000,44.61860000,1677631923899,True,True
46135502,17.03000000,1.52000000,25.88560000,1677631923921,True,True
46135503,17.03000000,1.10000000,18.73300000,1677631923921,True,True
46135504,17.03000000,8.67000000,147.65010000,1677631923937,True,True
46135505,17.03000000,8.67000000,147.65010000,1677631923938,True,True
46135506,17.03000000,1.02000000,17.37060000,1677631923952,True,True
46135507,17.03000000,2.12000000,36.10360000,1677631924272,False,True
46135508,17.03000000,7.57000000,128.91710000,1677631924272,False,True
46135509,17.03000000,42.20000000,718.66600000,1677631924272,False,True
46135510,17.03000000,26.42000000,449.93260000,1677631924275,False,True
46135511,17.03000000,14.67000000,249.83010000,1677631924275,False,True
46135512,17.03000000,27.50000000,468.32500000,1677631924275,False,True
46135513,17.03000000,29.35000000,499.83050000,1677631924275,False,True
46135514,17.04000000,4.00000000,68.16000000,1677631926877,False,True
46135515,17.04000000,26.42000000,450.19680000,1677631929512,True,True
46135516,17.04000000,18.19000000,309.95760000,1677631930417,False,True
46135517,17.04000000,14.67000000,249.97680000,1677631939994,False,True
46135518,17.04000000,26.42000000,450.19680000,1677631940829,False,True
46135519,17.04000000,26.42000000,450.19680000,1677631948654,True,True
46135520,17.03000000,9.76000000,166.21280000,1677631962451,True,True
46135521,17.03000000,24.07000000,409.91210000,1677631962451,True,True
46135522,17.03000000,9.76000000,166.21280000,1677631962473,True,True
46135523,17.03000000,9.76000000,166.21280000,1677631962485,True,True
46135524,17.03000000,9.76000000,166.21280000,1677631962485,True,True
46135525,17.03000000,9.76000000,166.21280000,1677631962485,True,True
46135526,17.03000000,3.85000000,65.56550000,1677631962485,True,True
46135527,17.03000000,5.91000000,100.64730000,1677631962488,True,True
46135528,17.03000000,3.85000000,65.56550000,1677631962488,True,True
46135529,17.03000000,5.91000000,100.64730000,1677631962492,True,True
46135530,17.03000000,3.85000000,65.56550000,1677631962492,True,True
46135531,17.03000000,5.91000000,100.64730000,1677631962507,True,True
46135532,17.03000000,5.91000000,100.64730000,1677631962508,True,True
46135533,17.03000000,3.85000000,65.56550000,1677631962527,True,True
46135534,17.03000000,3.85000000,65.56550000,1677631962531,True,True
46135535,17.03000000,5.87000000,99.96610000,1677631962545,True,True
46135536,17.03000000,5.34000000,90.94020000,1677631965781,False,True
46135537,17.03000000,3.78000000,64.37340000,1677631966946,False,True
46135538,17.03000000,29.35000000,499.83050000,1677631966946,False,True
46135539,17.03000000,14.67000000,249.83010000,1677631966946,False,True
46135540,17.03000000,39.62000000,674.72860000,1677631966946,False,True
46135541,17.03000000,26.42000000,449.93260000,1677631967398,False,True
46135542,17.03000000,9.43000000,160.59290000,1677631970222,True,True
46135543,17.04000000,26.42000000,450.19680000,1677631978838,False,True
46135544,17.04000000,39.58000000,674.44320000,1677631978838,False,True
46135545,17.04000000,10.98000000,187.09920000,1677631978838,False,True
46135546,17.04000000,76.05000000,1295.89200000,1677631978838,False,True
46135547,17.04000000,20.21000000,344.37840000,1677631978838,False,True
46135548,17.04000000,11.64000000,198.34560000,1677631978838,False,True
46135549,17.04000000,5.61000000,95.59440000,1677631978838,False,True
46135550,17.04000000,35.07000000,597.59280000,1677631978840,False,True
46135551,17.04000000,43.35000000,738.68400000,1677631978841,False,True
46135552,17.04000000,6.86000000,116.89440000,1677631978843,False,True
46135553,17.04000000,14.14000000,240.94560000,1677631978843,False,True
46135554,17.04000000,10.00000000,170.40000000,1677631978843,False,True
46135555,17.04000000,3.98000000,67.81920000,1677631978843,False,True
46135556,17.04000000,14.67000000,249.97680000,1677631978843,False,True
46135557,17.04000000,39.66000000,675.80640000,1677632004975,True,True
46135558,17.04000000,3.75000000,63.90000000,1677632004975,True,True
46135559,17.04000000,80.16000000,1365.92640000,1677632004975,True,True
46135560,17.04000000,3.00000000,51.12000000,1677632005076,True,True
46135561,17.03000000,4.00000000,68.12000000,1677632006690,True,True
46135562,17.02000000,3.00000000,51.06000000,1677632009851,True,True
46135563,17.02000000,1.32000000,22.46640000,1677632009851,True,True
46135564,17.02000000,1.25000000,21.27500000,1677632009851,True,True
46135565,17.02000000,20.00000000,340.40000000,1677632009851,True,True
46135566,17.02000000,1.06000000,18.04120000,1677632009851,True,True
46135567,17.02000000,3.26000000,55.48520000,1677632009851,True,True
46135568,17.02000000,13.22000000,225.00440000,1677632009851,True,True
46135569,17.02000000,77.81000000,1324.32620000,1677632009851,True,True
46135570,17.02000000,146.47000000,2492.91940000,1677632009852,True,True
46135571,17.02000000,13.49000000,229.59980000,1677632009852,True,True
46135572,17.02000000,35.10000000,597.40200000,1677632009852,True,True
46135573,17.02000000,127.13000000,2163.75260000,1677632009853,True,True
46135574,17.02000000,70.34000000,1197.18680000,1677632009853,True,True
46135575,17.02000000,129.66000000,2206.81320000,1677632009861,True,True
46135576,17.02000000,3.30000000,56.16600000,1677632009861,True,True
46135577,17.02000000,1.01000000,17.19020000,1677632009861,True,True
46135578,17.02000000,2.93000000,49.86860000,1677632009861,True,True
46135579,17.02000000,9.77000000,166.28540000,1677632009861,True,True
46135580,17.02000000,9.77000000,166.28540000,1677632009861,True,True
46135581,17.02000000,9.77000000,166.28540000,1677632009861,True,True
46135582,17.02000000,9.77000000,166.28540000,1677632009861,True,True
46135583,17.02000000,9.77000000,166.28540000,1677632009861,True,True
46135584,17.02000000,9.77000000,166.28540000,1677632009861,True,True
46135585,17.02000000,9.77000000,166.28540000,1677632009861,True,True
46135586,17.02000000,9.77000000,166.28540000,1677632009861,True,True
46135587,17.02000000,9.77000000,166.28540000,1677632009861,True,True
46135588,17.02000000,9.67000000,164.58340000,1677632009861,True,True
46135589,17.01000000,3.00000000,51.03000000,1677632009909,True,True
46135590,17.01000000,3.38000000,57.49380000,1677632009909,True,True
46135591,17.01000000,4.58000000,77.90580000,1677632009909,True,True
46135592,17.01000000,0.51000000,8.67510000,1677632009917,True,True
46135593,17.01000000,1.20000000,20.41200000,1677632009917,True,True
46135594,17.01000000,15.90000000,270.45900000,1677632009917,True,True
46135595,17.01000000,4.10000000,69.74100000,1677632009925,True,True
46135596,17.01000000,0.60000000,10.20600000,1677632009925,True,True
46135597,17.01000000,7.26000000,123.49260000,1677632009925,True,True
46135598,17.01000000,13.75000000,233.88750000,1677632009931,True,True
46135599,17.01000000,3.99000000,67.86990000,1677632009935,True,True
46135600,17.01000000,1.01000000,17.18010000,1677632009935,True,True
46135601,17.01000000,1.01000000,17.18010000,1677632009935,True,True
46135602,17.01000000,1.01000000,17.18010000,1677632009935,True,True
46135603,17.01000000,1.01000000,17.18010000,1677632009935,True,True
46135604,17.01000000,8.55000000,145.43550000,1677632009935,True,True
46135605,17.01000000,103.92000000,1767.67920000,1677632010121,False,True
46135606,17.01000000,19.98000000,339.85980000,1677632010182,False,True
46135607,17.01000000,127.59000000,2170.30590000,1677632010256,False,True
46135608,17.01000000,4.85000000,82.49850000,1677632010290,False,True
46135609,17.01000000,4.61000000,78.41610000,1677632010290,False,True
46135610,17.01000000,25.33000000,430.86330000,1677632010290,False,True
46135611,17.01000000,7.73000000,131.48730000,1677632010445,False,True
46135612,17.01000000,6.58000000,111.92580000,1677632010534,False,True
46135613,17.01000000,4.54000000,77.22540000,1677632010534,False,True
46135614,17.02000000,4.26000000,72.50520000,1677632010534,False,True
46135615,17.01000000,10.00000000,170.10000000,1677632010619,False,True
46135616,17.02000000,1.12000000,19.06240000,1677632010619,False,True
46135617,17.01000000,19.84000000,337.47840000,1677632010753,True,True
46135618,17.01000000,4.52000000,76.88520000,1677632010814,True,True
46135619,17.01000000,4.52000000,76.88520000,1677632010815,True,True
46135620,17.01000000,3.92000000,66.67920000,1677632010841,True,True
46135621,17.01000000,3.92000000,66.67920000,1677632010841,True,True
46135622,17.01000000,3.92000000,66.67920000,1677632010842,True,True
46135623,17.01000000,19.99000000,340.02990000,1677632010871,True,True
46135624,17.01000000,6.58000000,111.92580000,1677632010941,True,True
46135625,17.01000000,26.42000000,449.40420000,1677632011316,False,True
46135626,17.01000000,100.00000000,1701.00000000,1677632011316,False,True
46135627,17.02000000,34.16000000,581.40320000,1677632011406,False,True
46135628,17.02000000,8.95000000,152.32900000,1677632011406,False,True
46135629,17.02000000,9.93000000,169.00860000,1677632011406,False,True
46135630,17.02000000,8.31000000,141.43620000,1677632011407,False,True
46135631,17.02000000,32.11000000,546.51220000,1677632011407,False,True
46135632,17.02000000,19.71000000,335.46420000,1677632011411,False,True
46135633,17.02000000,32.50000000,553.15000000,1677632011422,False,True
46135634,17.02000000,44.05000000,749.73100000,1677632011424,False,True
46135635,17.02000000,92.42000000,1572.98840000,1677632011425,False,True
46135636,17.02000000,12.65000000,215.30300000,1677632011450,False,True
46135637,17.02000000,10.25000000,174.45500000,1677632011454,False,True
46135638,17.02000000,1.48000000,25.18960000,1677632011454,False,True
46135639,17.02000000,19.15000000,325.93300000,1677632011454,False,True
46135640,17.02000000,55.49000000,944.43980000,1677632011459,False,True
46135641,17.02000000,69.12000000,1176.42240000,1677632011459,False,True
46135642,17.02000000,27.14000000,461.92280000,1677632011465,False,True
46135643,17.02000000,14.68000000,249.85360000,1677632011465,False,True
46135644,17.02000000,19.97000000,339.88940000,1677632011465,False,True
46135645,17.02000000,9.40000000,159.98800000,1677632011467,False,True
46135646,17.02000000,4.65000000,79.14300000,1677632011467,False,True
46135647,17.02000000,10.18000000,173.26360000,1677632011467,False,True
46135648,17.02000000,11.95000000,203.38900000,1677632011468,False,True
46135649,17.02000000,10.00000000,170.20000000,1677632011468,False,True
46135650,17.02000000,4.24000000,72.16480000,1677632011525,False,True
46135651,17.02000000,27.46000000,467.36920000,1677632011615,True,True
46135652,17.02000000,7.32000000,124.58640000,1677632011615,True,True
46135653,17.02000000,19.10000000,325.08200000,1677632011650,True,True
46135654,17.01000000,6.42000000,109.20420000,1677632011726,True,True
46135655,17.02000000,14.68000000,249.85360000,1677632012129,False,True
46135656,17.02000000,32.84000000,558.93680000,1677632012138,False,True
46135657,17.02000000,8.56000000,145.69120000,1677632012850,True,True
46135658,17.02000000,8.56000000,145.69120000,1677632012850,True,True
46135659,17.02000000,12.86000000,218.87720000,1677632012850,True,True
46135660,17.03000000,26.42000000,449.93260000,1677632013144,False,True
46135661,17.03000000,4.43000000,75.44290000,1677632013144,False,True
46135662,17.03000000,3.30000000,56.19900000,1677632013144,False,True
46135663,17.03000000,1.01000000,17.20030000,1677632013144,False,True
46135664,17.03000000,1.01000000,17.20030000,1677632013144,False,True
46135665,17.03000000,1.01000000,17.20030000,1677632013144,False,True
46135666,17.03000000,2.50000000,42.57500000,1677632013224,True,True
46135667,17.03000000,7.63000000,129.93890000,1677632013663,True,True
46135668,17.03000000,29.53000000,502.89590000,1677632015644,True,True
46135669,17.03000000,20.95000000,356.77850000,1677632015644,True,True
46135670,17.03000000,79.05000000,1346.22150000,1677632015644,True,True
46135671,17.03000000,14.07000000,239.61210000,1677632015644,True,True
46135672,17.03000000,23.33000000,397.30990000,1677632015663,True,True
46135673,17.03000000,28.11000000,478.71330000,1677632015710,True,True
46135674,17.03000000,92.71000000,1578.85130000,1677632015710,True,True
46135675,17.03000000,3.55000000,60.45650000,1677632015721,True,True
46135676,17.01000000,2.11000000,35.89110000,1677632016510,True,True
46135677,17.02000000,4.29000000,73.01580000,1677632016903,False,True
46135678,17.02000000,28.21000000,480.13420000,1677632016903,False,True
46135679,17.03000000,4.66000000,79.35980000,1677632017716,False,True
46135680,17.03000000,4.32000000,73.56960000,1677632018437,False,True
46135681,17.03000000,26.42000000,449.93260000,1677632018815,True,True
46135682,17.03000000,39.61000000,674.55830000,1677632018815,True,True
46135683,17.03000000,141.82000000,2415.19460000,1677632018815,True,True
46135684,17.03000000,4.25000000,72.37750000,1677632018815,True,True
46135685,17.03000000,97.68000000,1663.49040000,1677632018815,True,True
46135686,17.03000000,56.41000000,960.66230000,1677632018815,True,True
46135687,17.03000000,33.81000000,575.78430000,1677632018815,True,True
46135688,17.04000000,2.93000000,49.92720000,1677632018826,False,True
46135689,17.04000000,4.13000000,70.37520000,1677632018826,False,True
46135690,17.04000000,1.01000000,17.21040000,1677632018826,False,True
46135691,17.04000000,4.68000000,79.74720000,1677632018826,False,True
46135692,17.04000000,4.63000000,78.89520000,1677632022915,False,True
46135693,17.04000000,19.97000000,340.28880000,1677632023057,True,True
46135694,17.05000000,23.85000000,406.64250000,1677632023218,False,True
46135695,17.05000000,1.19000000,20.28950000,1677632023218,False,True
46135696,17.05000000,26.42000000,450.46100000,1677632023218,False,True
46135697,17.05000000,4.39000000,74.84950000,1677632023218,False,True
46135698,17.05000000,19.84000000,338.27200000,1677632024377,True,True
46135699,17.06000000,5.86000000,99.97160000,1677632028842,False,True
46135700,17.06000000,1.01000000,17.23060000,1677632028842,False,True
46135701,17.06000000,1.01000000,17.23060000,1677632028842,False,True
46135702,17.06000000,5.16000000,88.02960000,1677632028842,False,True
46135703,17.06000000,1.01000000,17.23060000,1677632028842,False,True
46135704,17.06000000,2.93000000,49.98580000,1677632028842,False,True
46135705,17.06000000,79.27000000,1352.34620000,1677632028842,False,True
46135706,17.06000000,20.73000000,353.65380000,1677632028842,False,True
46135707,17.06000000,19.84000000,338.47040000,1677632028842,False,True
46135708,17.06000000,6.01000000,102.53060000,1677632028908,True,True
46135709,17.06000000,39.63000000,676.08780000,1677632036871,True,True
46135710,17.06000000,26.42000000,450.72520000,1677632036871,True,True
46135711,17.06000000,92.80000000,1583.16800000,1677632036871,True,True
46135712,17.06000000,28.91000000,493.20460000,1677632036871,True,True
46135713,17.06000000,17.61000000,300.42660000,1677632036871,True,True
46135714,17.05000000,6.58000000,112.18900000,1677632041619,True,True
46135715,17.05000000,4.65000000,79.28250000,1677632041619,True,True
46135716,17.05000000,79.05000000,1347.80250000,1677632041619,True,True
46135717,17.05000000,39.62000000,675.52100000,1677632041619,True,True
46135718,17.05000000,68.31000000,1164.68550000,1677632041619,True,True
46135719,17.05000000,50.29000000,857.44450000,1677632041619,True,True
46135720,17.05000000,6.45000000,109.97250000,1677632041619,True,True
46135721,17.05000000,1.01000000,17.22050000,1677632041619,True,True
46135722,17.05000000,1.01000000,17.22050000,1677632041619,True,True
46135723,17.05000000,2.93000000,49.95650000,1677632041619,True,True
46135724,17.05000000,1.01000000,17.22050000,1677632041619,True,True
46135725,17.05000000,1.01000000,17.22050000,1677632041619,True,True
46135726,17.05000000,13.00000000,221.65000000,1677632041619,True,True
46135727,17.05000000,1.71000000,29.15550000,1677632041619,True,True
46135728,17.04000000,15.61000000,265.99440000,1677632041624,True,True
46135729,17.04000000,45.92000000,782.47680000,1677632041624,True,True
46135730,17.04000000,24.84000000,423.27360000,1677632041624,True,True
46135731,17.04000000,71.42000000,1216.99680000,1677632041625,True,True
46135732,17.04000000,37.94000000,646.49760000,1677632041625,True,True
46135733,17.04000000,1.01000000,17.21040000,1677632041625,True,True
46135734,17.04000000,6.00000000,102.24000000,1677632041625,True,True
46135735,17.04000000,1.01000000,17.21040000,1677632041625,True,True
46135736,17.04000000,2.07000000,35.27280000,1677632041625,True,True
46135737,17.04000000,7.83000000,133.42320000,1677632041625,True,True
46135738,17.04000000,36.17000000,616.33680000,1677632041626,True,True
46135739,17.04000000,11.72000000,199.70880000,1677632041627,True,True
46135740,17.03000000,35.69000000,607.80070000,1677632041627,True,True
46135741,17.03000000,38.03000000,647.65090000,1677632041630,True,True
46135742,17.03000000,2.25000000,38.31750000,1677632041630,True,True
46135743,17.03000000,26.70000000,454.70100000,1677632041630,True,True
46135744,17.03000000,55.06000000,937.67180000,1677632041630,True,True
46135745,17.03000000,37.86000000,644.75580000,1677632041630,True,True
46135746,17.03000000,32.62000000,555.51860000,1677632041631,True,True
46135747,17.03000000,14.86000000,253.06580000,1677632041631,True,True
46135748,17.03000000,56.44000000,961.17320000,1677632041631,True,True
46135749,17.03000000,20.71000000,352.69130000,1677632041631,True,True
46135750,17.03000000,8.12000000,138.28360000,1677632041631,True,True
46135751,17.03000000,10.49000000,178.64470000,1677632041631,True,True
46135752,17.03000000,55.70000000,948.57100000,1677632041631,True,True
46135753,17.03000000,4.02000000,68.46060000,1677632041631,True,True
46135754,17.03000000,4.55000000,77.48650000,1677632041634,True,True
46135755,17.03000000,7.85000000,133.68550000,1677632041635,False,True
46135756,17.02000000,28.92000000,492.21840000,1677632041635,True,True
46135757,17.02000000,41.84000000,712.11680000,1677632041635,True,True
46135758,17.02000000,60.08000000,1022.56160000,1677632041635,True,True
46135759,17.02000000,2.89000000,49.18780000,1677632041635,True,True
46135760,17.02000000,45.60000000,776.11200000,1677632041635,True,True
46135761,17.02000000,16.34000000,278.10680000,1677632041635,True,True
46135762,17.02000000,24.04000000,409.16080000,1677632041635,True,True
46135763,17.02000000,7.38000000,125.60760000,1677632041635,True,True
46135764,17.02000000,32.96000000,560.97920000,1677632041636,True,True
46135765,17.03000000,12.07000000,205.55210000,1677632041641,False,True
46135766,17.03000000,7.86000000,133.85580000,1677632041641,False,True
46135767,17.02000000,4.53000000,77.10060000,1677632041644,True,True
46135768,17.02000000,1.35000000,22.97700000,1677632041654,False,True
46135769,17.02000000,11.74000000,199.81480000,1677632041664,False,True
46135770,17.03000000,0.33000000,5.61990000,1677632041664,False,True
46135771,17.02000000,14.69000000,250.02380000,1677632041686,True,True
46135772,17.02000000,9.70000000,165.09400000,1677632041686,True,True
46135773,17.02000000,96.26000000,1638.34520000,1677632041688,True,True
46135774,17.02000000,2.04000000,34.72080000,1677632041688,True,True
46135775,17.02000000,24.39000000,415.11780000,1677632041691,True,True
46135776,17.03000000,0.62000000,10.55860000,1677632041694,False,True
46135777,17.01000000,0.88000000,14.96880000,1677632041697,True,True
46135778,17.01000000,1.91000000,32.48910000,1677632041697,True,True
46135779,17.02000000,25.36000000,431.62720000,1677632041720,False,True
46135780,17.02000000,14.30000000,243.38600000,1677632041726,False,True
46135781,17.02000000,10.04000000,170.88080000,1677632041726,False,True
46135782,17.02000000,1.11000000,18.89220000,1677632041801,False,True
46135783,17.03000000,9.31000000,158.54930000,1677632041801,False,True
46135784,17.02000000,25.31000000,430.77620000,1677632041854,True,True
46135785,17.02000000,10.42000000,177.34840000,1677632041854,True,True
46135786,17.01000000,1.30000000,22.11300000,1677632042801,True,True
46135787,17.01000000,13.34000000,226.91340000,1677632042801,True,True
46135788,17.01000000,10.31000000,175.37310000,1677632042801,True,True
46135789,17.01000000,8.38000000,142.54380000,1677632042882,True,True
46135790,17.01000000,19.12000000,325.23120000,1677632042890,True,True
46135791,17.01000000,39.62000000,673.93620000,1677632042899,False,True
46135792,17.01000000,39.66000000,674.61660000,1677632042899,False,True
46135793,17.01000000,92.83000000,1579.03830000,1677632043080,False,True
46135794,17.01000000,4.58000000,77.90580000,1677632044142,False,True
46135795,17.01000000,5.88000000,100.01880000,1677632044142,False,True
46135796,17.01000000,8.06000000,137.10060000,1677632044142,False,True
46135797,17.02000000,3.54000000,60.25080000,1677632044142,False,True
46135798,17.01000000,1.01000000,17.18010000,1677632049782,False,True
46135799,17.01000000,1.01000000,17.18010000,1677632049782,False,True
46135800,17.01000000,1.01000000,17.18010000,1677632049782,False,True
46135801,17.01000000,1.01000000,17.18010000,1677632049782,False,True
46135802,17.01000000,1.01000000,17.18010000,1677632049782,False,True
46135803,17.01000000,1.01000000,17.18010000,1677632049782,False,True
46135804,17.01000000,3.01000000,51.20010000,1677632049782,False,True
46135805,17.01000000,2.87000000,48.81870000,1677632050888,False,True
46135806,17.01000000,2.07000000,35.21070000,1677632050888,False,True
46135807,17.01000000,2.93000000,49.83930000,1677632050888,False,True
46135808,17.01000000,10.70000000,182.00700000,1677632052173,False,True
46135809,17.01000000,8.56000000,145.60560000,1677632052173,False,True
46135810,17.02000000,96.46000000,1641.74920000,1677632054748,False,True
46135811,17.02000000,4.01000000,68.25020000,1677632054748,False,True
46135812,17.02000000,4.48000000,76.24960000,1677632054748,False,True
46135813,17.02000000,14.68000000,249.85360000,1677632054748,False,True
46135814,17.02000000,26.32000000,447.96640000,1677632054772,True,True
46135815,17.02000000,26.42000000,449.66840000,1677632055131,False,True
46135816,17.02000000,76.98000000,1310.19960000,1677632055131,False,True
46135817,17.02000000,26.42000000,449.66840000,1677632057431,True,True
46135818,17.02000000,15.89000000,270.44780000,1677632063494,False,True
46135819,17.02000000,10.53000000,179.22060000,1677632063496,False,True
46135820,17.02000000,7.63000000,129.86260000,1677632063496,False,True
46135821,17.02000000,31.91000000,543.10820000,1677632063496,False,True
46135822,17.02000000,0.41000000,6.97820000,1677632063496,False,True
46135823,17.02000000,12.04000000,204.92080000,1677632063498,False,True
46135824,17.02000000,17.49000000,297.67980000,1677632063498,False,True
46135825,17.02000000,26.42000000,449.66840000,1677632064237,True,True
46135826,17.01000000,10.70000000,182.00700000,1677632068385,True,True
46135827,17.01000000,47.65000000,810.52650000,1677632068385,True,True
46135828,17.00000000,3.00000000,51.00000000,1677632079098,True,True
46135829,17.00000000,0.67000000,11.39000000,1677632079098,True,True
46135830,17.00000000,0.89000000,15.13000000,1677632079098,True,True
46135831,17.00000000,0.92000000,15.64000000,1677632079098,True,True
46135832,17.00000000,4.00000000,68.00000000,1677632079098,True,True
46135833,17.00000000,0.59000000,10.03000000,1677632079098,True,True
46135834,17.00000000,1.64000000,27.88000000,1677632079098,True,True
46135835,17.00000000,0.74000000,12.58000000,1677632079098,True,True
46135836,17.00000000,20.00000000,340.00000000,1677632079098,True,True
46135837,17.00000000,29.41000000,499.97000000,1677632079098,True,True
46135838,17.00000000,0.72000000,12.24000000,1677632079098,True,True
46135839,17.00000000,1.21000000,20.57000000,1677632079098,True,True
46135840,17.00000000,1.00000000,17.00000000,1677632079098,True,True
46135841,17.00000000,10.00000000,170.00000000,1677632079098,True,True
46135842,17.00000000,9.78000000,166.26000000,1677632079098,True,True
46135843,17.00000000,9.78000000,166.26000000,1677632079098,True,True
46135844,17.00000000,1.97000000,33.49000000,1677632079098,True,True
46135845,17.00000000,3.39000000,57.63000000,1677632079098,True,True
46135846,17.00000000,3.39000000,57.63000000,1677632079098,True,True
46135847,17.00000000,1.03000000,17.51000000,1677632079098,True,True
46135848,17.00000000,9.78000000,166.26000000,1677632079098,True,True
46135849,17.00000000,0.94000000,15.98000000,1677632079098,True,True
46135850,17.00000000,3.39000000,57.63000000,1677632079100,True,True
46135851,17.00000000,3.39000000,57.63000000,1677632079100,True,True
46135852,17.00000000,2.06000000,35.02000000,1677632079101,True,True
46135853,17.00000000,1.33000000,22.61000000,1677632079101,True,True
46135854,17.00000000,3.39000000,57.63000000,1677632079102,True,True
46135855,17.00000000,5.06000000,86.02000000,1677632079102,True,True
46135856,17.00000000,9.78000000,166.26000000,1677632079102,True,True
46135857,17.00000000,9.78000000,166.26000000,1677632079102,True,True
46135858,17.00000000,2.84000000,48.28000000,1677632079102,True,True
46135859,17.00000000,6.94000000,117.98000000,1677632079102,True,True
46135860,17.00000000,0.87000000,14.79000000,1677632079102,True,True
46135861,17.00000000,8.81000000,149.77000000,1677632079104,True,True
46135862,16.99000000,0.60000000,10.19400000,1677632079135,True,True
46135863,16.99000000,0.71000000,12.06290000,1677632079135,True,True
46135864,16.99000000,4.57000000,77.64430000,1677632079135,True,True
46135865,16.99000000,123.47000000,2097.75530000,1677632100803,True,True
46135866,16.99000000,18.06000000,306.83940000,1677632103485,True,True
46135867,16.99000000,3.46000000,58.78540000,1677632103485,True,True
46135868,16.99000000,0.64000000,10.87360000,1677632103485,True,True
46135869,16.99000000,0.63000000,10.70370000,1677632103485,True,True
46135870,16.99000000,1.23000000,20.89770000,1677632103485,True,True
46135871,16.99000000,2.11000000,35.84890000,1677632103485,True,True
46135872,16.99000000,5.88000000,99.90120000,1677632103485,True,True
46135873,16.99000000,2.00000000,33.98000000,1677632103485,True,True
46135874,16.99000000,0.71000000,12.06290000,1677632103485,True,True
46135875,16.99000000,1.01000000,17.15990000,1677632103485,True,True
46135876,16.99000000,0.61000000,10.36390000,1677632103485,True,True
46135877,16.99000000,0.40000000,6.79600000,1677632103493,True,True
46135878,16.99000000,1.01000000,17.15990000,1677632103493,True,True
46135879,16.99000000,1.01000000,17.15990000,1677632103493,True,True
46135880,16.99000000,2.94000000,49.95060000,1677632103493,True,True
46135881,16.99000000,9.78000000,166.16220000,1677632103493,True,True
46135882,16.99000000,4.86000000,82.57140000,1677632103493,True,True
46135883,16.99000000,0.81000000,13.76190000,1677632103494,True,True
46135884,16.99000000,39.19000000,665.83810000,1677632103494,True,True
46135885,16.99000000,37.68000000,640.18320000,1677632113102,True,True
46135886,16.99000000,37.08000000,629.98920000,1677632113254,True,True
46135887,16.99000000,8.70000000,147.81300000,1677632113504,True,True
46135888,16.99000000,8.32000000,141.35680000,1677632113630,True,True
46135889,16.99000000,15.22000000,258.58780000,1677632115257,True,True
46135890,17.00000000,43.36000000,737.12000000,1677632125756,False,True
46135891,17.00000000,43.31000000,736.27000000,1677632125756,False,True
46135892,17.00000000,9.58000000,162.86000000,1677632125756,False,True
46135893,17.00000000,19.54000000,332.18000000,1677632125903,False,True
46135894,17.00000000,5.61000000,95.37000000,1677632125903,False,True
46135895,17.00000000,26.42000000,449.14000000,1677632125959,False,True
46135896,17.00000000,26.42000000,449.14000000,1677632133069,True,True
46135897,16.99000000,53.80000000,914.06200000,1677632138460,True,True
46135898,16.99000000,0.01000000,0.16990000,1677632138460,True,True
46135899,16.99000000,26.42000000,448.87580000,1677632138478,False,True
46135900,16.99000000,8.52000000,144.75480000,1677632141257,False,True
46135901,16.99000000,62.15000000,1055.92850000,1677632143892,False,True
46135902,16.99000000,43.34000000,736.34660000,1677632143892,False,True
46135903,17.00000000,12.37000000,210.29000000,1677632144083,False,True
46135904,17.00000000,14.05000000,238.85000000,1677632147534,False,True
46135905,17.00000000,31.33000000,532.61000000,1677632147534,False,True
46135906,17.00000000,12.01000000,204.17000000,1677632147535,False,True
46135907,17.00000000,4.79000000,81.43000000,1677632147535,False,True
46135908,17.00000000,6.73000000,114.41000000,1677632147538,False,True
46135909,17.00000000,12.82000000,217.94000000,1677632147539,False,True
46135910,17.00000000,98.25000000,1670.25000000,1677632147583,False,True
46135911,17.00000000,14.70000000,249.90000000,1677632147583,False,True
46135912,17.00000000,24.80000000,421.60000000,1677632147583,False,True
46135913,17.00000000,11.72000000,199.24000000,1677632147583,False,True
46135914,17.00000000,11.27000000,191.59000000,1677632147583,False,True
46135915,17.00000000,18.14000000,308.38000000,1677632147598,False,True
46135916,17.00000000,3.80000000,64.60000000,1677632147598,False,True
46135917,17.00000000,16.21000000,275.57000000,1677632147604,False,True
46135918,17.00000000,28.31000000,481.27000000,1677632147612,False,True
46135919,17.00000000,47.94000000,814.98000000,1677632147615,False,True
46135920,17.00000000,10.00000000,170.00000000,1677632147615,False,True
46135921,17.00000000,4.01000000,68.17000000,1677632147615,False,True
46135922,17.00000000,12.11000000,205.87000000,1677632147615,False,True
46135923,17.00000000,24.21000000,411.57000000,1677632147615,False,True
46135924,17.00000000,52.63000000,894.71000000,1677632147615,False,True
46135925,17.00000000,31.06000000,528.02000000,1677632147615,False,True
46135926,17.00000000,33.71000000,573.07000000,1677632147686,False,True
46135927,17.00000000,3.30000000,56.10000000,1677632156934,False,True
46135928,17.00000000,11.40000000,193.80000000,1677632156934,False,True
46135929,16.99000000,5.88000000,99.90120000,1677632159762,True,True
46135930,16.99000000,9.32000000,158.34680000,1677632164572,True,True
46135931,17.00000000,12.41000000,210.97000000,1677632178404,False,True
46135932,17.01000000,1.01000000,17.18010000,1677632187041,False,True
46135933,17.01000000,1.01000000,17.18010000,1677632187041,False,True
46135934,17.01000000,2.93000000,49.83930000,1677632187041,False,True
46135935,17.01000000,3.30000000,56.13300000,1677632187041,False,True
46135936,17.01000000,3.44000000,58.51440000,1677632188370,True,True
46135937,17.01000000,10.47000000,178.09470000,1677632188409,True,True
46135938,17.01000000,19.55000000,332.54550000,1677632188422,True,True
46135939,17.01000000,18.09000000,307.71090000,1677632188429,True,True
46135940,17.00000000,19.15000000,325.55000000,1677632190288,True,True
46135941,17.00000000,18.49000000,314.33000000,1677632190288,True,True
46135942,16.99000000,1.01000000,17.15990000,1677632193165,True,True
46135943,16.99000000,4.13000000,70.16870000,1677632193165,True,True
46135944,16.99000000,1.01000000,17.15990000,1677632193165,True,True
46135945,16.99000000,1.01000000,17.15990000,1677632193165,True,True
46135946,16.99000000,2.94000000,49.95060000,1677632193165,True,True
46135947,16.99000000,1.01000000,17.15990000,1677632193165,True,True
46135948,16.99000000,39.66000000,673.82340000,1677632197789,False,True
46135949,16.99000000,24.40000000,414.55600000,1677632197789,False,True
46135950,16.99000000,14.71000000,249.92290000,1677632197789,False,True
46135951,16.99000000,29.11000000,494.57890000,1677632197789,False,True
46135952,17.01000000,1.01000000,17.18010000,1677632217698,False,True
46135953,17.01000000,1.01000000,17.18010000,1677632217698,False,True
46135954,17.01000000,1.01000000,17.18010000,1677632217698,False,True
46135955,17.01000000,1.01000000,17.18010000,1677632217698,False,True
46135956,17.01000000,2.93000000,49.83930000,1677632217698,False,True
46135957,17.01000000,3.87000000,65.82870000,1677632217698,False,True
46135958,17.02000000,4.84000000,82.37680000,1677632222522,False,True
46135959,17.02000000,1.01000000,17.19020000,1677632222522,False,True
46135960,17.02000000,2.93000000,49.86860000,1677632222522,False,True
46135961,17.04000000,1.01000000,17.21040000,1677632234071,False,True
46135962,17.04000000,6.05000000,103.09200000,1677632234071,False,True
46135963,17.04000000,1.01000000,17.21040000,1677632234071,False,True
46135964,17.04000000,1.01000000,17.21040000,1677632234071,False,True
46135965,17.04000000,2.49000000,42.42960000,1677632234071,False,True
46135966,17.04000000,135.34000000,2306.19360000,1677632238555,True,True
46135967,17.04000000,26.07000000,444.23280000,1677632238555,True,True
46135968,17.04000000,43.36000000,738.85440000,1677632238555,True,True
46135969,17.04000000,39.72000000,676.82880000,1677632238555,True,True
46135970,17.04000000,26.69000000,454.79760000,1677632238555,True,True
46135971,17.04000000,68.10000000,1160.42400000,1677632238558,True,True
46135972,17.04000000,9.74000000,165.96960000,1677632238558,True,True
46135973,17.04000000,45.22000000,770.54880000,1677632238615,True,True
46135974,17.04000000,14.67000000,249.97680000,1677632238615,True,True
46135975,17.04000000,7.93000000,135.12720000,1677632238615,True,True
46135976,17.04000000,29.34000000,499.95360000,1677632238615,True,True
46135977,17.04000000,4.22000000,71.90880000,1677632238615,True,True
46135978,17.04000000,29.31000000,499.44240000,1677632238620,True,True
46135979,17.04000000,37.91000000,645.98640000,1677632238623,True,True
46135980,17.04000000,45.26000000,771.23040000,1677632238623,True,True
46135981,17.04000000,14.13000000,240.77520000,1677632238625,True,True
46135982,17.04000000,3.88000000,66.11520000,1677632238625,True,True
46135983,17.04000000,92.38000000,1574.15520000,1677632238626,True,True
46135984,17.04000000,13.00000000,221.52000000,1677632238626,True,True
46135985,17.04000000,0.88000000,14.99520000,1677632245231,False,True
46135986,17.04000000,43.33000000,738.34320000,1677632262503,True,True
46135987,17.04000000,17.76000000,302.63040000,1677632262503,True,True
46135988,17.04000000,6.79000000,115.70160000,1677632262510,True,True
46135989,17.04000000,4.47000000,76.16880000,1677632262510,True,True
46135990,17.04000000,43.35000000,738.68400000,1677632267034,False,True
46135991,17.04000000,26.07000000,444.23280000,1677632267034,False,True
46135992,17.04000000,14.67000000,249.97680000,1677632267034,False,True
46135993,17.04000000,28.21000000,480.69840000,1677632267034,False,True
46135994,17.05000000,0.67000000,11.42350000,1677632282112,False,True
46135995,17.05000000,0.89000000,15.17450000,1677632282112,False,True
46135996,17.05000000,1.02000000,17.39100000,1677632290369,False,True
46135997,17.05000000,26.42000000,450.46100000,1677632291677,True,True
46135998,17.05000000,66.75000000,1138.08750000,1677632291677,True,True
46135999,17.04000000,0.64000000,10.90560000,1677632294239,True,True
46136000,17.04000000,17.55000000,299.05200000,1677632294239,True,True
46136001,17.04000000,18.19000000,309.95760000,1677632294699,True,True
46136002,17.04000000,1.10000000,18.74400000,1677632297091,True,True
46136003,17.04000000,26.42000000,450.19680000,1677632308102,False,True
46136004,17.04000000,7.76000000,132.23040000,1677632308102,False,True
46136005,17.04000000,53.10000000,904.82400000,1677632308102,False,True
46136006,17.04000000,11.74000000,200.04960000,1677632319315,True,True
46136007,17.05000000,13.27000000,226.25350000,1677632330423,True,True
46136008,17.05000000,0.14000000,2.38700000,1677632330423,True,True
46136009,17.05000000,13.01000000,221.82050000,1677632330439,True,True
46136010,17.05000000,14.12000000,240.74600000,1677632338876,False,True
46136011,17.05000000,1.00000000,17.05000000,1677632350004,False,True
46136012,17.05000000,2.93000000,49.95650000,1677632351456,False,True
46136013,17.05000000,8.38000000,142.87900000,1677632352601,False,True
46136014,17.05000000,0.41000000,6.99050000,1677632352601,False,True
46136015,17.05000000,2.93000000,49.95650000,1677632353693,False,True
46136016,17.04000000,1.00000000,17.04000000,1677632360621,True,True
46136017,17.04000000,14.86000000,253.21440000,1677632360621,True,True
46136018,17.04000000,15.89000000,270.76560000,1677632360696,True,True
46136019,17.05000000,15.88000000,270.75400000,1677632385234,False,True
46136020,17.06000000,3.00000000,51.18000000,1677632399158,False,True
46136021,17.06000000,1.01000000,17.23060000,1677632399158,False,True
46136022,17.06000000,2.93000000,49.98580000,1677632399158,False,True
46136023,17.06000000,1.01000000,17.23060000,1677632399158,False,True
46136024,17.06000000,1.01000000,17.23060000,1677632399158,False,True
46136025,17.06000000,3.30000000,56.29800000,1677632399158,False,True
46136026,17.06000000,5.26000000,89.73560000,1677632399190,True,True
46136027,17.07000000,3.00000000,51.21000000,1677632400483,False,True
46136028,17.07000000,0.59000000,10.07130000,1677632400483,False,True
46136029,17.07000000,0.60000000,10.24200000,1677632400483,False,True
46136030,17.07000000,0.71000000,12.11970000,1677632400483,False,True
46136031,17.07000000,1.64000000,27.99480000,1677632400483,False,True
46136032,17.07000000,2.06000000,35.16420000,1677632400483,False,True
46136033,17.07000000,13.23000000,225.83610000,1677632400483,False,True
46136034,17.06000000,43.90000000,748.93400000,1677632409509,False,True
46136035,17.06000000,14.65000000,249.92900000,1677632414547,False,True
46136036,17.06000000,5.27000000,89.90620000,1677632414547,False,True
46136037,17.06000000,4.24000000,72.33440000,1677632414589,True,True
46136038,17.06000000,9.53000000,162.58180000,1677632414623,True,True
46136039,17.06000000,7.39000000,126.07340000,1677632414741,True,True
46136040,17.06000000,2.14000000,36.50840000,1677632414741,True,True
46136041,17.05000000,3.13000000,53.36650000,1677632414869,True,True
46136042,17.07000000,5.27000000,89.95890000,1677632434272,False,True
46136043,17.07000000,0.60000000,10.24200000,1677632434272,False,True
46136044,17.06000000,36.95000000,630.36700000,1677632447793,True,True
46136045,17.05000000,33.01000000,562.82050000,1677632447801,True,True
46136046,17.05000000,15.05000000,256.60250000,1677632452100,True,True
46136047,17.05000000,9.07000000,154.64350000,1677632455781,True,True
46136048,17.05000000,11.63000000,198.29150000,1677632459823,True,True
46136049,17.05000000,3.30000000,56.26500000,1677632459823,True,True
46136050,17.05000000,27.09000000,461.88450000,1677632462018,False,True
46136051,17.06000000,18.02000000,307.42120000,1677632463449,False,True
46136052,17.06000000,13.11000000,223.65660000,1677632463449,False,True
46136053,17.06000000,113.89000000,1942.96340000,1677632464985,False,True
46136054,17.06000000,39.66000000,676.59960000,1677632465070,True,True
46136055,17.06000000,43.29000000,738.52740000,1677632465070,True,True
46136056,17.06000000,80.00000000,1364.80000000,1677632465070,True,True
46136057,17.06000000,4.05000000,69.09300000,1677632465070,True,True
46136058,17.06000000,25.69000000,438.27140000,1677632466139,False,True
46136059,17.07000000,1.01000000,17.24070000,1677632470772,False,True
46136060,17.07000000,1.01000000,17.24070000,1677632470772,False,True
46136061,17.07000000,3.30000000,56.33100000,1677632470772,False,True
46136062,17.07000000,2.92000000,49.84440000,1677632470772,False,True
46136063,17.07000000,9.68000000,165.23760000,1677632470772,False,True
46136064,17.07000000,20.22000000,345.15540000,1677632472666,False,True
46136065,17.08000000,1.32000000,22.54560000,1677632475930,False,True
46136066,17.08000000,3.00000000,51.24000000,1677632475930,False,True
46136067,17.08000000,19.08000000,325.88640000,1677632475930,False,True
46136068,17.08000000,3.28000000,56.02240000,1677632477236,False,True
46136069,17.08000000,65.57000000,1119.93560000,1677632483226,False,True
46136070,17.08000000,0.71000000,12.12680000,1677632483226,False,True
46136071,17.08000000,3.46000000,59.09680000,1677632483226,False,True
46136072,17.08000000,4.13000000,70.54040000,1677632483226,False,True
46136073,17.08000000,1.01000000,17.25080000,1677632483226,False,True
46136074,17.08000000,2.92000000,49.87360000,1677632483226,False,True
46136075,17.08000000,2.93000000,50.04440000,1677632483409,True,True
46136076,17.09000000,0.67000000,11.45030000,1677632495947,False,True
46136077,17.09000000,3.00000000,51.27000000,1677632495947,False,True
46136078,17.09000000,3.38000000,57.76420000,1677632495947,False,True
46136079,17.09000000,2.18000000,37.25620000,1677632495947,False,True
46136080,17.09000000,5.67000000,96.90030000,1677632495953,False,True
46136081,17.09000000,0.74000000,12.64660000,1677632495953,False,True
46136082,17.09000000,7.52000000,128.51680000,1677632495953,False,True
46136083,17.09000000,2.27000000,38.79430000,1677632495953,False,True
46136084,17.09000000,18.82000000,321.63380000,1677632536684,True,True
46136085,17.09000000,1.18000000,20.16620000,1677632536684,True,True
46136086,17.09000000,17.12000000,292.58080000,1677632541417,True,True
46136087,17.09000000,17.90000000,305.91100000,1677632541423,True,True
46136088,17.09000000,0.87000000,14.86830000,1677632543965,False,True
46136089,17.09000000,0.70000000,11.96300000,1677632592491,True,True
46136090,17.10000000,0.89000000,15.21900000,1677632611862,False,True
46136091,17.10000000,0.90000000,15.39000000,1677632611862,False,True
46136092,17.10000000,3.00000000,51.30000000,1677632611862,False,True
46136093,17.10000000,1.64000000,28.04400000,1677632611862,False,True
46136094,17.10000000,20.00000000,342.00000000,1677632611862,False,True
46136095,17.10000000,29.41000000,502.91100000,1677632611862,False,True
46136096,17.10000000,1.00000000,17.10000000,1677632611862,False,True
46136097,17.10000000,0.63000000,10.77300000,1677632611862,False,True
46136098,17.10000000,1.23000000,21.03300000,1677632611862,False,True
46136099,17.10000000,2.11000000,36.08100000,1677632611862,False,True
