48112521,16.85000000,0.65000000,10.95250000,1683072045867,True,True
48112522,16.85000000,2.13000000,35.89050000,1683072045942,False,True
48112523,16.84000000,0.65000000,10.94600000,1683072075638,True,True
48112524,16.84000000,3.30000000,55.57200000,1683072075638,True,True
48112525,16.84000000,3.92000000,66.01280000,1683072075638,True,True
48112526,16.84000000,17.23000000,290.15320000,1683072075638,True,True
48112527,16.84000000,16.31000000,274.66040000,1683072075639,True,True
48112528,16.84000000,2.00000000,33.68000000,1683072075639,True,True
48112529,16.84000000,12.15000000,204.60600000,1683072075639,True,True
48112530,16.84000000,11.00000000,185.24000000,1683072075640,True,True
48112531,16.84000000,3.92000000,66.01280000,1683072075640,True,True
48112532,16.84000000,0.33000000,5.55720000,1683072075640,True,True
48112533,16.84000000,3.59000000,60.45560000,1683072075674,True,True
48112534,16.84000000,27.56000000,464.11040000,1683072075682,True,True
48112535,16.84000000,3.92000000,66.01280000,1683072075682,True,True
48112536,16.84000000,3.92000000,66.01280000,1683072075682,True,True
48112537,16.84000000,3.92000000,66.01280000,1683072075682,True,True
48112538,16.84000000,3.92000000,66.01280000,1683072075682,True,True
48112539,16.84000000,3.92000000,66.01280000,1683072075682,True,True
48112540,16.84000000,3.92000000,66.01280000,1683072075682,True,True
48112541,16.84000000,3.82000000,64.32880000,1683072075682,True,True
48112542,16.83000000,20.00000000,336.60000000,1683072087987,True,True
48112543,16.83000000,50.00000000,841.50000000,1683072087987,True,True
48112544,16.83000000,0.65000000,10.93950000,1683072087987,True,True
48112545,16.83000000,1.07000000,18.00810000,1683072087987,True,True
48112546,16.83000000,0.40000000,6.73200000,1683072087987,True,True
48112547,16.83000000,68.46000000,1152.18180000,1683072087987,True,True
48112548,16.83000000,5.32000000,89.53560000,1683072087993,True,True
48112549,16.83000000,0.65000000,10.93950000,1683072087993,True,True
48112550,16.83000000,50.00000000,841.50000000,1683072087993,True,True
48112551,16.83000000,64.00000000,1077.12000000,1683072087993,True,True
48112552,16.83000000,11.35000000,191.02050000,1683072087994,True,True
48112553,16.83000000,24.65000000,414.85950000,1683072087997,True,True
48112554,16.83000000,3.56000000,59.91480000,1683072087997,True,True
48112555,16.83000000,2.00000000,33.66000000,1683072087997,True,True
48112556,16.83000000,3.30000000,55.53900000,1683072087997,True,True
48112557,16.83000000,3.92000000,65.97360000,1683072087997,True,True
48112558,16.83000000,3.92000000,65.97360000,1683072087997,True,True
48112559,16.83000000,3.92000000,65.97360000,1683072087997,True,True
48112560,16.83000000,3.92000000,65.97360000,1683072087997,True,True
48112561,16.83000000,3.92000000,65.97360000,1683072087997,True,True
48112562,16.83000000,1.86000000,31.30380000,1683072087997,True,True
48112563,16.83000000,2.06000000,34.66980000,1683072088025,True,True
48112564,16.83000000,3.92000000,65.97360000,1683072088025,True,True
48112565,16.83000000,3.92000000,65.97360000,1683072088025,True,True
48112566,16.83000000,3.92000000,65.97360000,1683072088025,True,True
48112567,16.83000000,3.84000000,64.62720000,1683072088025,True,True
48112568,16.83000000,1.50000000,25.24500000,1683072088113,False,True
48112569,16.83000000,67.31000000,1132.82730000,1683072088113,False,True
48112570,16.83000000,37.34000000,628.43220000,1683072088113,False,True
48112571,16.83000000,29.45000000,495.64350000,1683072088113,False,True
48112572,16.83000000,14.85000000,249.92550000,1683072088113,False,True
48112573,16.83000000,49.55000000,833.92650000,1683072088113,False,True
48112574,16.83000000,2.97000000,49.98510000,1683072088234,False,True
48112575,16.83000000,0.30000000,5.04900000,1683072102469,False,True
48112576,16.83000000,0.30000000,5.04900000,1683072107601,False,True
48112577,16.83000000,0.30000000,5.04900000,1683072108160,False,True
48112578,16.82000000,3.14000000,52.81480000,1683072124014,True,True
48112579,16.82000000,0.90000000,15.13800000,1683072124014,True,True
48112580,16.82000000,1.36000000,22.87520000,1683072124014,True,True
48112581,16.82000000,20.00000000,336.40000000,1683072124014,True,True
48112582,16.82000000,3.42000000,57.52440000,1683072124014,True,True
48112583,16.82000000,1.88000000,31.62160000,1683072124014,True,True
48112584,16.82000000,3.00000000,50.46000000,1683072124014,True,True
48112585,16.82000000,1.22000000,20.52040000,1683072124014,True,True
48112586,16.82000000,0.65000000,10.93300000,1683072124014,True,True
48112587,16.82000000,0.72000000,12.11040000,1683072124014,True,True
48112588,16.82000000,3.61000000,60.72020000,1683072124014,True,True
48112589,16.82000000,3.92000000,65.93440000,1683072124014,True,True
48112590,16.82000000,3.92000000,65.93440000,1683072124014,True,True
48112591,16.82000000,3.92000000,65.93440000,1683072124014,True,True
48112592,16.82000000,3.92000000,65.93440000,1683072124014,True,True
48112593,16.82000000,3.92000000,65.93440000,1683072124014,True,True
48112594,16.82000000,3.92000000,65.93440000,1683072124014,True,True
48112595,16.82000000,3.92000000,65.93440000,1683072124014,True,True
48112596,16.82000000,3.92000000,65.93440000,1683072124014,True,True
48112597,16.82000000,3.92000000,65.93440000,1683072124014,True,True
48112598,16.82000000,3.86000000,64.92520000,1683072124014,True,True
48112599,16.82000000,0.68000000,11.43760000,1683072124028,False,True
48112600,16.82000000,3.42000000,57.52440000,1683072124036,False,True
48112601,16.82000000,8.87000000,149.19340000,1683072124161,False,True
48112602,16.81000000,0.95000000,15.96950000,1683072156166,True,True
48112603,16.81000000,0.46000000,7.73260000,1683072156166,True,True
48112604,16.81000000,8.30000000,139.52300000,1683072156166,True,True
48112605,16.81000000,2.36000000,39.67160000,1683072156166,True,True
48112606,16.81000000,10.00000000,168.10000000,1683072156166,True,True
48112607,16.82000000,0.30000000,5.04600000,1683072162719,False,True
48112608,16.81000000,7.64000000,128.42840000,1683072165204,True,True
48112609,16.81000000,1.21000000,20.34010000,1683072165204,True,True
48112610,16.81000000,2.13000000,35.80530000,1683072165204,True,True
48112611,16.81000000,3.00000000,50.43000000,1683072165204,True,True
48112612,16.81000000,0.66000000,11.09460000,1683072165204,True,True
48112613,16.81000000,0.33000000,5.54730000,1683072165204,True,True
48112614,16.81000000,0.38000000,6.38780000,1683072165204,True,True
48112615,16.81000000,0.65000000,10.92650000,1683072165204,True,True
48112616,16.81000000,88.35000000,1485.16350000,1683072165204,True,True
48112617,16.81000000,3.56000000,59.84360000,1683072165204,True,True
48112618,16.81000000,3.30000000,55.47300000,1683072165204,True,True
48112619,16.81000000,3.92000000,65.89520000,1683072165204,True,True
48112620,16.81000000,3.92000000,65.89520000,1683072165205,True,True
48112621,16.81000000,3.92000000,65.89520000,1683072165205,True,True
48112622,16.81000000,3.92000000,65.89520000,1683072165205,True,True
48112623,16.81000000,3.92000000,65.89520000,1683072165205,True,True
48112624,16.81000000,3.92000000,65.89520000,1683072165205,True,True
48112625,16.81000000,3.92000000,65.89520000,1683072165205,True,True
48112626,16.81000000,3.92000000,65.89520000,1683072165205,True,True
48112627,16.81000000,3.92000000,65.89520000,1683072165205,True,True
48112628,16.81000000,3.88000000,65.22280000,1683072165205,True,True
48112629,16.81000000,37.34000000,627.68540000,1683072165222,False,True
48112630,16.81000000,43.98000000,739.30380000,1683072165222,False,True
48112631,16.81000000,37.37000000,628.18970000,1683072165222,False,True
48112632,16.81000000,37.34000000,627.68540000,1683072165222,False,True
48112633,16.81000000,31.63000000,531.70030000,1683072165222,False,True
48112634,16.81000000,5.71000000,95.98510000,1683072165540,False,True
48112635,16.81000000,33.54000000,563.80740000,1683072165540,False,True
48112636,16.81000000,0.75000000,12.60750000,1683072165540,False,True
48112637,16.81000000,1.00000000,16.81000000,1683072166934,False,True
48112638,16.81000000,16.83000000,282.91230000,1683072185580,False,True
48112639,16.81000000,33.56000000,564.14360000,1683072185580,False,True
48112640,16.81000000,1.51000000,25.38310000,1683072185580,False,True
48112641,16.81000000,1.50000000,25.21500000,1683072196839,True,True
48112642,16.81000000,1.50000000,25.21500000,1683072266217,False,True
48112643,16.81000000,98.84000000,1661.50040000,1683072266217,False,True
48112644,16.82000000,0.89000000,14.96980000,1683072332794,False,True
48112645,16.82000000,0.61000000,10.26020000,1683072371119,False,True
48112646,16.82000000,1.33000000,22.37060000,1683072371119,False,True
48112647,16.83000000,1.51000000,25.41330000,1683072453752,False,True
48112648,16.83000000,3.57000000,60.08310000,1683072453752,False,True
48112649,16.83000000,29.72000000,500.18760000,1683072453752,False,True
48112650,16.83000000,14.86000000,250.09380000,1683072453752,False,True
48112651,16.83000000,3.30000000,55.53900000,1683072453752,False,True
48112652,16.83000000,18.25000000,307.14750000,1683072453752,False,True
48112653,16.84000000,4.59000000,77.29560000,1683072477434,False,True
48112654,16.84000000,5.14000000,86.55760000,1683072482273,False,True
48112655,16.84000000,14.86000000,250.24240000,1683072482273,False,True
48112656,16.84000000,22.36000000,376.54240000,1683072482273,False,True
48112657,16.84000000,3.30000000,55.57200000,1683072482273,False,True
48112658,16.84000000,10.44000000,175.80960000,1683072482273,False,True
48112659,16.84000000,47.57000000,801.07880000,1683072482273,False,True
48112660,16.84000000,20.01000000,336.96840000,1683072496051,True,True
48112661,16.84000000,1.51000000,25.42840000,1683072496051,True,True
48112662,16.83000000,37.39000000,629.27370000,1683072500859,True,True
48112663,16.83000000,10.90000000,183.44700000,1683072500859,True,True
48112664,16.83000000,6.48000000,109.05840000,1683072535300,True,True
48112665,16.83000000,7.17000000,120.67110000,1683072545269,True,True
48112666,16.83000000,12.86000000,216.43380000,1683072561800,True,True
48112667,16.83000000,1.51000000,25.41330000,1683072561800,True,True
48112668,16.83000000,7.29000000,122.69070000,1683072561835,True,True
48112669,16.83000000,1.31000000,22.04730000,1683072572691,False,True
48112670,16.83000000,20.00000000,336.60000000,1683072575472,False,True
48112671,16.82000000,1.51000000,25.39820000,1683072597394,True,True
48112672,16.82000000,3.56000000,59.87920000,1683072597394,True,True
48112673,16.82000000,3.30000000,55.50600000,1683072597394,True,True
48112674,16.82000000,43.66000000,734.36120000,1683072597394,True,True
48112675,16.82000000,6.41000000,107.81620000,1683072618273,False,True
48112676,16.81000000,1.50000000,25.21500000,1683072653033,True,True
48112677,16.81000000,3.30000000,55.47300000,1683072653033,True,True
48112678,16.80000000,0.32000000,5.37600000,1683072653289,True,True
48112679,16.80000000,0.32000000,5.37600000,1683072653289,True,True
48112680,16.80000000,3.00000000,50.40000000,1683072653289,True,True
48112681,16.80000000,1.60000000,26.88000000,1683072653289,True,True
48112682,16.80000000,29.57000000,496.77600000,1683072653289,True,True
48112683,16.80000000,0.19000000,3.19200000,1683072656061,True,True
48112684,16.80000000,1.05000000,17.64000000,1683072656061,True,True
48112685,16.80000000,11.88000000,199.58400000,1683072656061,True,True
48112686,16.80000000,0.34000000,5.71200000,1683072656065,True,True
48112687,16.80000000,206.32000000,3466.17600000,1683072656082,True,True
48112688,16.80000000,0.65000000,10.92000000,1683072656082,True,True
48112689,16.80000000,21.34000000,358.51200000,1683072656082,True,True
48112690,16.80000000,1.19000000,19.99200000,1683072656082,True,True
48112691,16.80000000,1.20000000,20.16000000,1683072656082,True,True
48112692,16.80000000,56.52000000,949.53600000,1683072656082,True,True
48112693,16.80000000,43.48000000,730.46400000,1683072656082,True,True
48112694,16.80000000,50.00000000,840.00000000,1683072656082,True,True
48112695,16.80000000,50.00000000,840.00000000,1683072656082,True,True
48112696,16.80000000,2.00000000,33.60000000,1683072656082,True,True
48112697,16.80000000,20.00000000,336.00000000,1683072656082,True,True
48112698,16.80000000,3.56000000,59.80800000,1683072656082,True,True
48112699,16.80000000,3.30000000,55.44000000,1683072656082,True,True
48112700,16.79000000,11.97000000,200.97630000,1683072661172,True,True
48112701,16.79000000,2.99000000,50.20210000,1683072661172,True,True
48112702,16.79000000,5.04000000,84.62160000,1683072661174,True,True
48112703,16.79000000,0.60000000,10.07400000,1683072661174,True,True
48112704,16.79000000,3.00000000,50.37000000,1683072661174,True,True
48112705,16.79000000,0.81000000,13.59990000,1683072661174,True,True
48112706,16.79000000,0.65000000,10.91350000,1683072661174,True,True
48112707,16.79000000,50.00000000,839.50000000,1683072661174,True,True
48112708,16.79000000,3.57000000,59.94030000,1683072661174,True,True
48112709,16.79000000,4.46000000,74.88340000,1683072661174,True,True
48112710,16.79000000,41.70000000,700.14300000,1683072661174,True,True
48112711,16.79000000,1.51000000,25.35290000,1683072661187,False,True
48112712,16.79000000,3.56000000,59.77240000,1683072661187,False,True
48112713,16.79000000,22.40000000,376.09600000,1683072661203,False,True
48112714,16.79000000,1.51000000,25.35290000,1683072661203,False,True
48112715,16.80000000,11.91000000,200.08800000,1683072661203,False,True
48112716,16.79000000,11.94000000,200.47260000,1683072661208,True,True
48112717,16.79000000,1.51000000,25.35290000,1683072661246,True,True
48112718,16.78000000,0.01000000,0.16780000,1683072661246,True,True
48112719,16.78000000,3.14000000,52.68920000,1683072661246,True,True
48112720,16.78000000,20.00000000,335.60000000,1683072661246,True,True
48112721,16.78000000,0.32000000,5.36960000,1683072661246,True,True
48112722,16.78000000,1.06000000,17.78680000,1683072661246,True,True
48112723,16.78000000,3.00000000,50.34000000,1683072661246,True,True
48112724,16.78000000,0.65000000,10.90700000,1683072661246,True,True
48112725,16.78000000,2.39000000,40.10420000,1683072661246,True,True
48112726,16.78000000,0.72000000,12.08160000,1683072661246,True,True
48112727,16.78000000,3.93000000,65.94540000,1683072661246,True,True
48112728,16.78000000,12.84000000,215.45520000,1683072661246,True,True
48112729,16.78000000,3.93000000,65.94540000,1683072663681,True,True
48112730,16.78000000,1.50000000,25.17000000,1683072663681,True,True
48112731,16.78000000,34.08000000,571.86240000,1683072663681,True,True
48112732,16.78000000,3.93000000,65.94540000,1683072663681,True,True
48112733,16.78000000,3.93000000,65.94540000,1683072663681,True,True
48112734,16.78000000,3.93000000,65.94540000,1683072663681,True,True
48112735,16.78000000,3.93000000,65.94540000,1683072663681,True,True
48112736,16.78000000,3.93000000,65.94540000,1683072663681,True,True
48112737,16.78000000,3.93000000,65.94540000,1683072663681,True,True
48112738,16.78000000,3.93000000,65.94540000,1683072663681,True,True
48112739,16.78000000,3.87000000,64.93860000,1683072663681,True,True
48112740,16.78000000,1.51000000,25.33780000,1683072663708,False,True
48112741,16.78000000,37.92000000,636.29760000,1683072663708,False,True
48112742,16.78000000,41.28000000,692.67840000,1683072663831,False,True
48112743,16.78000000,1.51000000,25.33780000,1683072663831,False,True
48112744,16.79000000,1.50000000,25.18500000,1683072663831,False,True
48112745,16.79000000,3.83000000,64.30570000,1683072663831,False,True
48112746,16.79000000,29.77000000,499.83830000,1683072663831,False,True
48112747,16.79000000,14.88000000,249.83520000,1683072663831,False,True
48112748,16.79000000,1.71000000,28.71090000,1683072663831,False,True
48112749,16.79000000,1.71000000,28.71090000,1683072663831,False,True
48112750,16.79000000,1.71000000,28.71090000,1683072663831,False,True
48112751,16.79000000,1.71000000,28.71090000,1683072663831,False,True
48112752,16.79000000,99.07000000,1663.38530000,1683072663831,False,True
48112753,16.79000000,1.32000000,22.16280000,1683072663831,False,True
48112754,16.78000000,1.50000000,25.17000000,1683072666547,True,True
48112755,16.78000000,0.52000000,8.72560000,1683072667119,False,True
48112756,16.77000000,8.30000000,139.19100000,1683072668712,True,True
48112757,16.77000000,24.09000000,403.98930000,1683072668712,True,True
48112758,16.77000000,20.00000000,335.40000000,1683072668712,True,True
48112759,16.77000000,3.43000000,57.52110000,1683072668712,True,True
48112760,16.77000000,0.98000000,16.43460000,1683072668712,True,True
48112761,16.77000000,3.00000000,50.31000000,1683072668712,True,True
48112762,16.77000000,50.00000000,838.50000000,1683072668712,True,True
48112763,16.77000000,1.32000000,22.13640000,1683072668712,True,True
48112764,16.77000000,0.65000000,10.90050000,1683072668712,True,True
48112765,16.77000000,1.01000000,16.93770000,1683072668712,True,True
48112766,16.77000000,3.57000000,59.86890000,1683072668712,True,True
48112767,16.77000000,6.02000000,100.95540000,1683072668712,True,True
48112768,16.77000000,23.52000000,394.43040000,1683072668712,True,True
48112769,16.78000000,0.98000000,16.44440000,1683072699460,False,True
48112770,16.78000000,14.89000000,249.85420000,1683072699460,False,True
48112771,16.78000000,22.13000000,371.34140000,1683072699460,False,True
48112772,16.78000000,7.66000000,128.53480000,1683072699464,False,True
48112773,16.78000000,4.57000000,76.68460000,1683072699464,False,True
48112774,16.78000000,5.96000000,100.00880000,1683072701714,True,True
48112775,16.78000000,8.88000000,149.00640000,1683072701904,True,True
48112776,16.78000000,1.27000000,21.31060000,1683072701950,True,True
48112777,16.78000000,1.51000000,25.33780000,1683072704537,True,True
48112778,16.78000000,1.50000000,25.17000000,1683072712972,False,True
48112779,16.78000000,0.82000000,13.75960000,1683072712972,False,True
48112780,16.78000000,14.89000000,249.85420000,1683072716966,False,True
48112781,16.78000000,29.79000000,499.87620000,1683072716966,False,True
48112782,16.78000000,1.51000000,25.33780000,1683072720639,True,True
48112783,16.77000000,37.67000000,631.72590000,1683072758229,True,True
48112784,16.77000000,38.81000000,650.84370000,1683072758337,True,True
48112785,16.77000000,2.00000000,33.54000000,1683072758337,True,True
48112786,16.77000000,11.78000000,197.55060000,1683072758337,True,True
48112787,16.77000000,47.79000000,801.43830000,1683072758439,True,True
48112788,16.77000000,30.22000000,506.78940000,1683072758574,True,True
48112789,16.77000000,10.21000000,171.22170000,1683072758848,True,True
48112790,16.77000000,2.00000000,33.54000000,1683072758848,True,True
48112791,16.77000000,1.51000000,25.32270000,1683072758848,True,True
48112792,16.76000000,0.87000000,14.58120000,1683072758848,True,True
48112793,16.76000000,0.55000000,9.21800000,1683072758848,True,True
48112794,16.76000000,1.36000000,22.79360000,1683072758848,True,True
48112795,16.76000000,0.90000000,15.08400000,1683072758848,True,True
48112796,16.76000000,20.00000000,335.20000000,1683072758848,True,True
48112797,16.76000000,0.71000000,11.89960000,1683072758848,True,True
48112798,16.76000000,1.89000000,31.67640000,1683072758848,True,True
48112799,16.76000000,1.11000000,18.60360000,1683072760183,True,True
48112800,16.76000000,0.37000000,6.20120000,1683072760183,True,True
48112801,16.76000000,0.60000000,10.05600000,1683072760183,True,True
48112802,16.76000000,1.78000000,29.83280000,1683072760183,True,True
48112803,16.76000000,1.60000000,26.81600000,1683072760221,True,True
48112804,16.76000000,2.59000000,43.40840000,1683072760611,True,True
48112805,16.76000000,0.65000000,10.89400000,1683072760611,True,True
48112806,16.76000000,3.57000000,59.83320000,1683072760611,True,True
48112807,16.76000000,3.30000000,55.30800000,1683072760611,True,True
48112808,16.76000000,2.00000000,33.52000000,1683072760611,True,True
48112809,16.76000000,1.50000000,25.14000000,1683072760611,True,True
48112810,16.76000000,1.51000000,25.30760000,1683072760633,False,True
48112811,16.76000000,45.27000000,758.72520000,1683072760633,False,True
48112812,16.76000000,16.00000000,268.16000000,1683072760633,False,True
48112813,16.76000000,18.33000000,307.21080000,1683072760633,False,True
48112814,16.77000000,1.51000000,25.32270000,1683072760633,False,True
48112815,16.77000000,20.52000000,344.12040000,1683072760633,False,True
48112816,16.78000000,1.50000000,25.17000000,1683072760633,False,True
48112817,16.78000000,14.89000000,249.85420000,1683072760633,False,True
48112818,16.78000000,6.03000000,101.18340000,1683072760633,False,True
48112819,16.77000000,1.50000000,25.15500000,1683072760638,True,True
48112820,16.77000000,1.50000000,25.15500000,1683072760642,True,True
48112821,16.76000000,0.59000000,9.88840000,1683072760829,False,True
48112822,16.76000000,0.59000000,9.88840000,1683072760908,False,True
48112823,16.76000000,0.59000000,9.88840000,1683072760968,False,True
48112824,16.76000000,1.28000000,21.45280000,1683072760993,False,True
48112825,16.76000000,0.59000000,9.88840000,1683072761326,False,True
48112826,16.76000000,15.77000000,264.30520000,1683072761329,False,True
48112827,16.76000000,1.51000000,25.30760000,1683072761329,False,True
48112828,16.76000000,11.62000000,194.75120000,1683072761329,False,True
48112829,16.76000000,0.59000000,9.88840000,1683072761625,False,True
48112830,16.76000000,0.91000000,15.25160000,1683072761688,False,True
48112831,16.77000000,1.51000000,25.32270000,1683072767201,False,True
48112832,16.77000000,11.41000000,191.34570000,1683072767201,False,True
48112833,16.77000000,0.51000000,8.55270000,1683072767275,False,True
48112834,16.77000000,11.94000000,200.23380000,1683072767275,False,True
48112835,16.77000000,1.51000000,25.32270000,1683072768124,True,True
48112836,16.77000000,51.90000000,870.36300000,1683072768124,True,True
48112837,16.77000000,48.10000000,806.63700000,1683072768157,True,True
48112838,16.77000000,1.51000000,25.32270000,1683072768202,True,True
48112839,16.76000000,1.51000000,25.30760000,1683072777848,True,True
48112840,16.76000000,3.86000000,64.69360000,1683072777848,True,True
48112841,16.77000000,1.50000000,25.15500000,1683072782877,False,True
48112842,16.77000000,5.52000000,92.57040000,1683072819413,True,True
48112843,16.77000000,1.51000000,25.32270000,1683072819448,True,True
48112844,16.77000000,1.50000000,25.15500000,1683072867912,False,True
48112845,16.78000000,3.58000000,60.07240000,1683072910931,False,True
48112846,16.78000000,88.35000000,1482.51300000,1683072910931,False,True
48112847,16.78000000,1.50000000,25.17000000,1683072927124,True,True
48112848,16.78000000,0.01000000,0.16780000,1683072927158,True,True
48112849,16.77000000,33.87000000,567.99990000,1683072928181,True,True
48112850,16.77000000,1.50000000,25.15500000,1683072928181,True,True
48112851,16.77000000,60.97000000,1022.46690000,1683072928181,True,True
48112852,16.78000000,1.51000000,25.33780000,1683072942253,False,True
48112853,16.79000000,3.57000000,59.94030000,1683072952396,False,True
48112854,16.79000000,3.30000000,55.40700000,1683072952396,False,True
48112855,16.79000000,14.89000000,250.00310000,1683072952396,False,True
48112856,16.79000000,44.66000000,749.84140000,1683072952396,False,True
48112857,16.79000000,2.99000000,50.20210000,1683072952405,True,True
48112858,16.80000000,20.00000000,336.00000000,1683072960702,False,True
48112859,16.80000000,11.90000000,199.92000000,1683072960702,False,True
48112860,16.80000000,3.57000000,59.97600000,1683072960702,False,True
48112861,16.80000000,3.30000000,55.44000000,1683072960702,False,True
48112862,16.80000000,1.51000000,25.36800000,1683072960702,False,True
48112863,16.80000000,8.87000000,149.01600000,1683072962008,True,True
48112864,16.80000000,1.51000000,25.36800000,1683072968954,True,True
48112865,16.80000000,5.28000000,88.70400000,1683072968954,True,True
48112866,16.80000000,6.79000000,114.07200000,1683072968974,True,True
48112867,16.80000000,6.68000000,112.22400000,1683072968993,True,True
48112868,16.80000000,0.11000000,1.84800000,1683072968993,True,True
48112869,16.80000000,6.79000000,114.07200000,1683072969008,True,True
48112870,16.80000000,6.79000000,114.07200000,1683072969030,True,True
48112871,16.80000000,6.79000000,114.07200000,1683072969041,True,True
48112872,16.80000000,1.50000000,25.20000000,1683072980618,True,True
48112873,16.80000000,19.09000000,320.71200000,1683072980618,True,True
48112874,16.80000000,4.16000000,69.88800000,1683072980618,True,True
48112875,16.80000000,19.79000000,332.47200000,1683072981997,True,True
48112876,16.78000000,1.50000000,25.17000000,1683072996182,True,True
48112877,16.78000000,3.57000000,59.90460000,1683072996182,True,True
48112878,16.78000000,3.30000000,55.37400000,1683072996182,True,True
48112879,16.78000000,42.30000000,709.79400000,1683072996182,True,True
48112880,16.77000000,19.35000000,324.49950000,1683072996182,True,True
48112881,16.78000000,1.51000000,25.33780000,1683073005991,False,True
48112882,16.79000000,1.51000000,25.35290000,1683073007161,False,True
48112883,16.79000000,13.33000000,223.81070000,1683073007161,False,True
48112884,16.79000000,1.51000000,25.35290000,1683073046885,False,True
48112885,16.79000000,9.68000000,162.52720000,1683073046885,False,True
48112886,16.79000000,5.20000000,87.30800000,1683073046885,False,True
48112887,16.79000000,4.30000000,72.19700000,1683073046885,False,True
48112888,16.79000000,14.27000000,239.59330000,1683073046885,False,True
48112889,16.79000000,0.67000000,11.24930000,1683073046910,False,True
48112890,16.79000000,32.95000000,553.23050000,1683073092968,True,True
48112891,16.79000000,0.88000000,14.77520000,1683073093068,True,True
48112892,16.79000000,1.50000000,25.18500000,1683073093068,True,True
48112893,16.79000000,27.23000000,457.19170000,1683073093068,True,True
48112894,16.79000000,10.81000000,181.49990000,1683073093068,True,True
48112895,16.79000000,43.38000000,728.35020000,1683073093167,True,True
48112896,16.79000000,33.65000000,564.98350000,1683073093268,True,True
48112897,16.79000000,1.50000000,25.18500000,1683073093268,True,True
48112898,16.77000000,80.65000000,1352.50050000,1683073123640,True,True
48112899,16.77000000,0.30000000,5.03100000,1683073123640,True,True
48112900,16.77000000,3.57000000,59.86890000,1683073123640,True,True
48112901,16.77000000,53.05000000,889.64850000,1683073123640,True,True
48112902,16.77000000,0.67000000,11.23590000,1683073123643,True,True
48112903,16.77000000,46.28000000,776.11560000,1683073123669,True,True
48112904,16.77000000,3.30000000,55.34100000,1683073123669,True,True
48112905,16.76000000,0.67000000,11.22920000,1683073123669,True,True
48112906,16.77000000,1.51000000,25.32270000,1683073213114,False,True
48112907,16.77000000,22.40000000,375.64800000,1683073248899,True,True
48112908,16.77000000,0.67000000,11.23590000,1683073272219,True,True
48112909,16.77000000,0.83000000,13.91910000,1683073283218,True,True
48112910,16.77000000,1.17000000,19.62090000,1683073283218,True,True
48112911,16.77000000,2.00000000,33.54000000,1683073283218,True,True
48112912,16.77000000,2.00000000,33.54000000,1683073283218,True,True
48112913,16.77000000,12.14000000,203.58780000,1683073283218,True,True
48112914,16.77000000,2.00000000,33.54000000,1683073283219,True,True
48112915,16.77000000,14.86000000,249.20220000,1683073283223,True,True
48112916,16.77000000,45.69000000,766.22130000,1683073283235,True,True
48112917,16.77000000,20.14000000,337.74780000,1683073283251,True,True
48112918,16.76000000,1.50000000,25.14000000,1683073283251,True,True
48112919,16.76000000,20.00000000,335.20000000,1683073283251,True,True
48112920,16.76000000,3.57000000,59.83320000,1683073283251,True,True
48112921,16.76000000,15.21000000,254.91960000,1683073283251,True,True
48112922,16.76000000,5.41000000,90.67160000,1683073283251,True,True
48112923,16.76000000,1.51000000,25.30760000,1683073348985,False,True
48112924,16.76000000,19.04000000,319.11040000,1683073348985,False,True
48112925,16.77000000,24.17000000,405.33090000,1683073348985,False,True
48112926,16.77000000,1.51000000,25.32270000,1683073383474,False,True
48112927,16.77000000,55.38000000,928.72260000,1683073394217,True,True
48112928,16.77000000,23.15000000,388.22550000,1683073394219,True,True
48112929,16.77000000,21.47000000,360.05190000,1683073394222,True,True
48112930,16.77000000,1.50000000,25.15500000,1683073394222,True,True
48112931,16.76000000,22.97000000,384.97720000,1683073394380,True,True
48112932,16.77000000,1.51000000,25.32270000,1683073520493,False,True
48112933,16.77000000,29.81000000,499.91370000,1683073520493,False,True
48112934,16.77000000,14.90000000,249.87300000,1683073520493,False,True
48112935,16.77000000,12.15000000,203.75550000,1683073520506,True,True
48112936,16.78000000,0.30000000,5.03400000,1683073662568,False,True
48112937,16.78000000,0.30000000,5.03400000,1683073662975,False,True
48112938,16.78000000,0.91000000,15.26980000,1683073679555,False,True
48112939,16.78000000,3.30000000,55.37400000,1683073679555,False,True
48112940,16.78000000,1.50000000,25.17000000,1683073679555,False,True
48112941,16.79000000,1.51000000,25.35290000,1683073687511,False,True
48112942,16.79000000,3.57000000,59.94030000,1683073687511,False,True
48112943,16.80000000,1.51000000,25.36800000,1683073687940,False,True
48112944,16.80000000,8.31000000,139.60800000,1683073687940,False,True
48112945,16.79000000,34.20000000,574.21800000,1683073736270,True,True
48112946,16.79000000,1.51000000,25.35290000,1683073736270,True,True
48112947,16.79000000,2.90000000,48.69100000,1683073736270,True,True
48112948,16.79000000,15.27000000,256.38330000,1683073737101,True,True
48112949,16.79000000,39.31000000,660.01490000,1683073737101,True,True
48112950,16.79000000,43.32000000,727.34280000,1683073737101,True,True
48112951,16.79000000,7.37000000,123.74230000,1683073793417,True,True
48112952,16.79000000,6.00000000,100.74000000,1683073799290,True,True
48112953,16.80000000,11.69000000,196.39200000,1683073823704,False,True
48112954,16.80000000,18.17000000,305.25600000,1683073823704,False,True
48112955,16.80000000,3.57000000,59.97600000,1683073823704,False,True
48112956,16.80000000,3.30000000,55.44000000,1683073823704,False,True
48112957,16.80000000,14.87000000,249.81600000,1683073823704,False,True
48112958,16.80000000,29.75000000,499.80000000,1683073823704,False,True
48112959,16.80000000,4.99000000,83.83200000,1683073823715,True,True
48112960,16.80000000,1.51000000,25.36800000,1683073832485,True,True
48112961,16.79000000,19.60000000,329.08400000,1683073849622,True,True
48112962,16.79000000,14.69000000,246.64510000,1683073849622,True,True
48112963,16.79000000,13.64000000,229.01560000,1683073849623,True,True
48112964,16.79000000,21.00000000,352.59000000,1683073849629,True,True
48112965,16.79000000,10.86000000,182.33940000,1683073849632,True,True
48112966,16.79000000,23.90000000,401.28100000,1683073849633,True,True
48112967,16.79000000,10.54000000,176.96660000,1683073849634,True,True
48112968,16.79000000,7.69000000,129.11510000,1683073849635,True,True
48112969,16.79000000,10.44000000,175.28760000,1683073849638,True,True
48112970,16.79000000,1.51000000,25.35290000,1683073849641,True,True
48112971,16.79000000,12.12000000,203.49480000,1683073849656,True,True
48112972,16.79000000,25.22000000,423.44380000,1683073849656,True,True
48112973,16.79000000,11.99000000,201.31210000,1683073849656,True,True
48112974,16.79000000,19.28000000,323.71120000,1683073849656,True,True
48112975,16.79000000,26.80000000,449.97200000,1683073849656,True,True
48112976,16.79000000,28.48000000,478.17920000,1683073849662,True,True
48112977,16.79000000,12.30000000,206.51700000,1683073849665,True,True
48112978,16.79000000,43.28000000,726.67120000,1683073849774,True,True
48112979,16.79000000,3.30000000,55.40700000,1683073849774,True,True
48112980,16.79000000,1.51000000,25.35290000,1683073849774,True,True
48112981,16.78000000,34.20000000,573.87600000,1683073849774,True,True
48112982,16.78000000,1.51000000,25.33780000,1683073849774,True,True
48112983,16.78000000,3.56000000,59.73680000,1683073849774,True,True
48112984,16.78000000,0.35000000,5.87300000,1683073851747,True,True
48112985,16.78000000,3.57000000,59.90460000,1683073851747,True,True
48112986,16.78000000,9.11000000,152.86580000,1683073851747,True,True
48112987,16.78000000,13.03000000,218.64340000,1683073851797,True,True
48112988,16.78000000,1.50000000,25.17000000,1683073852423,True,True
48112989,16.78000000,1.51000000,25.33780000,1683073914041,False,True
48112990,16.78000000,16.79000000,281.73620000,1683073939209,True,True
48112991,16.78000000,36.33000000,609.61740000,1683073939209,True,True
48112992,16.78000000,59.20000000,993.37600000,1683073939209,True,True
48112993,16.78000000,1.50000000,25.17000000,1683073976367,True,True
48112994,16.78000000,1.51000000,25.33780000,1683074053426,False,True
48112995,16.78000000,31.09000000,521.69020000,1683074084387,True,True
48112996,16.78000000,2.71000000,45.47380000,1683074129168,True,True
48112997,16.79000000,8.46000000,142.04340000,1683074214592,False,True
48112998,16.79000000,22.51000000,377.94290000,1683074214592,False,True
48112999,16.79000000,5.36000000,89.99440000,1683074214592,False,True
48113000,16.79000000,71.26000000,1196.45540000,1683074214592,False,True
48113001,16.79000000,1.51000000,25.35290000,1683074214629,False,True
48113002,16.79000000,36.34000000,610.14860000,1683074220417,True,True
48113003,16.79000000,1.71000000,28.71090000,1683074220417,True,True
48113004,16.79000000,1.71000000,28.71090000,1683074220417,True,True
48113005,16.79000000,1.71000000,28.71090000,1683074220417,True,True
48113006,16.79000000,1.71000000,28.71090000,1683074220417,True,True
48113007,16.79000000,4.01000000,67.32790000,1683074220417,True,True
48113008,16.79000000,1.51000000,25.35290000,1683074220488,True,True
48113009,16.79000000,1.51000000,25.35290000,1683074220494,True,True
48113010,16.79000000,6.06000000,101.74740000,1683074220688,True,True
48113011,16.79000000,1.51000000,25.35290000,1683074220688,True,True
48113012,16.78000000,1.31000000,21.98180000,1683074220688,True,True
48113013,16.78000000,0.19000000,3.18820000,1683074227735,True,True
48113014,16.78000000,1.32000000,22.14960000,1683074227735,True,True
48113015,16.78000000,13.30000000,223.17400000,1683074227735,True,True
48113016,16.78000000,13.12000000,220.15360000,1683074227735,True,True
48113017,16.78000000,37.59000000,630.76020000,1683074227735,True,True
48113018,16.78000000,6.20000000,104.03600000,1683074227735,True,True
48113019,16.78000000,1.52000000,25.50560000,1683074227735,True,True
48113020,16.78000000,9.61000000,161.25580000,1683074227735,True,True
48113021,16.78000000,7.83000000,131.38740000,1683074281654,True,True
48113022,16.77000000,56.17000000,941.97090000,1683074284260,True,True
48113023,16.77000000,43.83000000,735.02910000,1683074284268,True,True
48113024,16.77000000,3.57000000,59.86890000,1683074284268,True,True
48113025,16.77000000,3.30000000,55.34100000,1683074284268,True,True
48113026,16.76000000,410.06000000,6872.60560000,1683074285893,True,True
48113027,16.76000000,212.61000000,3563.34360000,1683074285970,True,True
48113028,16.76000000,71.93000000,1205.54680000,1683074285972,True,True
48113029,16.76000000,26.61000000,445.98360000,1683074286099,True,True
48113030,16.76000000,23.05000000,386.31800000,1683074286326,True,True
48113031,16.76000000,158.56000000,2657.46560000,1683074286453,True,True
48113032,16.76000000,35.74000000,599.00240000,1683074286549,True,True
48113033,16.76000000,13.17000000,220.72920000,1683074286880,True,True
48113034,16.76000000,87.72000000,1470.18720000,1683074287961,True,True
48113035,16.76000000,303.27000000,5082.80520000,1683074288754,True,True
48113036,16.76000000,3.93000000,65.86680000,1683074288754,True,True
48113037,16.76000000,3.57000000,59.83320000,1683074288754,True,True
48113038,16.76000000,3.30000000,55.30800000,1683074288754,True,True
48113039,16.76000000,3.93000000,65.86680000,1683074288758,True,True
48113040,16.76000000,3.93000000,65.86680000,1683074288792,True,True
48113041,16.76000000,3.93000000,65.86680000,1683074288825,True,True
48113042,16.76000000,3.93000000,65.86680000,1683074288855,True,True
48113043,16.76000000,3.93000000,65.86680000,1683074288894,True,True
48113044,16.76000000,3.93000000,65.86680000,1683074289046,True,True
48113045,16.76000000,3.93000000,65.86680000,1683074289074,True,True
48113046,16.76000000,3.93000000,65.86680000,1683074289105,True,True
48113047,16.76000000,3.88000000,65.02880000,1683074289137,True,True
48113048,16.75000000,0.32000000,5.36000000,1683074290129,True,True
48113049,16.75000000,20.00000000,335.00000000,1683074290129,True,True
48113050,16.75000000,1.22000000,20.43500000,1683074290129,True,True
48113051,16.75000000,0.70000000,11.72500000,1683074290129,True,True
48113052,16.75000000,1.96000000,32.83000000,1683074290129,True,True
48113053,16.75000000,1.08000000,18.09000000,1683074290129,True,True
48113054,16.75000000,0.88000000,14.74000000,1683074290129,True,True
48113055,16.75000000,1.20000000,20.10000000,1683074290129,True,True
48113056,16.75000000,0.42000000,7.03500000,1683074290129,True,True
48113057,16.75000000,1.20000000,20.10000000,1683074290129,True,True
48113058,16.75000000,0.66000000,11.05500000,1683074290129,True,True
48113059,16.75000000,0.65000000,10.88750000,1683074290129,True,True
48113060,16.75000000,0.33000000,5.52750000,1683074290129,True,True
48113061,16.75000000,3.58000000,59.96500000,1683074290129,True,True
48113062,16.75000000,4.46000000,74.70500000,1683074290129,True,True
48113063,16.75000000,1.79000000,29.98250000,1683074290129,True,True
48113064,16.74000000,3.14000000,52.56360000,1683074290148,True,True
48113065,16.74000000,20.00000000,334.80000000,1683074290148,True,True
48113066,16.74000000,8.30000000,138.94200000,1683074290148,True,True
48113067,16.74000000,1.07000000,17.91180000,1683074290148,True,True
48113068,16.74000000,29.02000000,485.79480000,1683074290148,True,True
48113069,16.74000000,1.88000000,31.47120000,1683074290148,True,True
48113070,16.74000000,3.00000000,50.22000000,1683074290148,True,True
48113071,16.74000000,0.65000000,10.88100000,1683074290148,True,True
48113072,16.74000000,0.72000000,12.05280000,1683074290148,True,True
48113073,16.74000000,14.03000000,234.86220000,1683074290148,True,True
48113074,16.75000000,0.37000000,6.19750000,1683074290157,False,True
48113075,16.75000000,1.02000000,17.08500000,1683074291144,False,True
48113076,16.75000000,1.17000000,19.59750000,1683074291316,False,True
48113077,16.74000000,35.97000000,602.13780000,1683074295521,True,True
48113078,16.74000000,0.35000000,5.85900000,1683074295521,True,True
48113079,16.73000000,0.32000000,5.35360000,1683074295539,True,True
48113080,16.73000000,20.00000000,334.60000000,1683074295539,True,True
48113081,16.73000000,3.00000000,50.19000000,1683074295539,True,True
48113082,16.73000000,1.23000000,20.57790000,1683074295539,True,True
48113083,16.73000000,0.60000000,10.03800000,1683074295539,True,True
48113084,16.73000000,0.65000000,10.87450000,1683074295539,True,True
48113085,16.73000000,2.99000000,50.02270000,1683074295539,True,True
48113086,16.73000000,2.00000000,33.46000000,1683074295539,True,True
48113087,16.73000000,1.12000000,18.73760000,1683074295539,True,True
48113088,16.73000000,3.58000000,59.89340000,1683074295539,True,True
48113089,16.73000000,0.83000000,13.88590000,1683074295539,True,True
48113090,16.74000000,99.25000000,1661.44500000,1683074295546,False,True
48113091,16.74000000,1.51000000,25.27740000,1683074298655,False,True
48113092,16.74000000,18.61000000,311.53140000,1683074298655,False,True
48113093,16.74000000,9.61000000,160.87140000,1683074298655,False,True
48113094,16.74000000,110.00000000,1841.40000000,1683074298655,False,True
48113095,16.74000000,50.24000000,841.01760000,1683074298655,False,True
48113096,16.74000000,13.96000000,233.69040000,1683074298657,False,True
48113097,16.74000000,15.83000000,264.99420000,1683074298658,False,True
48113098,16.74000000,18.73000000,313.54020000,1683074298658,False,True
48113099,16.74000000,1.50000000,25.11000000,1683074301228,True,True
48113100,16.74000000,2.00000000,33.48000000,1683074301228,True,True
48113101,16.73000000,30.62000000,512.27260000,1683074302039,True,True
48113102,16.73000000,48.00000000,803.04000000,1683074302146,True,True
48113103,16.73000000,21.38000000,357.68740000,1683074302386,True,True
48113104,16.73000000,60.00000000,1003.80000000,1683074302403,False,True
48113105,16.73000000,1.51000000,25.26230000,1683074302403,False,True
48113106,16.73000000,44.42000000,743.14660000,1683074302403,False,True
48113107,16.73000000,37.66000000,630.05180000,1683074302403,False,True
48113108,16.73000000,1.71000000,28.60830000,1683074302406,False,True
48113109,16.73000000,18.90000000,316.19700000,1683074302406,False,True
48113110,16.73000000,1.71000000,28.60830000,1683074302406,False,True
48113111,16.73000000,1.71000000,28.60830000,1683074302406,False,True
48113112,16.73000000,1.71000000,28.60830000,1683074302406,False,True
48113113,16.74000000,1.51000000,25.27740000,1683074302406,False,True
48113114,16.74000000,99.25000000,1661.44500000,1683074302406,False,True
48113115,16.74000000,29.86000000,499.85640000,1683074302406,False,True
48113116,16.74000000,12.97000000,217.11780000,1683074302406,False,True
48113117,16.73000000,38.62000000,646.11260000,1683074302454,True,True
48113118,16.73000000,2.00000000,33.46000000,1683074303159,False,True
48113119,16.73000000,2.00000000,33.46000000,1683074306221,False,True
48113120,16.72000000,20.00000000,334.40000000,1683074306612,True,True
48113121,16.72000000,3.44000000,57.51680000,1683074306612,True,True
48113122,16.72000000,3.00000000,50.16000000,1683074306612,True,True
48113123,16.72000000,2.14000000,35.78080000,1683074306612,True,True
48113124,16.72000000,132.92000000,2222.42240000,1683074306612,True,True
48113125,16.72000000,30.38000000,507.95360000,1683074306612,True,True
48113126,16.72000000,86.70000000,1449.62400000,1683074306619,True,True
48113127,16.72000000,0.73000000,12.20560000,1683074306619,True,True
48113128,16.72000000,3.32000000,55.51040000,1683074306619,True,True
48113129,16.72000000,0.65000000,10.86800000,1683074306619,True,True
48113130,16.72000000,3.58000000,59.85760000,1683074306619,True,True
48113131,16.72000000,8.13000000,135.93360000,1683074306619,True,True
48113132,16.72000000,1.50000000,25.08000000,1683074306637,False,True
48113133,16.72000000,39.16000000,654.75520000,1683074306637,False,True
48113134,16.72000000,34.62000000,578.84640000,1683074306637,False,True
48113135,16.72000000,1.71000000,28.59120000,1683074306653,False,True
48113136,16.72000000,1.71000000,28.59120000,1683074306653,False,True
48113137,16.72000000,19.12000000,319.68640000,1683074306653,False,True
48113138,16.72000000,1.71000000,28.59120000,1683074306653,False,True
48113139,16.72000000,33.63000000,562.29360000,1683074306653,False,True
48113140,16.73000000,17.40000000,291.10200000,1683074306653,False,True
48113141,16.72000000,1.52000000,25.41440000,1683074306831,True,True
48113142,16.72000000,1.50000000,25.08000000,1683074307682,False,True
48113143,16.72000000,1.52000000,25.41440000,1683074308258,True,True
48113144,16.72000000,0.31000000,5.18320000,1683074309147,False,True
48113145,16.72000000,1.20000000,20.06400000,1683074310169,False,True
48113146,16.72000000,1.52000000,25.41440000,1683074310466,True,True
48113147,16.72000000,7.36000000,123.05920000,1683074310466,True,True
48113148,16.73000000,18.34000000,306.82820000,1683074314637,False,True
48113149,16.73000000,1.50000000,25.09500000,1683074314637,False,True
48113150,16.73000000,8.88000000,148.56240000,1683074314711,True,True
48113151,16.73000000,1.52000000,25.42960000,1683074315124,True,True
48113152,16.72000000,70.64000000,1181.10080000,1683074315797,True,True
48113153,16.72000000,13.80000000,230.73600000,1683074315797,True,True
48113154,16.72000000,25.56000000,427.36320000,1683074315803,True,True
48113155,16.72000000,29.63000000,495.41360000,1683074315803,True,True
48113156,16.72000000,14.63000000,244.61360000,1683074315803,True,True
48113157,16.72000000,18.49000000,309.15280000,1683074315803,True,True
48113158,16.72000000,1.51000000,25.24720000,1683074315830,True,True
48113159,16.72000000,36.44000000,609.27680000,1683074315830,True,True
48113160,16.71000000,1.60000000,26.73600000,1683074315840,True,True
48113161,16.71000000,20.00000000,334.20000000,1683074315840,True,True
48113162,16.71000000,3.00000000,50.13000000,1683074315840,True,True
48113163,16.71000000,1.61000000,26.90310000,1683074315840,True,True
48113164,16.71000000,0.36000000,6.01560000,1683074315840,True,True
48113165,16.71000000,4.04000000,67.50840000,1683074315840,True,True
48113166,16.71000000,0.78000000,13.03380000,1683074315840,True,True
48113167,16.71000000,1.27000000,21.22170000,1683074315840,True,True
48113168,16.71000000,0.65000000,10.86150000,1683074315840,True,True
48113169,16.71000000,0.89000000,14.87190000,1683074315840,True,True
48113170,16.71000000,3.58000000,59.82180000,1683074315840,True,True
48113171,16.71000000,0.17000000,2.84070000,1683074315840,True,True
48113172,16.71000000,29.37000000,490.77270000,1683074315840,True,True
48113173,16.71000000,2.00000000,33.42000000,1683074316080,True,True
48113174,16.72000000,13.24000000,221.37280000,1683074316963,False,True
48113175,16.72000000,1.52000000,25.41440000,1683074318087,False,True
48113176,16.72000000,1.51000000,25.24720000,1683074322104,True,True
48113177,16.72000000,4.97000000,83.09840000,1683074322104,True,True
48113178,16.73000000,1.50000000,25.09500000,1683074329347,False,True
48113179,16.73000000,14.94000000,249.94620000,1683074329347,False,True
48113180,16.73000000,29.89000000,500.05970000,1683074329347,False,True
48113181,16.73000000,18.37000000,307.33010000,1683074329347,False,True
48113182,16.73000000,1.71000000,28.60830000,1683074329347,False,True
48113183,16.73000000,1.71000000,28.60830000,1683074329347,False,True
48113184,16.74000000,0.37000000,6.19380000,1683074331979,False,True
48113185,16.73000000,1.50000000,25.09500000,1683074350970,True,True
48113186,16.73000000,1.51000000,25.26230000,1683074362825,False,True
48113187,16.73000000,17.93000000,299.96890000,1683074362825,False,True
48113188,16.73000000,29.88000000,499.89240000,1683074362825,False,True
48113189,16.73000000,14.94000000,249.94620000,1683074362825,False,True
48113190,16.73000000,1.71000000,28.60830000,1683074362825,False,True
48113191,16.73000000,2.19000000,36.63870000,1683074362825,False,True
48113192,16.73000000,1.11000000,18.57030000,1683074362844,False,True
48113193,16.74000000,3.58000000,59.92920000,1683074373640,False,True
48113194,16.74000000,1.50000000,25.11000000,1683074373640,False,True
48113195,16.74000000,4.46000000,74.66040000,1683074373640,False,True
48113196,16.74000000,1.52000000,25.44480000,1683074373651,True,True
48113197,16.74000000,1.51000000,25.27740000,1683074402584,True,True
48113198,16.74000000,1.50000000,25.11000000,1683074409369,False,True
48113199,16.75000000,11.77000000,197.14750000,1683074425173,False,True
48113200,16.75000000,60.07000000,1006.17250000,1683074425188,False,True
48113201,16.75000000,3.30000000,55.27500000,1683074425188,False,True
48113202,16.75000000,23.15000000,387.76250000,1683074425188,False,True
48113203,16.75000000,1.51000000,25.29250000,1683074463143,True,True
48113204,16.75000000,1.50000000,25.12500000,1683074463181,True,True
48113205,16.75000000,1.50000000,25.12500000,1683074474766,False,True
48113206,16.75000000,1.50000000,25.12500000,1683074480914,True,True
48113207,16.74000000,1.50000000,25.11000000,1683074487978,True,True
48113208,16.74000000,65.58000000,1097.80920000,1683074487978,True,True
48113209,16.74000000,4.75000000,79.51500000,1683074487982,True,True
48113210,16.74000000,10.87000000,181.96380000,1683074487982,True,True
48113211,16.73000000,1.50000000,25.09500000,1683074489378,True,True
48113212,16.73000000,5.50000000,92.01500000,1683074489378,True,True
48113213,16.74000000,1.51000000,25.27740000,1683074494854,False,True
48113214,16.74000000,10.70000000,179.11800000,1683074494854,False,True
48113215,16.74000000,1.71000000,28.62540000,1683074494854,False,True
48113216,16.74000000,14.93000000,249.92820000,1683074494854,False,True
48113217,16.74000000,29.86000000,499.85640000,1683074494854,False,True
48113218,16.74000000,1.51000000,25.27740000,1683074510562,False,True
48113219,16.74000000,3.63000000,60.76620000,1683074510562,False,True
48113220,16.74000000,14.93000000,249.92820000,1683074510821,False,True
48113221,16.74000000,1.51000000,25.27740000,1683074510821,False,True
48113222,16.74000000,1.51000000,25.27740000,1683074542119,True,True
48113223,16.74000000,28.89000000,483.61860000,1683074542119,True,True
48113224,16.74000000,21.64000000,362.25360000,1683074542236,True,True
48113225,16.74000000,12.37000000,207.07380000,1683074542236,True,True
48113226,16.74000000,30.78000000,515.25720000,1683074543862,True,True
48113227,16.74000000,1.50000000,25.11000000,1683074621054,True,True
48113228,16.74000000,31.32000000,524.29680000,1683074621054,True,True
48113229,16.74000000,1.51000000,25.27740000,1683074702570,False,True
48113230,16.75000000,1.19000000,19.93250000,1683074711496,False,True
48113231,16.74000000,1.51000000,25.27740000,1683074723164,True,True
48113232,16.74000000,1.50000000,25.11000000,1683074734068,False,True
48113233,16.74000000,29.86000000,499.85640000,1683074734068,False,True
48113234,16.74000000,44.79000000,749.78460000,1683074734068,False,True
48113235,16.74000000,14.93000000,249.92820000,1683074734068,False,True
48113236,16.74000000,1.50000000,25.11000000,1683074760282,True,True
48113237,16.73000000,5.71000000,95.52830000,1683074773134,True,True
48113238,16.74000000,0.68000000,11.38320000,1683074776119,False,True
48113239,16.74000000,0.82000000,13.72680000,1683074778239,False,True
48113240,16.74000000,14.93000000,249.92820000,1683074778239,False,True
48113241,16.74000000,1.50000000,25.11000000,1683074778239,False,True
48113242,16.75000000,0.31000000,5.19250000,1683074862690,False,True
48113243,16.75000000,0.03000000,0.50250000,1683074862690,False,True
48113244,16.75000000,14.89000000,249.40750000,1683074862708,False,True
48113245,16.76000000,0.52000000,8.71520000,1683074863107,False,True
48113246,16.76000000,0.99000000,16.59240000,1683074927887,False,True
48113247,16.76000000,1.60000000,26.81600000,1683074927887,False,True
48113248,16.76000000,20.00000000,335.20000000,1683074927887,False,True
48113249,16.76000000,3.58000000,60.00080000,1683074927887,False,True
48113250,16.76000000,1.21000000,20.27960000,1683074927887,False,True
48113251,16.76000000,3.30000000,55.30800000,1683074927887,False,True
48113252,16.76000000,1.34000000,22.45840000,1683074927887,False,True
48113253,16.76000000,0.15000000,2.51400000,1683074927951,False,True
48113254,16.76000000,60.00000000,1005.60000000,1683074927951,False,True
48113255,16.76000000,1.51000000,25.30760000,1683074955794,True,True
48113256,16.75000000,1.51000000,25.29250000,1683074955794,True,True
48113257,16.75000000,31.35000000,525.11250000,1683074955794,True,True
48113258,16.75000000,4.47000000,74.87250000,1683074955794,True,True
48113259,16.76000000,1.50000000,25.14000000,1683075007679,False,True
48113260,16.76000000,4.17000000,69.88920000,1683075013283,True,True
48113261,16.76000000,1.51000000,25.30760000,1683075191878,True,True
48113262,16.76000000,51.59000000,864.64840000,1683075191878,True,True
48113263,16.76000000,6.83000000,114.47080000,1683075191878,True,True
48113264,16.76000000,1.50000000,25.14000000,1683075247126,False,True
48113265,16.76000000,3.50000000,58.66000000,1683075247126,False,True
48113266,16.76000000,10.09000000,169.10840000,1683075247150,False,True
48113267,16.76000000,1.51000000,25.30760000,1683075256097,True,True
48113268,16.76000000,1.51000000,25.30760000,1683075256103,True,True
48113269,16.75000000,7.49000000,125.45750000,1683075269487,True,True
48113270,16.75000000,12.37000000,207.19750000,1683075269585,True,True
48113271,16.75000000,12.37000000,207.19750000,1683075269706,True,True
48113272,16.75000000,10.42000000,174.53500000,1683075270739,True,True
48113273,16.75000000,3.93000000,65.82750000,1683075271313,True,True
48113274,16.75000000,5.23000000,87.60250000,1683075271313,True,True
48113275,16.75000000,1.72000000,28.81000000,1683075271313,True,True
48113276,16.75000000,3.77000000,63.14750000,1683075271424,True,True
48113277,16.75000000,2.20000000,36.85000000,1683075348457,True,True
48113278,16.75000000,1.50000000,25.12500000,1683075378716,True,True
48113279,16.75000000,4.97000000,83.24750000,1683075378716,True,True
48113280,16.75000000,0.34000000,5.69500000,1683075378716,True,True
48113281,16.75000000,6.81000000,114.06750000,1683075378728,True,True
48113282,16.75000000,6.81000000,114.06750000,1683075378741,True,True
48113283,16.75000000,10.88000000,182.24000000,1683075378745,True,True
48113284,16.75000000,15.23000000,255.10250000,1683075378745,True,True
48113285,16.75000000,9.68000000,162.14000000,1683075378745,True,True
48113286,16.75000000,6.03000000,101.00250000,1683075378758,True,True
48113287,16.75000000,8.86000000,148.40500000,1683075458956,True,True
48113288,16.75000000,16.42000000,275.03500000,1683075458956,True,True
48113289,16.75000000,24.28000000,406.69000000,1683075458956,True,True
48113290,16.75000000,30.49000000,510.70750000,1683075458956,True,True
48113291,16.74000000,1.50000000,25.11000000,1683075462018,True,True
48113292,16.74000000,3.57000000,59.76180000,1683075462018,True,True
48113293,16.74000000,3.93000000,65.78820000,1683075462018,True,True
48113294,16.74000000,3.30000000,55.24200000,1683075462018,True,True
48113295,16.74000000,2.12000000,35.48880000,1683075462063,True,True
48113296,16.74000000,1.81000000,30.29940000,1683075462129,True,True
48113297,16.74000000,3.93000000,65.78820000,1683075462230,True,True
48113298,16.74000000,3.93000000,65.78820000,1683075462239,True,True
48113299,16.74000000,3.93000000,65.78820000,1683075462272,True,True
48113300,16.74000000,3.93000000,65.78820000,1683075462305,True,True
48113301,16.74000000,2.04000000,34.14960000,1683075462305,True,True
48113302,16.74000000,1.89000000,31.63860000,1683075462305,True,True
48113303,16.74000000,3.93000000,65.78820000,1683075462305,True,True
48113304,16.74000000,0.15000000,2.51100000,1683075462305,True,True
48113305,16.74000000,3.78000000,63.27720000,1683075462305,True,True
48113306,16.74000000,2.19000000,36.66060000,1683075462305,True,True
48113307,16.74000000,1.71000000,28.62540000,1683075462305,True,True
48113308,16.74000000,10.06000000,168.40440000,1683075465530,False,True
48113309,16.74000000,1.51000000,25.27740000,1683075465530,False,True
48113310,16.73000000,88.79000000,1485.45670000,1683075467024,True,True
48113311,16.73000000,68.20000000,1140.98600000,1683075467024,True,True
48113312,16.73000000,31.80000000,532.01400000,1683075467066,True,True
48113313,16.73000000,3.58000000,59.89340000,1683075467066,True,True
48113314,16.73000000,3.30000000,55.20900000,1683075467066,True,True
48113315,16.73000000,1.51000000,25.26230000,1683075467078,False,True
48113316,16.73000000,2.60000000,43.49800000,1683075467348,False,True
48113317,16.73000000,2.60000000,43.49800000,1683075467675,False,True
48113318,16.73000000,2.60000000,43.49800000,1683075468007,False,True
48113319,16.73000000,2.60000000,43.49800000,1683075468235,False,True
48113320,16.73000000,0.66000000,11.04180000,1683075468493,False,True
48113321,16.73000000,1.51000000,25.26230000,1683075468493,False,True
48113322,16.73000000,0.43000000,7.19390000,1683075468493,False,True
48113323,16.73000000,1.71000000,28.60830000,1683075468836,False,True
48113324,16.73000000,0.89000000,14.88970000,1683075468836,False,True
48113325,16.73000000,1.50000000,25.09500000,1683075469294,False,True
48113326,16.73000000,1.10000000,18.40300000,1683075469294,False,True
48113327,16.73000000,2.60000000,43.49800000,1683075469335,False,True
48113328,16.73000000,2.60000000,43.49800000,1683075469364,False,True
48113329,16.73000000,2.51000000,41.99230000,1683075469394,False,True
48113330,16.73000000,2.02000000,33.79460000,1683075469399,False,True
48113331,16.73000000,59.47000000,994.93310000,1683075469431,True,True
48113332,16.73000000,15.46000000,258.64580000,1683075469431,True,True
48113333,16.73000000,3.93000000,65.74890000,1683075473410,True,True
48113334,16.73000000,12.55000000,209.96150000,1683075482859,True,True
48113335,16.73000000,4.64000000,77.62720000,1683075482859,True,True
48113336,16.73000000,1.51000000,25.26230000,1683075482859,True,True
48113337,16.73000000,34.41000000,575.67930000,1683075482859,True,True
48113338,16.73000000,21.87000000,365.88510000,1683075482860,True,True
48113339,16.73000000,15.04000000,251.61920000,1683075482860,True,True
48113340,16.73000000,16.85000000,281.90050000,1683075482860,True,True
48113341,16.73000000,27.96000000,467.77080000,1683075482860,True,True
48113342,16.73000000,31.80000000,532.01400000,1683075482860,True,True
48113343,16.73000000,9.86000000,164.95780000,1683075482860,True,True
48113344,16.73000000,15.77000000,263.83210000,1683075482860,True,True
48113345,16.73000000,14.61000000,244.42530000,1683075482860,True,True
48113346,16.73000000,28.48000000,476.47040000,1683075482860,True,True
48113347,16.73000000,10.73000000,179.51290000,1683075495309,False,True
48113348,16.73000000,1.50000000,25.09500000,1683075495309,False,True
48113349,16.73000000,29.88000000,499.89240000,1683075495309,False,True
48113350,16.73000000,14.94000000,249.94620000,1683075495309,False,True
48113351,16.73000000,1.71000000,28.60830000,1683075495309,False,True
48113352,16.73000000,1.71000000,28.60830000,1683075495309,False,True
48113353,16.73000000,1.71000000,28.60830000,1683075495309,False,True
48113354,16.73000000,1.71000000,28.60830000,1683075495309,False,True
48113355,16.73000000,8.87000000,148.39510000,1683075503038,True,True
48113356,16.73000000,1.51000000,25.26230000,1683075503390,True,True
48113357,16.72000000,18.98000000,317.34560000,1683075519482,True,True
48113358,16.72000000,3.30000000,55.17600000,1683075527216,True,True
48113359,16.72000000,70.00000000,1170.40000000,1683075527216,True,True
48113360,16.72000000,1.51000000,25.24720000,1683075527230,True,True
48113361,16.71000000,24.96000000,417.08160000,1683075530918,True,True
48113362,16.72000000,1.50000000,25.08000000,1683075534178,False,True
48113363,16.72000000,8.63000000,144.29360000,1683075534178,False,True
48113364,16.72000000,1.51000000,25.24720000,1683075534827,False,True
48113365,16.72000000,1.52000000,25.41440000,1683075551127,True,True
48113366,16.72000000,29.73000000,497.08560000,1683075551127,True,True
48113367,16.72000000,1.71000000,28.59120000,1683075552517,False,True
48113368,16.72000000,1.71000000,28.59120000,1683075552517,False,True
48113369,16.72000000,1.71000000,28.59120000,1683075552517,False,True
48113370,16.72000000,1.71000000,28.59120000,1683075552517,False,True
48113371,16.72000000,1.50000000,25.08000000,1683075552517,False,True
48113372,16.73000000,1.50000000,25.09500000,1683075576167,False,True
48113373,16.73000000,14.94000000,249.94620000,1683075576167,False,True
48113374,16.73000000,29.89000000,500.05970000,1683075576167,False,True
48113375,16.73000000,28.48000000,476.47040000,1683075576167,False,True
48113376,16.73000000,1.52000000,25.42960000,1683075578390,True,True
48113377,16.72000000,1.52000000,25.41440000,1683075578418,True,True
48113378,16.72000000,1.51000000,25.24720000,1683075591719,True,True
48113379,16.71000000,2.68000000,44.78280000,1683075591719,True,True
48113380,16.72000000,1.18000000,19.72960000,1683075593067,False,True
48113381,16.72000000,10.84000000,181.24480000,1683075627570,False,True
48113382,16.72000000,1.50000000,25.08000000,1683075627570,False,True
48113383,16.72000000,10.81000000,180.74320000,1683075627570,False,True
48113384,16.72000000,4.14000000,69.22080000,1683075627572,False,True
48113385,16.72000000,1.05000000,17.55600000,1683075627572,False,True
48113386,16.73000000,1.50000000,25.09500000,1683075662124,False,True
48113387,16.73000000,68.86000000,1152.02780000,1683075662124,False,True
48113388,16.73000000,18.78000000,314.18940000,1683075662124,False,True
48113389,16.73000000,58.70000000,982.05100000,1683075662124,False,True
48113390,16.73000000,46.65000000,780.45450000,1683075662124,False,True
48113391,16.73000000,206.06000000,3447.38380000,1683075662166,False,True
48113392,16.73000000,28.48000000,476.47040000,1683075662191,False,True
48113393,16.73000000,1.41000000,23.58930000,1683075662191,False,True
48113394,16.73000000,14.94000000,249.94620000,1683075662191,False,True
48113395,16.73000000,6.80000000,113.76400000,1683075662191,False,True
48113396,16.73000000,1.58000000,26.43340000,1683075662669,True,True
48113397,16.73000000,1.52000000,25.42960000,1683075663808,True,True
48113398,16.72000000,1.51000000,25.24720000,1683075663808,True,True
48113399,16.72000000,32.18000000,538.04960000,1683075663808,True,True
48113400,16.73000000,1.51000000,25.26230000,1683075670118,False,True
48113401,16.74000000,1.51000000,25.27740000,1683075698073,False,True
48113402,16.74000000,3.58000000,59.92920000,1683075698073,False,True
48113403,16.74000000,3.30000000,55.24200000,1683075698073,False,True
48113404,16.74000000,7.49000000,125.38260000,1683075698073,False,True
48113405,16.74000000,13.75000000,230.17500000,1683075698078,False,True
48113406,16.74000000,0.84000000,14.06160000,1683075698100,True,True
48113407,16.75000000,0.89000000,14.90750000,1683075719523,False,True
48113408,16.75000000,0.62000000,10.38500000,1683075775258,False,True
48113409,16.75000000,3.30000000,55.27500000,1683075775258,False,True
48113410,16.75000000,23.15000000,387.76250000,1683075775258,False,True
48113411,16.75000000,14.92000000,249.91000000,1683075775258,False,True
48113412,16.76000000,1.50000000,25.14000000,1683075820060,False,True
48113413,16.76000000,3.58000000,60.00080000,1683075820060,False,True
48113414,16.76000000,3.30000000,55.30800000,1683075820060,False,True
48113415,16.77000000,20.00000000,335.40000000,1683075826015,False,True
48113416,16.77000000,3.00000000,50.31000000,1683075826015,False,True
48113417,16.77000000,3.57000000,59.86890000,1683075826015,False,True
48113418,16.77000000,3.30000000,55.34100000,1683075826015,False,True
48113419,16.77000000,1.51000000,25.32270000,1683075826970,True,True
48113420,16.77000000,34.81000000,583.76370000,1683075826970,True,True
48113421,16.77000000,47.40000000,794.89800000,1683075826970,True,True
48113422,16.77000000,5.19000000,87.03630000,1683075826970,True,True
48113423,16.77000000,10.92000000,183.12840000,1683075826970,True,True
48113424,16.76000000,1.51000000,25.30760000,1683075826978,True,True
48113425,16.76000000,86.33000000,1446.89080000,1683075826978,True,True
48113426,16.76000000,23.67000000,396.70920000,1683075826978,True,True
48113427,16.76000000,44.74000000,749.84240000,1683075826978,True,True
48113428,16.76000000,19.43000000,325.64680000,1683075826978,True,True
48113429,16.76000000,10.40000000,174.30400000,1683075826978,True,True
48113430,16.76000000,14.91000000,249.89160000,1683075826978,True,True
48113431,16.76000000,40.71000000,682.29960000,1683075826978,True,True
48113432,16.75000000,34.32000000,574.86000000,1683075851391,True,True
48113433,16.76000000,10.46000000,175.30960000,1683075861903,False,True
48113434,16.76000000,28.48000000,477.32480000,1683075861903,False,True
48113435,16.76000000,60.00000000,1005.60000000,1683075862161,True,True
48113436,16.76000000,1.51000000,25.30760000,1683075862161,True,True
48113437,16.76000000,73.60000000,1233.53600000,1683075862161,True,True
48113438,16.76000000,19.28000000,323.13280000,1683075862243,True,True
48113439,16.76000000,33.12000000,555.09120000,1683075862243,True,True
48113440,16.76000000,34.81000000,583.41560000,1683075862243,True,True
48113441,16.76000000,73.46000000,1231.18960000,1683075862243,True,True
48113442,16.76000000,17.62000000,295.31120000,1683075862269,True,True
48113443,16.76000000,99.67000000,1670.46920000,1683075862269,True,True
48113444,16.76000000,27.10000000,454.19600000,1683075862269,True,True
48113445,16.76000000,77.86000000,1304.93360000,1683075862306,True,True
48113446,16.75000000,10.13000000,169.67750000,1683075918028,True,True
48113447,16.75000000,83.84000000,1404.32000000,1683075964534,True,True
48113448,16.75000000,3.57000000,59.79750000,1683075964534,True,True
48113449,16.75000000,1.51000000,25.29250000,1683075964544,True,True
48113450,16.75000000,1.91000000,31.99250000,1683075964556,False,True
48113451,16.75000000,1.51000000,25.29250000,1683076034053,False,True
48113452,16.76000000,1.50000000,25.14000000,1683076114893,False,True
48113453,16.76000000,1.98000000,33.18480000,1683076114893,False,True
48113454,16.76000000,7.93000000,132.90680000,1683076143933,False,True
48113455,16.75000000,1.50000000,25.12500000,1683076170930,True,True
48113456,16.75000000,1.71000000,28.64250000,1683076170930,True,True
48113457,16.75000000,1.71000000,28.64250000,1683076170930,True,True
48113458,16.75000000,1.71000000,28.64250000,1683076170930,True,True
48113459,16.75000000,1.71000000,28.64250000,1683076170930,True,True
48113460,16.75000000,0.52000000,8.71000000,1683076170930,True,True
48113461,16.75000000,8.86000000,148.40500000,1683076171037,True,True
48113462,16.75000000,0.36000000,6.03000000,1683076172989,True,True
48113463,16.75000000,1.51000000,25.29250000,1683076172989,True,True
48113464,16.75000000,6.99000000,117.08250000,1683076172989,True,True
48113465,16.75000000,1.50000000,25.12500000,1683076173411,True,True
48113466,16.75000000,1.51000000,25.29250000,1683076231512,False,True
48113467,16.76000000,1.00000000,16.76000000,1683076275448,False,True
48113468,16.76000000,1.51000000,25.30760000,1683076275448,False,True
48113469,16.76000000,1.50000000,25.14000000,1683076325810,True,True
48113470,16.76000000,6.36000000,106.59360000,1683076325810,True,True
48113471,16.76000000,1.50000000,25.14000000,1683076390492,False,True
48113472,16.77000000,3.30000000,55.34100000,1683076417232,False,True
48113473,16.77000000,1.50000000,25.15500000,1683076417232,False,True
48113474,16.77000000,6.73000000,112.86210000,1683076417232,False,True
48113475,16.77000000,1.51000000,25.32270000,1683076442185,True,True
48113476,16.77000000,1.50000000,25.15500000,1683076513241,False,True
48113477,16.77000000,1.51000000,25.32270000,1683076533467,True,True
48113478,16.76000000,1.50000000,25.14000000,1683076584868,True,True
48113479,16.75000000,8.87000000,148.57250000,1683076584912,True,True
48113480,16.75000000,12.77000000,213.89750000,1683076635021,True,True
48113481,16.75000000,1.50000000,25.12500000,1683076635021,True,True
48113482,16.75000000,3.57000000,59.79750000,1683076635021,True,True
48113483,16.75000000,3.30000000,55.27500000,1683076635021,True,True
48113484,16.75000000,3.93000000,65.82750000,1683076635021,True,True
48113485,16.75000000,3.93000000,65.82750000,1683076635021,True,True
48113486,16.75000000,3.93000000,65.82750000,1683076635021,True,True
48113487,16.75000000,3.93000000,65.82750000,1683076635021,True,True
48113488,16.75000000,3.93000000,65.82750000,1683076635021,True,True
48113489,16.75000000,3.93000000,65.82750000,1683076635021,True,True
48113490,16.75000000,3.93000000,65.82750000,1683076635021,True,True
48113491,16.75000000,3.93000000,65.82750000,1683076635021,True,True
48113492,16.75000000,3.93000000,65.82750000,1683076635021,True,True
48113493,16.75000000,3.87000000,64.82250000,1683076635021,True,True
48113494,16.74000000,1.51000000,25.27740000,1683076641123,True,True
48113495,16.74000000,83.89000000,1404.31860000,1683076641123,True,True
48113496,16.74000000,3.30000000,55.24200000,1683076641123,True,True
48113497,16.74000000,10.98000000,183.80520000,1683076641123,True,True
48113498,16.74000000,1.71000000,28.62540000,1683076641123,True,True
48113499,16.74000000,1.71000000,28.62540000,1683076641123,True,True
48113500,16.74000000,0.30000000,5.02200000,1683076662503,False,True
48113501,16.74000000,1.51000000,25.27740000,1683076674049,False,True
48113502,16.75000000,1.51000000,25.29250000,1683076813763,False,True
48113503,16.75000000,1.50000000,25.12500000,1683076878990,True,True
48113504,16.75000000,1.35000000,22.61250000,1683076879102,True,True
48113505,16.75000000,0.15000000,2.51250000,1683076879227,True,True
48113506,16.74000000,1.20000000,20.08800000,1683076879227,True,True
48113507,16.73000000,1.50000000,25.09500000,1683077128007,True,True
48113508,16.73000000,20.00000000,334.60000000,1683077128007,True,True
48113509,16.73000000,3.00000000,50.19000000,1683077128007,True,True
48113510,16.73000000,3.58000000,59.89340000,1683077128007,True,True
48113511,16.73000000,3.93000000,65.74890000,1683077128007,True,True
48113512,16.73000000,1.57000000,26.26610000,1683077128007,True,True
48113513,16.74000000,1.66000000,27.78840000,1683077202012,False,True
48113514,16.73000000,10.91000000,182.52430000,1683077416731,True,True
48113515,16.73000000,0.59000000,9.87070000,1683077536464,True,True
48113516,16.73000000,3.93000000,65.74890000,1683077536464,True,True
48113517,16.73000000,3.93000000,65.74890000,1683077536464,True,True
48113518,16.73000000,3.93000000,65.74890000,1683077536464,True,True
48113519,16.73000000,3.93000000,65.74890000,1683077536464,True,True
48113520,16.73000000,3.93000000,65.74890000,1683077536464,True,True
48113521,16.73000000,2.91000000,48.68430000,1683077536464,True,True
48113522,16.73000000,1.02000000,17.06460000,1683077536613,True,True
48113523,16.73000000,3.93000000,65.74890000,1683077536805,True,True
48113524,16.73000000,3.93000000,65.74890000,1683077536855,True,True
48113525,16.73000000,3.93000000,65.74890000,1683077536933,True,True
48113526,16.73000000,3.90000000,65.24700000,1683077537031,True,True
48113527,16.73000000,0.60000000,10.03800000,1683077563925,False,True
48113528,16.73000000,1.51000000,25.26230000,1683077568660,False,True
48113529,16.73000000,26.97000000,451.20810000,1683077568660,False,True
48113530,16.73000000,1.52000000,25.42960000,1683077571778,False,True
48113531,16.74000000,1.51000000,25.27740000,1683077643701,False,True
48113532,16.74000000,1.51000000,25.27740000,1683077647203,True,True
48113533,16.74000000,42.20000000,706.42800000,1683077647203,True,True
48113534,16.74000000,6.29000000,105.29460000,1683077647203,True,True
48113535,16.74000000,1.50000000,25.11000000,1683077661433,True,True
48113536,16.74000000,28.36000000,474.74640000,1683077661433,True,True
48113537,16.74000000,1.51000000,25.27740000,1683077663491,False,True
48113538,16.74000000,10.13000000,169.57620000,1683077663491,False,True
48113539,16.75000000,1.51000000,25.29250000,1683077664859,False,True
48113540,16.75000000,3.58000000,59.96500000,1683077664859,False,True
48113541,16.75000000,3.30000000,55.27500000,1683077664859,False,True
48113542,16.75000000,1.50000000,25.12500000,1683077664955,True,True
48113543,16.75000000,7.37000000,123.44750000,1683077664955,True,True
48113544,16.75000000,1.50000000,25.12500000,1683077692423,True,True
48113545,16.74000000,14.93000000,249.92820000,1683077695391,True,True
48113546,16.74000000,29.86000000,499.85640000,1683077695391,True,True
48113547,16.74000000,15.37000000,257.29380000,1683077695391,True,True
48113548,16.74000000,0.68000000,11.38320000,1683077698290,True,True
48113549,16.74000000,37.31000000,624.56940000,1683077726612,False,True
48113550,16.74000000,1.51000000,25.27740000,1683077726612,False,True
48113551,16.74000000,11.12000000,186.14880000,1683077726612,False,True
48113552,16.73000000,1.50000000,25.09500000,1683077830329,True,True
48113553,16.73000000,1.50000000,25.09500000,1683077830329,True,True
48113554,16.74000000,1.51000000,25.27740000,1683077921819,False,True
48113555,16.74000000,0.87000000,14.56380000,1683077921819,False,True
48113556,16.73000000,2.08000000,34.79840000,1683077929150,True,True
48113557,16.73000000,7.92000000,132.50160000,1683077929150,True,True
48113558,16.74000000,1.51000000,25.27740000,1683078022727,False,True
48113559,16.74000000,2.18000000,36.49320000,1683078022727,False,True
48113560,16.74000000,1.50000000,25.11000000,1683078024202,False,True
48113561,16.74000000,1.51000000,25.27740000,1683078076378,True,True
48113562,16.73000000,3.71000000,62.06830000,1683078103797,True,True
48113563,16.73000000,6.07000000,101.55110000,1683078104381,True,True
48113564,16.73000000,82.30000000,1376.87900000,1683078104763,True,True
48113565,16.73000000,7.65000000,127.98450000,1683078104763,True,True
48113566,16.74000000,0.30000000,5.02200000,1683078167561,False,True
48113567,16.74000000,0.30000000,5.02200000,1683078172589,False,True
48113568,16.73000000,8.89000000,148.72970000,1683078174387,True,True
48113569,16.74000000,9.07000000,151.83180000,1683078187942,False,True
48113570,16.74000000,14.93000000,249.92820000,1683078187942,False,True
48113571,16.74000000,1.50000000,25.11000000,1683078187942,False,True
48113572,16.75000000,1.51000000,25.29250000,1683078237076,False,True
48113573,16.75000000,3.49000000,58.45750000,1683078237076,False,True
48113574,16.74000000,1.51000000,25.27740000,1683078284666,True,True
48113575,16.74000000,2.00000000,33.48000000,1683078284666,True,True
48113576,16.74000000,1.51000000,25.27740000,1683078336956,True,True
48113577,16.74000000,0.30000000,5.02200000,1683078347559,False,True
48113578,16.74000000,0.30000000,5.02200000,1683078347720,False,True
48113579,16.73000000,20.00000000,334.60000000,1683078496665,True,True
48113580,16.73000000,43.00000000,719.39000000,1683078496665,True,True
48113581,16.73000000,57.00000000,953.61000000,1683078496665,True,True
48113582,16.73000000,2.32000000,38.81360000,1683078496665,True,True
48113583,16.73000000,18.42000000,308.16660000,1683078496668,True,True
48113584,16.73000000,18.46000000,308.83580000,1683078496675,True,True
48113585,16.73000000,48.86000000,817.42780000,1683078496721,True,True
48113586,16.73000000,263.20000000,4403.33600000,1683078496721,True,True
48113587,16.73000000,0.98000000,16.39540000,1683078496721,True,True
48113588,16.73000000,3.00000000,50.19000000,1683078496721,True,True
48113589,16.73000000,3.93000000,65.74890000,1683078496721,True,True
48113590,16.73000000,176.03000000,2944.98190000,1683078496721,True,True
48113591,16.73000000,3.30000000,55.20900000,1683078496721,True,True
48113592,16.73000000,3.93000000,65.74890000,1683078496721,True,True
48113593,16.73000000,3.93000000,65.74890000,1683078496721,True,True
48113594,16.73000000,3.93000000,65.74890000,1683078496721,True,True
48113595,16.73000000,3.93000000,65.74890000,1683078496721,True,True
48113596,16.73000000,3.93000000,65.74890000,1683078496721,True,True
48113597,16.73000000,3.93000000,65.74890000,1683078496721,True,True
48113598,16.73000000,3.93000000,65.74890000,1683078496721,True,True
48113599,16.73000000,3.93000000,65.74890000,1683078496721,True,True
48113600,16.73000000,3.92000000,65.58160000,1683078496721,True,True
48113601,16.72000000,37.38000000,624.99360000,1683078496732,True,True
48113602,16.72000000,0.99000000,16.55280000,1683078496732,True,True
48113603,16.73000000,1.50000000,25.09500000,1683078624645,False,True
48113604,16.74000000,1.50000000,25.11000000,1683078639110,False,True
48113605,16.75000000,3.58000000,59.96500000,1683078641476,False,True
48113606,16.75000000,3.30000000,55.27500000,1683078641476,False,True
48113607,16.75000000,1.51000000,25.29250000,1683078641488,True,True
48113608,16.75000000,1.51000000,25.29250000,1683078674642,True,True
48113609,16.75000000,14.97000000,250.74750000,1683078674642,True,True
48113610,16.75000000,2.32000000,38.86000000,1683078674642,True,True
48113611,16.75000000,1.51000000,25.29250000,1683078681730,True,True
48113612,16.74000000,1.50000000,25.11000000,1683078808280,True,True
48113613,16.74000000,8.59000000,143.79660000,1683078808280,True,True
48113614,16.74000000,7.32000000,122.53680000,1683078808280,True,True
48113615,16.74000000,14.27000000,238.87980000,1683078808280,True,True
48113616,16.74000000,16.36000000,273.86640000,1683078808281,True,True
48113617,16.74000000,16.65000000,278.72100000,1683078808281,True,True
48113618,16.74000000,12.34000000,206.57160000,1683078808281,True,True
48113619,16.74000000,12.38000000,207.24120000,1683078808281,True,True
48113620,16.74000000,10.03000000,167.90220000,1683078808281,True,True
48113621,16.74000000,8.24000000,137.93760000,1683078808281,True,True
48113622,16.74000000,11.53000000,193.01220000,1683078808281,True,True
48113623,16.74000000,19.86000000,332.45640000,1683078808281,True,True
48113624,16.74000000,17.94000000,300.31560000,1683078808281,True,True
48113625,16.74000000,16.47000000,275.70780000,1683078808282,True,True
48113626,16.74000000,3.88000000,64.95120000,1683078808329,True,True
48113627,16.73000000,34.84000000,582.87320000,1683078808345,True,True
48113628,16.73000000,1.51000000,25.26230000,1683078808345,True,True
48113629,16.73000000,5.48000000,91.68040000,1683078808345,True,True
48113630,16.73000000,41.37000000,692.12010000,1683078808346,True,True
48113631,16.73000000,26.55000000,444.18150000,1683078808347,True,True
48113632,16.73000000,1.52000000,25.42960000,1683078808347,True,True
48113633,16.74000000,34.77000000,582.04980000,1683078821547,False,True
48113634,16.74000000,118.22000000,1979.00280000,1683078821547,False,True
48113635,16.74000000,11.95000000,200.04300000,1683078821547,False,True
48113636,16.74000000,11.94000000,199.87560000,1683078821547,False,True
48113637,16.74000000,34.79000000,582.38460000,1683078821547,False,True
48113638,16.74000000,25.61000000,428.71140000,1683078821547,False,True
48113639,16.74000000,12.72000000,212.93280000,1683078821547,False,True
48113640,16.73000000,3.58000000,59.89340000,1683078821650,True,True
48113641,16.73000000,3.30000000,55.20900000,1683078821650,True,True
48113642,16.73000000,3.93000000,65.74890000,1683078821650,True,True
48113643,16.73000000,3.93000000,65.74890000,1683078821757,True,True
48113644,16.73000000,2.04000000,34.12920000,1683078821757,True,True
48113645,16.73000000,1.89000000,31.61970000,1683078821757,True,True
48113646,16.73000000,3.93000000,65.74890000,1683078821757,True,True
48113647,16.73000000,0.15000000,2.50950000,1683078821757,True,True
48113648,16.73000000,3.78000000,63.23940000,1683078821757,True,True
48113649,16.73000000,2.19000000,36.63870000,1683078821757,True,True
48113650,16.73000000,1.74000000,29.11020000,1683078821757,True,True
48113651,16.73000000,3.93000000,65.74890000,1683078821757,True,True
48113652,16.73000000,0.30000000,5.01900000,1683078821757,True,True
48113653,16.73000000,1.50000000,25.09500000,1683078821788,True,True
48113654,16.73000000,1.36000000,22.75280000,1683078821803,True,True
48113655,16.73000000,0.77000000,12.88210000,1683078821822,True,True
48113656,16.73000000,2.43000000,40.65390000,1683078821822,True,True
48113657,16.73000000,1.50000000,25.09500000,1683078821969,True,True
48113658,16.73000000,2.13000000,35.63490000,1683078821969,True,True
48113659,16.73000000,0.77000000,12.88210000,1683078821993,True,True
48113660,16.73000000,1.01000000,16.89730000,1683078822016,True,True
48113661,16.72000000,1.50000000,25.08000000,1683078822117,True,True
48113662,16.73000000,1.51000000,25.26230000,1683079004903,False,True
48113663,16.73000000,11.98000000,200.42540000,1683079004903,False,True
48113664,16.73000000,10.29000000,172.15170000,1683079004903,False,True
48113665,16.73000000,1.52000000,25.42960000,1683079004903,False,True
48113666,16.73000000,10.94000000,183.02620000,1683079004903,False,True
48113667,16.73000000,5.21000000,87.16330000,1683079004909,False,True
48113668,16.73000000,24.67000000,412.72910000,1683079004920,False,True
48113669,16.73000000,11.96000000,200.09080000,1683079004920,False,True
48113670,16.73000000,14.94000000,249.94620000,1683079004920,False,True
48113671,16.73000000,14.84000000,248.27320000,1683079011824,True,True
48113672,16.74000000,22.11000000,370.12140000,1683079093957,False,True
48113673,16.74000000,73.50000000,1230.39000000,1683079093957,False,True
48113674,16.74000000,11.83000000,198.03420000,1683079093957,False,True
48113675,16.74000000,23.79000000,398.24460000,1683079093957,False,True
48113676,16.74000000,24.52000000,410.46480000,1683079093972,False,True
48113677,16.74000000,14.93000000,249.92820000,1683079094037,False,True
48113678,16.74000000,8.22000000,137.60280000,1683079094037,False,True
48113679,16.74000000,44.80000000,749.95200000,1683079094143,False,True
48113680,16.73000000,11.33000000,189.55090000,1683079410969,True,True
48113681,16.72000000,18.50000000,309.32000000,1683079456617,True,True
48113682,16.72000000,3.00000000,50.16000000,1683079456617,True,True
48113683,16.72000000,3.58000000,59.85760000,1683079456617,True,True
48113684,16.72000000,1.98000000,33.10560000,1683079456617,True,True
48113685,16.72000000,33.32000000,557.11040000,1683079457213,True,True
48113686,16.72000000,3.93000000,65.70960000,1683079457213,True,True
48113687,16.72000000,3.30000000,55.17600000,1683079457213,True,True
48113688,16.72000000,3.93000000,65.70960000,1683079457223,True,True
48113689,16.72000000,3.93000000,65.70960000,1683079457223,True,True
48113690,16.72000000,3.93000000,65.70960000,1683079457223,True,True
48113691,16.72000000,3.93000000,65.70960000,1683079457223,True,True
48113692,16.72000000,3.93000000,65.70960000,1683079457223,True,True
48113693,16.72000000,3.93000000,65.70960000,1683079457223,True,True
48113694,16.72000000,3.93000000,65.70960000,1683079457223,True,True
48113695,16.72000000,3.93000000,65.70960000,1683079457223,True,True
48113696,16.72000000,3.92000000,65.54240000,1683079457223,True,True
48113697,16.72000000,33.35000000,557.61200000,1683079457545,False,True
48113698,16.72000000,33.07000000,552.93040000,1683079457545,False,True
48113699,16.72000000,10.10000000,168.87200000,1683079457545,False,True
48113700,16.71000000,20.52000000,342.88920000,1683079478763,True,True
48113701,16.71000000,20.30000000,339.21300000,1683079478767,True,True
48113702,16.71000000,3.00000000,50.13000000,1683079478767,True,True
48113703,16.71000000,1.25000000,20.88750000,1683079478767,True,True
48113704,16.71000000,0.35000000,5.84850000,1683079478767,True,True
48113705,16.71000000,7.75000000,129.50250000,1683079478767,True,True
48113706,16.71000000,12.25000000,204.69750000,1683079478769,True,True
48113707,16.71000000,3.43000000,57.31530000,1683079478769,True,True
48113708,16.71000000,11.53000000,192.66630000,1683079478770,True,True
48113709,16.71000000,1.53000000,25.56630000,1683079478770,True,True
48113710,16.71000000,19.49000000,325.67790000,1683079478770,True,True
48113711,16.71000000,22.60000000,377.64600000,1683079478770,True,True
48113712,16.71000000,3.58000000,59.82180000,1683079478798,True,True
48113713,16.71000000,3.30000000,55.14300000,1683079478798,True,True
48113714,16.71000000,3.93000000,65.67030000,1683079478798,True,True
48113715,16.71000000,3.93000000,65.67030000,1683079478798,True,True
48113716,16.71000000,3.93000000,65.67030000,1683079478798,True,True
48113717,16.71000000,3.93000000,65.67030000,1683079478798,True,True
48113718,16.71000000,3.93000000,65.67030000,1683079478798,True,True
48113719,16.71000000,3.93000000,65.67030000,1683079478798,True,True
48113720,16.71000000,3.93000000,65.67030000,1683079478798,True,True
48113721,16.71000000,3.93000000,65.67030000,1683079478798,True,True
48113722,16.71000000,3.70000000,61.82700000,1683079478798,True,True
48113723,16.71000000,0.23000000,3.84330000,1683079478800,True,True
48113724,16.71000000,3.92000000,65.50320000,1683079478800,True,True
48113725,16.70000000,3.14000000,52.43800000,1683079495431,True,True
48113726,16.70000000,0.32000000,5.34400000,1683079495431,True,True
48113727,16.70000000,0.90000000,15.03000000,1683079495431,True,True
48113728,16.70000000,8.30000000,138.61000000,1683079495431,True,True
48113729,16.70000000,24.09000000,402.30300000,1683079495431,True,True
48113730,16.70000000,20.00000000,334.00000000,1683079495431,True,True
48113731,16.70000000,4.92000000,82.16400000,1683079495431,True,True
48113732,16.70000000,2.51000000,41.91700000,1683079495431,True,True
48113733,16.70000000,1.19000000,19.87300000,1683079495431,True,True
48113734,16.70000000,36.17000000,604.03900000,1683079495431,True,True
48113735,16.70000000,0.65000000,10.85500000,1683079495431,True,True
48113736,16.70000000,59.98000000,1001.66600000,1683079495431,True,True
48113737,16.70000000,11.96000000,199.73200000,1683079495431,True,True
48113738,16.70000000,4.80000000,80.16000000,1683079495431,True,True
48113739,16.70000000,29.94000000,499.99800000,1683079495431,True,True
48113740,16.70000000,0.35000000,5.84500000,1683079495431,True,True
48113741,16.70000000,0.72000000,12.02400000,1683079495431,True,True
48113742,16.70000000,50.00000000,835.00000000,1683079495431,True,True
48113743,16.70000000,15.40000000,257.18000000,1683079495431,True,True
48113744,16.70000000,34.60000000,577.82000000,1683079495431,True,True
48113745,16.70000000,3.00000000,50.10000000,1683079495431,True,True
48113746,16.70000000,21.51000000,359.21700000,1683079495431,True,True
48113747,16.70000000,29.97000000,500.49900000,1683079495431,True,True
48113748,16.70000000,48.52000000,810.28400000,1683079495431,True,True
48113749,16.70000000,6.75000000,112.72500000,1683079495431,True,True
48113750,16.70000000,3.59000000,59.95300000,1683079495431,True,True
48113751,16.70000000,3.30000000,55.11000000,1683079495431,True,True
48113752,16.70000000,50.00000000,835.00000000,1683079495431,True,True
48113753,16.70000000,2.00000000,33.40000000,1683079495431,True,True
48113754,16.70000000,37.51000000,626.41700000,1683079495431,True,True
48113755,16.70000000,10.60000000,177.02000000,1683079495431,True,True
48113756,16.70000000,3.94000000,65.79800000,1683079502231,True,True
48113757,16.70000000,100.00000000,1670.00000000,1683079502231,True,True
48113758,16.70000000,50.00000000,835.00000000,1683079502231,True,True
48113759,16.70000000,2.00000000,33.40000000,1683079502231,True,True
48113760,16.70000000,0.01000000,0.16700000,1683079502231,True,True
48113761,16.70000000,3.93000000,65.63100000,1683079502246,True,True
48113762,16.70000000,3.93000000,65.63100000,1683079502254,True,True
48113763,16.70000000,0.01000000,0.16700000,1683079502257,True,True
48113764,16.70000000,3.93000000,65.63100000,1683079502257,True,True
48113765,16.70000000,0.01000000,0.16700000,1683079502412,True,True
48113766,16.70000000,3.94000000,65.79800000,1683079502412,True,True
48113767,16.70000000,3.94000000,65.79800000,1683079502412,True,True
48113768,16.70000000,3.94000000,65.79800000,1683079502412,True,True
48113769,16.70000000,3.94000000,65.79800000,1683079502412,True,True
48113770,16.70000000,3.94000000,65.79800000,1683079502412,True,True
48113771,16.70000000,3.44000000,57.44800000,1683079502412,True,True
48113772,16.70000000,0.41000000,6.84700000,1683079502412,True,True
48113773,16.70000000,0.99000000,16.53300000,1683079503628,False,True
48113774,16.70000000,0.53000000,8.85100000,1683079509546,False,True
48113775,16.70000000,4.03000000,67.30100000,1683079509546,False,True
48113776,16.69000000,0.65000000,10.84850000,1683079524579,True,True
48113777,16.69000000,1.36000000,22.69840000,1683079524579,True,True
48113778,16.69000000,0.32000000,5.34080000,1683079524579,True,True
48113779,16.69000000,3.00000000,50.07000000,1683079524579,True,True
48113780,16.69000000,1.19000000,19.86110000,1683079524579,True,True
48113781,16.69000000,0.40000000,6.67600000,1683079524579,True,True
48113782,16.69000000,0.60000000,10.01400000,1683079524579,True,True
48113783,16.69000000,20.00000000,333.80000000,1683079524579,True,True
48113784,16.69000000,0.66000000,11.01540000,1683079524579,True,True
48113785,16.69000000,1.05000000,17.52450000,1683079524579,True,True
48113786,16.69000000,3.59000000,59.91710000,1683079524579,True,True
48113787,16.69000000,3.30000000,55.07700000,1683079524579,True,True
48113788,16.69000000,0.90000000,15.02100000,1683079524579,True,True
48113789,16.69000000,10.04000000,167.56760000,1683079527235,True,True
48113790,16.69000000,5.21000000,86.95490000,1683079527238,True,True
48113791,16.69000000,33.85000000,564.95650000,1683079527386,True,True
48113792,16.69000000,1.51000000,25.20190000,1683079527386,True,True
48113793,16.69000000,1.52000000,25.36880000,1683079531499,False,True
48113794,16.70000000,1.51000000,25.21700000,1683079531499,False,True
48113795,16.70000000,16.69000000,278.72300000,1683079531499,False,True
48113796,16.70000000,3.44000000,57.44800000,1683079532937,False,True
48113797,16.69000000,1.52000000,25.36880000,1683079534271,True,True
48113798,16.69000000,0.37000000,6.17530000,1683079535228,False,True
48113799,16.69000000,1.14000000,19.02660000,1683079536230,False,True
48113800,16.69000000,1.71000000,28.53990000,1683079536230,False,True
48113801,16.69000000,1.71000000,28.53990000,1683079536230,False,True
48113802,16.69000000,11.67000000,194.77230000,1683079536230,False,True
48113803,16.69000000,1.51000000,25.20190000,1683079536230,False,True
48113804,16.70000000,14.97000000,249.99900000,1683079536230,False,True
48113805,16.69000000,1.52000000,25.36880000,1683079545772,True,True
48113806,16.68000000,20.00000000,333.60000000,1683079550550,True,True
48113807,16.68000000,0.65000000,10.84200000,1683079550550,True,True
48113808,16.68000000,0.71000000,11.84280000,1683079550550,True,True
48113809,16.68000000,3.45000000,57.54600000,1683079550550,True,True
48113810,16.68000000,3.00000000,50.04000000,1683079550550,True,True
48113811,16.68000000,1.22000000,20.34960000,1683079550550,True,True
48113812,16.68000000,1.39000000,23.18520000,1683079550550,True,True
48113813,16.68000000,1.54000000,25.68720000,1683079550550,True,True
48113814,16.68000000,8.00000000,133.44000000,1683079550550,True,True
48113815,16.68000000,3.94000000,65.71920000,1683079550550,True,True
48113816,16.68000000,3.59000000,59.88120000,1683079550550,True,True
48113817,16.68000000,3.30000000,55.04400000,1683079550550,True,True
48113818,16.68000000,1.52000000,25.35360000,1683079550550,True,True
48113819,16.68000000,3.94000000,65.71920000,1683079550567,True,True
48113820,16.68000000,3.94000000,65.71920000,1683079551721,True,True
48113821,16.68000000,1.51000000,25.18680000,1683079551721,True,True
48113822,16.68000000,3.94000000,65.71920000,1683079551922,True,True
48113823,16.68000000,3.94000000,65.71920000,1683079552016,True,True
48113824,16.68000000,3.94000000,65.71920000,1683079552197,True,True
48113825,16.68000000,3.94000000,65.71920000,1683079552204,True,True
48113826,16.68000000,3.94000000,65.71920000,1683079552290,True,True
48113827,16.68000000,3.94000000,65.71920000,1683079552359,True,True
48113828,16.68000000,3.90000000,65.05200000,1683079552539,True,True
48113829,16.68000000,0.83000000,13.84440000,1683079553795,False,True
48113830,16.67000000,20.00000000,333.40000000,1683079557412,True,True
48113831,16.67000000,8.30000000,138.36100000,1683079557412,True,True
48113832,16.67000000,0.65000000,10.83550000,1683079557412,True,True
48113833,16.67000000,3.00000000,50.01000000,1683079557412,True,True
48113834,16.67000000,0.98000000,16.33660000,1683079557412,True,True
48113835,16.67000000,1.06000000,17.67020000,1683079557412,True,True
48113836,16.67000000,0.33000000,5.50110000,1683079557412,True,True
48113837,16.67000000,0.65000000,10.83550000,1683079557412,True,True
48113838,16.67000000,0.69000000,11.50230000,1683079557412,True,True
48113839,16.67000000,5.13000000,85.51710000,1683079557412,True,True
48113840,16.67000000,3.67000000,61.17890000,1683079557412,True,True
48113841,16.67000000,50.00000000,833.50000000,1683079557412,True,True
48113842,16.67000000,3.30000000,55.01100000,1683079557412,True,True
48113843,16.67000000,50.00000000,833.50000000,1683079557412,True,True
48113844,16.66000000,3.14000000,52.31240000,1683079559290,True,True
48113845,16.66000000,1.43000000,23.82380000,1683079559290,True,True
48113846,16.66000000,0.32000000,5.33120000,1683079559290,True,True
48113847,16.66000000,20.00000000,333.20000000,1683079559290,True,True
48113848,16.66000000,0.66000000,10.99560000,1683079559290,True,True
48113849,16.66000000,3.00000000,49.98000000,1683079559290,True,True
48113850,16.66000000,1.51000000,25.15660000,1683079559290,True,True
48113851,16.66000000,0.34000000,5.66440000,1683079559290,True,True
48113852,16.66000000,0.33000000,5.49780000,1683079559290,True,True
48113853,16.66000000,1.93000000,32.15380000,1683079559290,True,True
48113854,16.66000000,1.66000000,27.65560000,1683079559290,True,True
48113855,16.66000000,1.47000000,24.49020000,1683079559290,True,True
48113856,16.66000000,1.56000000,25.98960000,1683079559290,True,True
48113857,16.66000000,1.69000000,28.15540000,1683079559290,True,True
48113858,16.66000000,0.35000000,5.83100000,1683079559290,True,True
48113859,16.66000000,0.62000000,10.32920000,1683079559290,True,True
48113860,16.66000000,0.87000000,14.49420000,1683079559290,True,True
48113861,16.66000000,50.00000000,833.00000000,1683079559290,True,True
48113862,16.66000000,3.59000000,59.80940000,1683079559290,True,True
48113863,16.66000000,3.94000000,65.64040000,1683079559290,True,True
48113864,16.66000000,4.46000000,74.30360000,1683079559290,True,True
48113865,16.66000000,2.00000000,33.32000000,1683079559290,True,True
48113866,16.66000000,0.62000000,10.32920000,1683079559290,True,True
48113867,16.66000000,3.94000000,65.64040000,1683079559290,True,True
48113868,16.66000000,3.94000000,65.64040000,1683079559290,True,True
48113869,16.66000000,3.94000000,65.64040000,1683079559290,True,True
48113870,16.66000000,3.94000000,65.64040000,1683079559290,True,True
48113871,16.66000000,3.94000000,65.64040000,1683079559290,True,True
48113872,16.66000000,3.94000000,65.64040000,1683079559290,True,True
48113873,16.66000000,3.94000000,65.64040000,1683079559290,True,True
48113874,16.66000000,3.94000000,65.64040000,1683079559290,True,True
48113875,16.66000000,3.92000000,65.30720000,1683079559290,True,True
48113876,16.65000000,0.32000000,5.32800000,1683079559290,True,True
48113877,16.65000000,0.75000000,12.48750000,1683079559290,True,True
48113878,16.65000000,20.00000000,333.00000000,1683079559290,True,True
48113879,16.65000000,1.07000000,17.81550000,1683079559290,True,True
48113880,16.65000000,0.66000000,10.98900000,1683079559290,True,True
48113881,16.65000000,3.00000000,49.95000000,1683079559290,True,True
48113882,16.65000000,1.89000000,31.46850000,1683079559290,True,True
48113883,16.65000000,0.38000000,6.32700000,1683079559290,True,True
48113884,16.65000000,0.81000000,13.48650000,1683079559290,True,True
48113885,16.65000000,2.62000000,43.62300000,1683079559290,True,True
48113886,16.65000000,12.49000000,207.95850000,1683079559290,True,True
48113887,16.65000000,0.36000000,5.99400000,1683079559290,True,True
48113888,16.65000000,0.40000000,6.66000000,1683079559290,True,True
48113889,16.65000000,0.73000000,12.15450000,1683079559290,True,True
48113890,16.65000000,1.52000000,25.30800000,1683079559290,True,True
48113891,16.65000000,33.21000000,552.94650000,1683079559290,True,True
48113892,16.65000000,122.66000000,2042.28900000,1683079559290,True,True
48113893,16.65000000,99.73000000,1660.50450000,1683079559290,True,True
48113894,16.65000000,139.31000000,2319.51150000,1683079559299,False,True
48113895,16.65000000,74.48000000,1240.09200000,1683079559306,False,True
48113896,16.65000000,200.00000000,3330.00000000,1683079559309,False,True
48113897,16.65000000,14.36000000,239.09400000,1683079559313,False,True
48113898,16.65000000,14.87000000,247.58550000,1683079559317,False,True
48113899,16.65000000,122.92000000,2046.61800000,1683079559349,False,True
48113900,16.65000000,15.25000000,253.91250000,1683079559349,False,True
48113901,16.65000000,203.22000000,3383.61300000,1683079559354,False,True
48113902,16.65000000,25.66000000,427.23900000,1683079559358,False,True
48113903,16.65000000,359.99000000,5993.83350000,1683079559361,False,True
48113904,16.65000000,24.58000000,409.25700000,1683079559365,False,True
48113905,16.65000000,12.50000000,208.12500000,1683079559365,False,True
48113906,16.65000000,26.33000000,438.39450000,1683079559366,False,True
48113907,16.65000000,7.21000000,120.04650000,1683079559367,False,True
48113908,16.65000000,76.00000000,1265.40000000,1683079559367,False,True
48113909,16.65000000,19.43000000,323.50950000,1683079559369,False,True
48113910,16.65000000,24.78000000,412.58700000,1683079559374,False,True
48113911,16.65000000,38.01000000,632.86650000,1683079559391,False,True
48113912,16.65000000,5.71000000,95.07150000,1683079559394,False,True
48113913,16.65000000,7.35000000,122.37750000,1683079559396,False,True
48113914,16.65000000,32.20000000,536.13000000,1683079559424,False,True
48113915,16.65000000,19.80000000,329.67000000,1683079559460,False,True
48113916,16.65000000,8.88000000,147.85200000,1683079559540,False,True
48113917,16.65000000,6.00000000,99.90000000,1683079559540,False,True
48113918,16.65000000,0.90000000,14.98500000,1683079559543,False,True
48113919,16.65000000,4.97000000,82.75050000,1683079559543,False,True
48113920,16.65000000,6.56000000,109.22400000,1683079559544,False,True
48113921,16.65000000,8.72000000,145.18800000,1683079559546,False,True
48113922,16.65000000,336.95000000,5610.21750000,1683079559549,False,True
48113923,16.65000000,46.13000000,768.06450000,1683079559553,False,True
48113924,16.65000000,8.79000000,146.35350000,1683079559553,False,True
48113925,16.65000000,10.34000000,172.16100000,1683079559558,False,True
48113926,16.65000000,17.50000000,291.37500000,1683079559569,False,True
48113927,16.65000000,7.46000000,124.20900000,1683079559642,False,True
48113928,16.65000000,5.97000000,99.40050000,1683079559647,False,True
48113929,16.65000000,23.09000000,384.44850000,1683079559654,False,True
48113930,16.65000000,12.85000000,213.95250000,1683079559656,False,True
48113931,16.65000000,27.19000000,452.71350000,1683079559684,False,True
48113932,16.65000000,6.10000000,101.56500000,1683079559687,False,True
48113933,16.65000000,21.17000000,352.48050000,1683079559688,False,True
48113934,16.65000000,15.39000000,256.24350000,1683079559688,False,True
48113935,16.65000000,6.38000000,106.22700000,1683079559690,False,True
48113936,16.65000000,8.24000000,137.19600000,1683079559690,False,True
48113937,16.65000000,20.81000000,346.48650000,1683079559690,False,True
48113938,16.65000000,9.87000000,164.33550000,1683079559691,False,True
48113939,16.65000000,156.72000000,2609.38800000,1683079559692,False,True
48113940,16.65000000,9.10000000,151.51500000,1683079559692,False,True
48113941,16.65000000,17.16000000,285.71400000,1683079559696,False,True
48113942,16.65000000,36.84000000,613.38600000,1683079559696,False,True
48113943,16.65000000,13.16000000,219.11400000,1683079559696,False,True
48113944,16.66000000,1.52000000,25.32320000,1683079559709,False,True
48113945,16.67000000,1.52000000,25.33840000,1683079559709,False,True
48113946,16.67000000,108.39000000,1806.86130000,1683079559709,False,True
48113947,16.67000000,37.51000000,625.29170000,1683079559709,False,True
48113948,16.67000000,51.06000000,851.17020000,1683079559709,False,True
48113949,16.66000000,37.05000000,617.25300000,1683079560160,True,True
48113950,16.66000000,1.51000000,25.15660000,1683079560160,True,True
48113951,16.66000000,11.94000000,198.92040000,1683079560160,True,True
48113952,16.66000000,4.37000000,72.80420000,1683079560160,True,True
48113953,16.66000000,43.41000000,723.21060000,1683079560162,True,True
48113954,16.66000000,32.55000000,542.28300000,1683079560165,True,True
48113955,16.66000000,20.60000000,343.19600000,1683079560166,True,True
48113956,16.66000000,14.98000000,249.56680000,1683079560315,False,True
48113957,16.66000000,1.52000000,25.32320000,1683079560598,False,True
48113958,16.66000000,11.91000000,198.42060000,1683079560598,False,True
48113959,16.66000000,38.40000000,639.74400000,1683079560598,False,True
48113960,16.66000000,58.80000000,979.60800000,1683079560761,False,True
48113961,16.66000000,99.73000000,1661.50180000,1683079560761,False,True
48113962,16.66000000,1.71000000,28.48860000,1683079563210,False,True
48113963,16.66000000,1.52000000,25.32320000,1683079563210,False,True
48113964,16.66000000,19.92000000,331.86720000,1683079565161,True,True
48113965,16.66000000,1.51000000,25.15660000,1683079565161,True,True
48113966,16.66000000,11.30000000,188.25800000,1683079565161,True,True
48113967,16.65000000,1.51000000,25.14150000,1683079565393,True,True
48113968,16.65000000,99.73000000,1660.50450000,1683079565393,True,True
