2891082,13.54200000,64.00700000,866.78279400,1627776020811,True,True
2891083,13.55300000,13.00000000,176.18900000,1627776022334,False,True
2891084,13.55300000,6.99500000,94.80323500,1627776022348,False,True
2891085,13.55700000,13.00000000,176.24100000,1627776022400,False,True
2891086,13.55900000,0.88000000,11.93192000,1627776022403,False,True
2891087,13.56400000,1.81500000,24.61866000,1627776022403,False,True
2891088,13.55100000,2.69500000,36.51994500,1627776066762,True,True
2891089,13.53600000,0.88000000,11.91168000,1627776080781,True,True
2891090,13.51300000,0.88000000,11.89144000,1627776097699,True,True
2891091,13.50400000,0.95000000,12.82880000,1627776099748,True,True
2891092,13.49600000,30.66400000,413.84134400,1627776109922,True,True
2891093,13.49500000,13.00000000,175.43500000,1627776109922,True,True
2891094,13.49000000,0.88000000,11.87120000,1627776109922,True,True
2891095,13.48900000,0.77000000,10.38653000,1627776109922,True,True
2891096,13.48900000,7.78500000,105.01186500,1627776109922,True,True
2891097,13.48500000,7.10100000,95.75698500,1627776109922,True,True
2891098,13.48200000,10.80300000,145.64604600,1627776109922,True,True
2891099,13.48200000,244.48400000,3296.13328800,1627776109922,True,True
2891100,13.48100000,4.59300000,61.91823300,1627776118802,True,True
2891101,13.48100000,0.12500000,1.68512500,1627776118937,True,True
2891102,13.47900000,0.95000000,12.80505000,1627776125227,True,True
2891103,13.47500000,0.93000000,12.53175000,1627776125596,True,True
2891104,13.47500000,0.83700000,11.27857500,1627776125596,True,True
2891105,13.47400000,1.08300000,14.59234200,1627776125628,True,True
2891106,13.47300000,1.66600000,22.44601800,1627776125737,True,True
2891107,13.48600000,4.97300000,67.06587800,1627776127743,False,True
2891108,13.47300000,0.36600000,4.93111800,1627776129998,True,True
2891109,13.46800000,0.88000000,11.85184000,1627776131452,True,True
2891110,13.45500000,0.95000000,12.78225000,1627776134238,True,True
2891111,13.45000000,0.82000000,11.02900000,1627776137308,True,True
2891112,13.44500000,0.88000000,11.83160000,1627776139154,True,True
2891113,13.44300000,1.07700000,14.47811100,1627776139679,True,True
2891114,13.44300000,35.60000000,478.57080000,1627776139823,True,True
2891115,13.44300000,51.40800000,691.07774400,1627776139843,True,True
2891116,13.44800000,8.41900000,113.21871200,1627776140056,False,True
2891117,13.44300000,88.08500000,1184.12665500,1627776144915,True,True
2891118,13.44300000,88.08500000,1184.12665500,1627776144916,True,True
2891119,13.44300000,88.08500000,1184.12665500,1627776146008,True,True
2891120,13.44300000,88.08500000,1184.12665500,1627776146041,True,True
2891121,13.44300000,8.41900000,113.17661700,1627776146041,True,True
2891122,13.44300000,79.66600000,1070.95003800,1627776146042,True,True
2891123,13.44300000,8.41900000,113.17661700,1627776146042,True,True
2891124,13.44300000,79.66600000,1070.95003800,1627776146044,True,True
2891125,13.44300000,8.41900000,113.17661700,1627776146044,True,True
2891126,13.44300000,79.66600000,1070.95003800,1627776146048,True,True
2891127,13.44300000,8.41900000,113.17661700,1627776146048,True,True
2891128,13.44300000,79.66600000,1070.95003800,1627776146166,True,True
2891129,13.44300000,88.08100000,1184.07288300,1627776146994,True,True
2891130,13.44000000,2.24000000,30.10560000,1627776147830,True,True
2891131,13.44000000,0.79100000,10.63104000,1627776147830,True,True
2891132,13.45400000,4.97300000,66.90674200,1627776149789,False,True
2891133,13.46700000,3.44600000,46.40728200,1627776153719,False,True
2891134,13.45400000,1.95600000,26.31602400,1627776155887,True,True
2891135,13.47100000,1.95600000,26.34927600,1627776163573,False,True
2891136,13.47100000,3.01700000,40.64200700,1627776163582,False,True
2891137,13.46800000,0.88000000,11.85184000,1627776165498,False,True
2891138,13.44500000,74.37700000,999.99876500,1627776169693,True,True
2891139,13.43000000,0.95000000,12.75850000,1627776176433,True,True
2891140,13.42800000,0.77000000,10.33956000,1627776176433,True,True
2891141,13.42700000,1.29700000,17.41481900,1627776176433,True,True
2891142,13.42700000,0.88000000,11.81576000,1627776179513,True,True
2891143,13.42700000,2.56000000,34.37312000,1627776180040,True,True
2891144,13.42200000,0.88000000,11.81136000,1627776182461,True,True
2891145,13.42000000,0.84100000,11.28622000,1627776184981,True,True
2891146,13.40800000,0.96800000,12.97894400,1627776185582,True,True
2891147,13.40700000,1.14300000,15.32420100,1627776185743,True,True
2891148,13.40600000,2.14400000,28.74246400,1627776187036,True,True
2891149,13.40500000,0.95000000,12.73475000,1627776190677,True,True
2891150,13.40500000,2.98300000,39.98711500,1627776190677,True,True
2891151,13.40200000,3.73100000,50.00286200,1627776190708,True,True
2891152,13.40000000,3.17000000,42.47800000,1627776190729,True,True
2891153,13.40000000,1.04000000,13.93600000,1627776190746,True,True
2891154,13.40000000,3.17000000,42.47800000,1627776191604,True,True
2891155,13.39900000,0.88000000,11.79112000,1627776191623,True,True
2891156,13.39900000,0.99000000,13.26501000,1627776191623,True,True
2891157,13.38100000,0.95000000,12.71195000,1627776208209,True,True
2891158,13.37900000,0.74800000,10.00749200,1627776209724,True,True
2891159,13.37800000,1.12200000,15.01011600,1627776210256,True,True
2891160,13.37700000,0.88000000,11.77176000,1627776211422,True,True
2891161,13.37500000,1.12200000,15.00675000,1627776212076,True,True
2891162,13.37400000,1.49600000,20.00750400,1627776212203,True,True
2891163,13.37200000,4.75700000,63.61060400,1627776212384,True,True
2891164,13.37000000,4.48800000,60.00456000,1627776227734,True,True
2891165,13.36700000,0.77000000,10.29259000,1627776227767,True,True
2891166,13.36700000,1.49700000,20.01039900,1627776227767,True,True
2891167,13.36600000,0.83700000,11.18734200,1627776227807,True,True
2891168,13.36500000,1.64700000,22.01215500,1627776229033,True,True
2891169,13.37600000,0.88000000,11.77088000,1627776230479,False,True
2891170,13.37900000,1.07600000,14.39580400,1627776236629,False,True
2891171,13.37900000,37.88600000,506.87679400,1627776246859,False,True
2891172,13.39700000,96.00000000,1286.11200000,1627776247730,False,True
2891173,13.39900000,0.88000000,11.79112000,1627776255808,False,True
2891174,13.42200000,0.88000000,11.81136000,1627776278408,False,True
2891175,13.42800000,0.77000000,10.33956000,1627776290809,False,True
2891176,13.43000000,8.41900000,113.06717000,1627776290810,False,True
2891177,13.43200000,0.95000000,12.76040000,1627776290836,False,True
2891178,13.44500000,0.88000000,11.83160000,1627776302038,False,True
2891179,13.44600000,0.75200000,10.11139200,1627776310904,False,True
2891180,13.44900000,15.16000000,203.88684000,1627776330804,False,True
2891181,13.45000000,10.87500000,146.26875000,1627776330976,False,True
2891182,13.45000000,89.12500000,1198.73125000,1627776330996,False,True
2891183,13.45600000,0.95000000,12.78320000,1627776334643,False,True
2891184,13.45800000,4.75700000,64.01970600,1627776334920,False,True
2891185,13.46800000,0.88000000,11.85184000,1627776335974,False,True
2891186,13.47900000,15.16000000,204.34164000,1627776339023,False,True
2891187,13.47900000,12.94000000,174.41826000,1627776339023,False,True
2891188,13.48000000,5.70000000,76.83600000,1627776342120,False,True
2891189,13.48000000,6.31300000,85.09924000,1627776346420,False,True
2891190,13.48000000,3.14700000,42.42156000,1627776346428,False,True
2891191,13.48100000,0.95000000,12.80695000,1627776346519,False,True
2891192,13.48900000,0.77000000,10.38653000,1627776346519,False,True
2891193,13.49000000,0.88000000,11.87120000,1627776346519,False,True
2891194,13.49900000,2.63000000,35.50237000,1627776347459,False,True
2891195,13.50600000,0.95000000,12.83070000,1627776356162,False,True
2891196,13.51200000,13.00000000,175.65600000,1627776356162,False,True
2891197,13.51300000,0.88000000,11.89144000,1627776356162,False,True
2891198,13.51400000,4.67000000,63.11038000,1627776356162,False,True
2891199,13.50500000,8.41900000,113.69859500,1627776363526,True,True
2891200,13.49000000,0.88000000,11.87120000,1627776371025,True,True
2891201,13.46800000,0.88000000,11.85184000,1627776371698,True,True
2891202,13.45500000,0.95000000,12.78225000,1627776380231,True,True
2891203,13.45100000,10.87500000,146.27962500,1627776380231,True,True
2891204,13.44700000,5.53000000,74.36191000,1627776399427,True,True
2891205,13.48500000,11.82500000,159.46012500,1627776411962,False,True
2891206,13.48500000,1.17500000,15.84487500,1627776411976,False,True
2891207,13.48500000,0.88000000,11.86680000,1627776412035,False,True
2891208,13.48700000,1.60000000,21.57920000,1627776412317,False,True
2891209,13.48700000,3.37300000,45.49165100,1627776412334,False,True
2891210,13.49000000,0.88000000,11.87120000,1627776413019,False,True
2891211,13.49600000,6.36400000,85.88854400,1627776413523,False,True
2891212,13.49600000,2.05600000,27.74777600,1627776413821,False,True
2891213,13.48300000,24.69500000,332.96268500,1627776415457,True,True
2891214,13.48200000,6.94200000,93.59204400,1627776415457,True,True
2891215,13.48000000,13.00000000,175.24000000,1627776415457,True,True
2891216,13.47700000,3.21800000,43.36898600,1627776415457,True,True
2891217,13.50100000,17.92400000,241.99192400,1627776424527,True,True
2891218,13.50600000,0.95000000,12.83070000,1627776446807,False,True
2891219,13.51300000,0.88000000,11.89144000,1627776449835,False,True
2891220,13.51400000,0.06700000,0.90543800,1627776449835,False,True
2891221,13.52100000,13.00000000,175.77300000,1627776449835,False,True
2891222,13.52400000,7.53200000,101.86276800,1627776449835,False,True
2891223,13.52400000,126.97400000,1717.19637600,1627776449835,False,True
2891224,13.53000000,0.95000000,12.85350000,1627776449835,False,True
2891225,13.53500000,5.66200000,76.63517000,1627776449835,False,True
2891226,13.50300000,11.82500000,159.67297500,1627776536494,True,True
2891227,13.51100000,11.82500000,159.76757500,1627776556438,False,True
2891228,13.51100000,1.93900000,26.19782900,1627776590152,True,True
2891229,13.51300000,2.99300000,40.44440900,1627776642440,True,True
2891230,13.53600000,0.88000000,11.91168000,1627776653906,False,True
2891231,13.54400000,1.05900000,14.34309600,1627776656726,False,True
2891232,13.54400000,0.43100000,5.83746400,1627776657639,False,True
2891233,13.54800000,10.80100000,146.33194800,1627776657639,False,True
2891234,13.55100000,0.74600000,10.10904600,1627776659060,False,True
2891235,13.55100000,0.02400000,0.32522400,1627776668475,False,True
2891236,13.55500000,0.95000000,12.87725000,1627776669382,False,True
2891237,13.55900000,0.88000000,11.93192000,1627776676717,False,True
2891238,13.56800000,4.71800000,64.01382400,1627776679314,False,True
2891239,13.56800000,2.24400000,30.44659200,1627776679314,False,True
2891240,13.58000000,0.74400000,10.10352000,1627776680460,False,True
2891241,13.58000000,0.20600000,2.79748000,1627776694430,False,True
2891242,13.58100000,0.88000000,11.95128000,1627776696786,False,True
2891243,13.59500000,2.81100000,38.21554500,1627776707299,False,True
2891244,13.59600000,7.93400000,107.87066400,1627776707307,False,True
2891245,13.59700000,4.23000000,57.51531000,1627776707319,False,True
2891246,13.59900000,3.65100000,49.64994900,1627776707328,False,True
2891247,13.60000000,0.79100000,10.75760000,1627776707370,False,True
2891248,13.60400000,0.88000000,11.97152000,1627776707370,False,True
2891249,13.60500000,0.74600000,10.14933000,1627776707583,False,True
2891250,13.60600000,0.95000000,12.92570000,1627776707598,False,True
2891251,13.60600000,2.23700000,30.43662200,1627776707598,False,True
2891252,13.61100000,6.37600000,86.78373600,1627776707616,False,True
2891253,13.61200000,0.77000000,10.48124000,1627776708373,False,True
2891254,13.61700000,7.57100000,103.09430700,1627776708373,False,True
2891255,13.61800000,0.74200000,10.10455600,1627776708965,False,True
2891256,13.61200000,0.74200000,10.10010400,1627776709211,True,True
2891257,13.60500000,2.57200000,34.99206000,1627776720659,True,True
2891258,13.61800000,3.86400000,52.61995200,1627776728185,False,True
2891259,13.62300000,0.74200000,10.10826600,1627776728861,False,True
2891260,13.62300000,3.95700000,53.90621100,1627776728940,False,True
2891261,13.62700000,0.88000000,11.99176000,1627776730340,False,True
2891262,13.62600000,146.88800000,2001.49588800,1627776731296,True,True
2891263,13.62600000,24.32700000,331.47970200,1627776731296,True,True
2891264,13.62300000,1.46900000,20.01218700,1627776731457,True,True
2891265,13.60400000,0.88000000,11.97152000,1627776738958,True,True
2891266,13.60400000,2.10300000,28.60921200,1627776738958,True,True
2891267,13.58500000,10.00000000,135.85000000,1627776753881,True,True
2891268,13.58500000,3.00000000,40.75500000,1627776753881,True,True
2891269,13.58100000,0.88000000,11.95128000,1627776753931,True,True
2891270,13.58400000,0.97000000,13.17648000,1627776793678,False,True
2891271,13.55900000,0.88000000,11.93192000,1627776821641,True,True
2891272,13.55500000,10.06500000,136.43107500,1627776821641,True,True
2891273,13.55400000,0.95000000,12.87630000,1627776827682,True,True
2891274,13.55100000,0.77000000,10.43427000,1627776834209,True,True
2891275,13.53900000,6.69900000,90.69776100,1627776838035,True,True
2891276,13.53600000,0.88000000,11.91168000,1627776838854,True,True
2891277,13.53600000,4.69900000,63.60566400,1627776838854,True,True
2891278,13.55100000,8.41900000,114.08586900,1627776851827,False,True
2891279,13.55100000,91.58100000,1241.01413100,1627776855370,False,True
2891280,13.57200000,11.82500000,160.48890000,1627776860178,False,True
2891281,13.56400000,12.98500000,176.12854000,1627776879599,True,True
2891282,13.57900000,23.93700000,325.04052300,1627776894276,True,True
2891283,13.57800000,13.00000000,176.51400000,1627776894276,True,True
2891284,13.57500000,96.81300000,1314.23647500,1627776894276,True,True
2891285,13.57100000,21.31500000,289.26586500,1627776894276,True,True
2891286,13.59000000,0.74400000,10.11096000,1627776915230,False,True
2891287,13.60600000,0.74300000,10.10925800,1627776941080,False,True
2891288,13.60600000,0.20700000,2.81644200,1627776941465,False,True
2891289,13.60600000,0.53600000,7.29281600,1627776941885,True,True
2891290,13.56500000,8.42000000,114.21730000,1627776968338,True,True
2891291,13.56400000,3.40500000,46.18542000,1627776968338,True,True
2891292,13.56400000,7.88300000,106.92501200,1627776968349,True,True
2891293,13.58800000,5.08700000,69.12215600,1627777012751,False,True
2891294,13.58700000,8.41900000,114.38895300,1627777024524,False,True
2891295,13.58800000,11.82500000,160.67810000,1627777024546,False,True
2891296,13.60100000,9.60000000,130.56960000,1627777038596,False,True
2891297,13.60300000,3.00000000,40.80900000,1627777057196,True,True
2891298,13.61200000,0.77000000,10.48124000,1627777058327,False,True
2891299,13.62000000,5.64400000,76.87128000,1627777059633,False,True
2891300,13.62000000,22.95800000,312.68796000,1627777065393,False,True
2891301,13.62000000,1.53400000,20.89308000,1627777068305,False,True
2891302,13.62000000,0.70000000,9.53400000,1627777073982,False,True
2891303,13.62000000,0.77400000,10.54188000,1627777077734,False,True
2891304,13.62000000,0.82000000,11.16840000,1627777081646,False,True
2891305,13.62000000,0.82000000,11.16840000,1627777085603,False,True
2891306,13.62000000,9.08800000,123.77856000,1627777086017,False,True
2891307,13.62000000,0.82000000,11.16840000,1627777090031,False,True
2891308,13.62300000,4.69900000,64.01447700,1627777092860,False,True
2891309,13.62900000,0.82000000,11.17578000,1627777094523,False,True
2891310,13.63000000,0.82000000,11.17660000,1627777098717,False,True
2891311,13.63000000,0.13000000,1.77190000,1627777103312,False,True
2891312,13.63300000,0.69000000,9.40677000,1627777103312,False,True
2891313,13.63300000,0.82000000,11.17906000,1627777106936,False,True
2891314,13.63300000,0.35300000,4.81244900,1627777111196,False,True
2891315,13.64000000,0.46700000,6.36988000,1627777111196,False,True
2891316,13.64000000,0.74100000,10.10724000,1627777112355,False,True
2891317,13.64000000,0.82000000,11.18480000,1627777114799,False,True
2891318,13.64000000,10.13100000,138.18684000,1627777115800,False,True
2891319,13.64100000,13.00000000,177.33300000,1627777115800,False,True
2891320,13.64500000,150.10800000,2048.22366000,1627777115800,False,True
2891321,13.64200000,0.82000000,11.18644000,1627777118565,False,True
2891322,13.64600000,0.82000000,11.18972000,1627777122359,False,True
2891323,13.64700000,0.74700000,10.19430900,1627777126361,False,True
2891324,13.64700000,0.07300000,0.99623100,1627777126361,False,True
2891325,13.64900000,0.74000000,10.10026000,1627777128149,False,True
2891326,13.65000000,0.82000000,11.19300000,1627777130208,False,True
2891327,13.63900000,4.99500000,68.12680500,1627777130208,True,True
2891328,13.63300000,11.39200000,155.30713600,1627777131892,True,True
2891329,13.63400000,13.00000000,177.24200000,1627777131905,True,True
2891330,13.63400000,24.31800000,331.55161200,1627777131905,True,True
2891331,13.63300000,29.47100000,401.77814300,1627777131905,True,True
2891332,13.63300000,65.49700000,892.92060100,1627777131912,True,True
2891333,13.63300000,8.41900000,114.77622700,1627777131943,True,True
2891334,13.63300000,28.89900000,393.98006700,1627777131951,True,True
2891335,13.62900000,29.45100000,401.38767900,1627777132092,True,True
2891336,13.63500000,0.82000000,11.18070000,1627777134621,False,True
2891337,13.63500000,4.64300000,63.30730500,1627777134901,False,True
2891338,13.64100000,0.82000000,11.18562000,1627777138203,False,True
2891339,13.62600000,0.82000000,11.17332000,1627777142336,False,True
2891340,13.63600000,0.82000000,11.18152000,1627777146139,False,True
2891341,13.63600000,0.82000000,11.18152000,1627777150063,False,True
2891342,13.63900000,0.82000000,11.18398000,1627777154373,False,True
2891343,13.63500000,0.82000000,11.18070000,1627777158064,False,True
2891344,13.64100000,0.82000000,11.18562000,1627777161761,False,True
2891345,13.63900000,8.41900000,114.82674100,1627777163340,False,True
2891346,13.64600000,23.32500000,318.29295000,1627777163426,False,True
2891347,13.64900000,0.82000000,11.19218000,1627777165908,False,True
2891348,13.64400000,0.82000000,11.18808000,1627777169940,False,True
2891349,13.64300000,0.82000000,11.18726000,1627777173903,False,True
2891350,13.65000000,0.82000000,11.19300000,1627777177926,False,True
2891351,13.65000000,5.04800000,68.90520000,1627777180982,False,True
2891352,13.65200000,7.38100000,100.76541200,1627777182139,False,True
2891353,13.65500000,0.95000000,12.97225000,1627777182742,False,True
2891354,13.64200000,8.41900000,114.85199800,1627777183461,True,True
2891355,13.65200000,2.19700000,29.99344400,1627777183622,False,True
2891356,13.63500000,0.74000000,10.08990000,1627777184740,True,True
2891357,13.65400000,20.36200000,278.02274800,1627777188144,False,True
2891358,13.65600000,29.00000000,396.02400000,1627777189475,False,True
2891359,13.65600000,0.82000000,11.19792000,1627777196156,False,True
2891360,13.65600000,0.82100000,11.21157600,1627777196305,False,True
2891361,13.65600000,0.82100000,11.21157600,1627777196651,False,True
2891362,13.65600000,0.82100000,11.21157600,1627777197152,False,True
2891363,13.65600000,0.82100000,11.21157600,1627777197390,False,True
2891364,13.65600000,0.82100000,11.21157600,1627777197545,False,True
2891365,13.65600000,0.82100000,11.21157600,1627777197698,False,True
2891366,13.65600000,0.82100000,11.21157600,1627777198196,False,True
2891367,13.65600000,0.82100000,11.21157600,1627777198702,False,True
2891368,13.65600000,0.82100000,11.21157600,1627777198844,False,True
2891369,13.65600000,0.82100000,11.21157600,1627777199345,False,True
2891370,13.65600000,0.82100000,11.21157600,1627777199496,False,True
2891371,13.65600000,3.55000000,48.47880000,1627777199558,False,True
2891372,13.65600000,0.82100000,11.21157600,1627777199989,False,True
2891373,13.65600000,0.82100000,11.21157600,1627777200139,False,True
2891374,13.65600000,0.82100000,11.21157600,1627777200286,False,True
2891375,13.65600000,0.82100000,11.21157600,1627777200634,False,True
2891376,13.65600000,0.82100000,11.21157600,1627777201071,False,True
2891377,13.65600000,0.82100000,11.21157600,1627777201331,False,True
2891378,13.65600000,0.82100000,11.21157600,1627777201485,False,True
2891379,13.65600000,0.82100000,11.21157600,1627777201885,False,True
2891380,13.65900000,0.75600000,10.32620400,1627777202137,False,True
2891381,13.65900000,0.06500000,0.88783500,1627777202137,False,True
2891382,13.65900000,0.82100000,11.21403900,1627777202291,False,True
2891383,13.65900000,0.57800000,7.89490200,1627777202818,False,True
2891384,13.66200000,0.24300000,3.31986600,1627777202818,False,True
2891385,13.66200000,0.82100000,11.21650200,1627777203330,False,True
2891386,13.65900000,0.74000000,10.10766000,1627777203927,True,True
2891387,13.66200000,0.03100000,0.42352200,1627777204273,False,True
2891388,13.66200000,1.43300000,19.57764600,1627777204273,False,True
2891389,13.66300000,2.22000000,30.33186000,1627777208660,False,True
2891390,13.66500000,0.74000000,10.11210000,1627777209023,False,True
2891391,13.66500000,0.73500000,10.04377500,1627777212713,False,True
2891392,13.66600000,7.68400000,105.00954400,1627777214069,False,True
2891393,13.67000000,1.28900000,17.62063000,1627777221304,False,True
2891394,13.67200000,0.74200000,10.14462400,1627777221699,False,True
2891395,13.67300000,0.77000000,10.52821000,1627777222185,False,True
2891396,13.67300000,2.30000000,31.44790000,1627777222185,False,True
2891397,13.67400000,0.73900000,10.10508600,1627777223106,False,True
2891398,13.67400000,0.00800000,0.10939200,1627777223634,False,True
2891399,13.67600000,3.71500000,50.80634000,1627777223709,False,True
2891400,13.67800000,4.50000000,61.55100000,1627777225256,False,True
2891401,13.67800000,0.18000000,2.46204000,1627777225322,False,True
2891402,13.68000000,0.95000000,12.99600000,1627777225608,False,True
2891403,13.68000000,13.10700000,179.30376000,1627777225608,False,True
2891404,13.67500000,0.74000000,10.11950000,1627777227366,True,True
2891405,13.69000000,2.00000000,27.38000000,1627777249361,False,True
2891406,13.69000000,0.20000000,2.73800000,1627777249361,False,True
2891407,13.69000000,0.55000000,7.52950000,1627777249510,False,True
2891408,13.69000000,1.65000000,22.58850000,1627777249510,False,True
2891409,13.69000000,0.20600000,2.82014000,1627777250237,False,True
2891410,13.69200000,2.20000000,30.12240000,1627777250263,False,True
2891411,13.69200000,0.21200000,2.90270400,1627777250348,False,True
2891412,13.69700000,16.18800000,221.72703600,1627777250348,False,True
2891413,13.69700000,25.80000000,353.38260000,1627777250856,False,True
2891414,13.69700000,16.80000000,230.10960000,1627777252475,False,True
2891415,13.69700000,3.42800000,46.95331600,1627777252896,False,True
2891416,13.69700000,7.52900000,103.12471300,1627777252897,False,True
2891417,13.69700000,12.49700000,171.17140900,1627777252899,False,True
2891418,13.69700000,5.84300000,80.03157100,1627777252906,False,True
2891419,13.69700000,6.03700000,82.68878900,1627777252906,False,True
2891420,13.69700000,19.82300000,271.51563100,1627777252909,False,True
2891421,13.69700000,62.22500000,852.29582500,1627777252925,False,True
2891422,13.69700000,7.77500000,106.49417500,1627777252925,False,True
2891423,13.69700000,10.31000000,141.21607000,1627777252933,False,True
2891424,13.69700000,59.69000000,817.57393000,1627777252951,False,True
2891425,13.69700000,10.31000000,141.21607000,1627777252962,False,True
2891426,13.69700000,59.69000000,817.57393000,1627777252962,False,True
2891427,13.69700000,28.39500000,388.92631500,1627777252972,False,True
2891428,13.69700000,29.80000000,408.17060000,1627777252979,False,True
2891429,13.69700000,20.00000000,273.94000000,1627777252997,False,True
2891430,13.69700000,8.48500000,116.21904500,1627777252998,False,True
2891431,13.69700000,29.80000000,408.17060000,1627777253011,False,True
2891432,13.69700000,28.48500000,390.15904500,1627777253011,False,True
2891433,13.69700000,3.65200000,50.02144400,1627777253060,False,True
2891434,13.69700000,55.94800000,766.31975600,1627777253110,False,True
2891435,13.69700000,20.00000000,273.94000000,1627777253113,False,True
2891436,13.69700000,68.08500000,932.56024500,1627777253249,False,True
2891437,13.69700000,77.75900000,1065.06502300,1627777253249,False,True
2891438,13.69700000,10.32600000,141.43522200,1627777253459,False,True
2891439,13.69700000,77.75900000,1065.06502300,1627777253476,False,True
2891440,13.69700000,10.32600000,141.43522200,1627777253505,False,True
2891441,13.69700000,88.08100000,1206.44545700,1627777253518,False,True
2891442,13.69800000,1.47900000,20.25934200,1627777253531,False,True
2891443,13.70000000,10.00000000,137.00000000,1627777253560,False,True
2891444,13.70000000,8.29300000,113.61410000,1627777253560,False,True
2891445,13.70000000,41.70700000,571.38590000,1627777253609,False,True
2891446,13.70000000,1.01600000,13.91920000,1627777253609,False,True
2891447,13.70000000,1.18300000,16.20710000,1627777253609,False,True
2891448,13.70000000,4.99500000,68.43150000,1627777253609,False,True
2891449,13.70400000,0.95000000,13.01880000,1627777255348,False,True
2891450,13.70400000,2.69900000,36.98709600,1627777255421,True,True
2891451,13.69300000,0.74000000,10.13282000,1627777257107,True,True
2891452,13.70600000,0.73700000,10.10132200,1627777259677,False,True
2891453,13.70600000,0.08300000,1.13759800,1627777260733,False,True
2891454,13.70700000,0.91000000,12.47337000,1627777260733,False,True
2891455,13.71100000,6.99900000,95.96328900,1627777260733,False,True
2891456,13.71200000,0.74800000,10.25657600,1627777261751,False,True
2891457,13.71500000,6.99900000,95.99128500,1627777261751,False,True
2891458,13.71500000,0.73700000,10.10795500,1627777264007,False,True
2891459,13.71500000,1.27600000,17.50034000,1627777265608,False,True
2891460,13.72000000,0.73700000,10.11164000,1627777268323,False,True
2891461,13.72000000,3.70500000,50.83260000,1627777270268,False,True
2891462,13.72800000,0.73700000,10.11753600,1627777275737,False,True
2891463,13.72900000,0.95000000,13.04255000,1627777275747,False,True
2891464,13.72900000,0.73900000,10.14573100,1627777275747,False,True
2891465,13.73300000,4.66200000,64.02324600,1627777275908,False,True
2891466,13.73400000,0.77000000,10.57518000,1627777275958,False,True
2891467,13.73400000,0.82000000,11.26188000,1627777275958,False,True
2891468,13.73500000,1.87500000,25.75312500,1627777276612,False,True
2891469,13.72700000,0.74000000,10.15798000,1627777277038,True,True
2891470,13.74400000,0.73600000,10.11558400,1627777278438,False,True
2891471,13.74400000,0.00700000,0.09620800,1627777278464,False,True
2891472,13.74900000,0.74000000,10.17426000,1627777278464,False,True
2891473,13.75200000,13.00000000,178.77600000,1627777278464,False,True
2891474,13.75400000,0.95000000,13.06630000,1627777278464,False,True
2891475,13.75500000,0.73500000,10.10992500,1627777279468,False,True
2891476,13.75600000,9.56800000,131.61740800,1627777279468,False,True
2891477,13.75800000,5.09200000,70.05573600,1627777279757,False,True
2891478,13.75500000,0.73500000,10.10992500,1627777280230,True,True
2891479,13.74500000,0.00500000,0.06872500,1627777280230,True,True
2891480,13.75800000,32.64100000,449.07487800,1627777281053,False,True
2891481,13.75800000,0.73500000,10.11213000,1627777282281,True,True
2891482,13.76000000,0.73500000,10.11360000,1627777283194,False,True
2891483,13.76000000,0.03700000,0.50912000,1627777284857,False,True
2891484,13.76200000,1.10600000,15.22077200,1627777284922,False,True
2891485,13.76200000,0.74200000,10.21140400,1627777284922,False,True
2891486,13.76300000,0.82000000,11.28566000,1627777285665,False,True
2891487,13.76500000,1.47600000,20.31714000,1627777285710,False,True
2891488,13.76500000,0.73400000,10.10351000,1627777285710,False,True
2891489,13.77400000,0.73400000,10.11011600,1627777288866,False,True
2891490,13.77400000,0.73400000,10.11011600,1627777289276,False,True
2891491,13.77400000,0.00100000,0.01377400,1627777289282,False,True
2891492,13.78000000,0.95000000,13.09100000,1627777289523,False,True
2891493,13.78100000,0.73300000,10.10147300,1627777289523,False,True
2891494,13.78100000,3.66900000,50.56248900,1627777289523,False,True
2891495,13.78100000,0.74200000,10.22550200,1627777289523,False,True
2891496,13.78100000,5.14100000,70.84812100,1627777289523,False,True
2891497,13.78200000,0.74400000,10.25380800,1627777289523,False,True
2891498,13.78300000,8.42000000,116.05286000,1627777289523,False,True
2891499,13.78400000,0.74400000,10.25529600,1627777289523,False,True
2891500,13.78900000,3.85700000,53.18417300,1627777289523,False,True
2891501,13.78000000,1.45200000,20.00856000,1627777290706,True,True
2891502,13.78900000,0.73300000,10.10733700,1627777290776,False,True
2891503,13.78900000,0.05300000,0.73081700,1627777290780,False,True
2891504,13.78900000,0.68000000,9.37652000,1627777290780,False,True
2891505,13.78900000,3.62700000,50.01270300,1627777290813,False,True
2891506,13.78000000,1.45100000,19.99478000,1627777290956,True,True
2891507,13.78700000,0.73300000,10.10587100,1627777291260,False,True
2891508,13.78700000,0.73300000,10.10587100,1627777291273,False,True
2891509,13.76600000,0.74000000,10.18684000,1627777291282,True,True
2891510,13.76400000,8.42000000,115.89288000,1627777292352,True,True
2891511,13.76300000,0.73400000,10.10204200,1627777292408,True,True
2891512,13.76300000,1.09000000,15.00167000,1627777292408,True,True
2891513,13.75600000,4.62400000,63.60774400,1627777293066,True,True
2891514,13.75600000,13.00000000,178.82800000,1627777293066,True,True
2891515,13.75600000,7.42800000,102.17956800,1627777293630,True,True
2891516,13.75600000,2.20700000,30.35949200,1627777293643,True,True
2891517,13.75500000,0.73500000,10.10992500,1627777293657,True,True
2891518,13.74900000,1.44600000,19.88105400,1627777293657,True,True
2891519,13.75100000,2.21200000,30.41721200,1627777293676,True,True
2891520,13.75100000,0.74400000,10.23074400,1627777293681,True,True
2891521,13.75600000,0.81200000,11.16987200,1627777294634,True,True
2891522,13.75700000,1.01600000,13.97711200,1627777295488,True,True
2891523,13.75700000,1.01600000,13.97711200,1627777295541,True,True
2891524,13.75700000,1.01600000,13.97711200,1627777295541,True,True
2891525,13.75700000,1.01600000,13.97711200,1627777295541,True,True
2891526,13.75700000,1.01600000,13.97711200,1627777295541,True,True
2891527,13.75700000,1.01600000,13.97711200,1627777295541,True,True
2891528,13.75700000,1.01600000,13.97711200,1627777295541,True,True
2891529,13.75700000,1.01600000,13.97711200,1627777295541,True,True
2891530,13.75700000,0.58600000,8.06160200,1627777295541,True,True
2891531,13.75000000,3.67900000,50.58625000,1627777295669,True,True
2891532,13.75000000,20.23000000,278.16250000,1627777295670,True,True
2891533,13.75000000,13.00000000,178.75000000,1627777295670,True,True
2891534,13.74100000,5.15600000,70.84859600,1627777296640,True,True
2891535,13.74100000,0.75200000,10.33323200,1627777296672,True,True
2891536,13.73400000,0.82000000,11.26188000,1627777296867,True,True
2891537,13.73200000,1.01800000,13.97917600,1627777296867,True,True
2891538,13.73200000,1.01800000,13.97917600,1627777296867,True,True
2891539,13.73200000,1.01800000,13.97917600,1627777296867,True,True
2891540,13.73200000,1.01800000,13.97917600,1627777296867,True,True
2891541,13.73200000,1.01800000,13.97917600,1627777296867,True,True
2891542,13.73200000,1.01800000,13.97917600,1627777296867,True,True
2891543,13.73200000,1.01800000,13.97917600,1627777296867,True,True
2891544,13.73200000,1.01800000,13.97917600,1627777296867,True,True
2891545,13.73200000,0.58400000,8.01948800,1627777296867,True,True
2891546,13.72800000,0.95000000,13.04160000,1627777296867,True,True
2891547,13.71800000,13.00000000,178.33400000,1627777298667,True,True
2891548,13.75500000,1.81700000,24.99283500,1627777298683,False,True
2891549,13.71800000,1.32700000,18.20378600,1627777298688,True,True
2891550,13.71800000,11.67300000,160.13021400,1627777298690,True,True
2891551,13.71600000,20.36200000,279.28519200,1627777298961,True,True
2891552,13.71500000,1.09400000,15.00421000,1627777298967,True,True
2891553,13.70600000,0.82000000,11.23892000,1627777298967,True,True
2891554,13.70200000,0.95000000,13.01690000,1627777298967,True,True
2891555,13.70000000,2.71300000,37.16810000,1627777298967,True,True
2891556,13.70200000,1.47400000,20.19674800,1627777298983,True,True
2891557,13.70200000,5.67600000,77.77255200,1627777299286,True,True
2891558,13.70200000,5.85000000,80.15670000,1627777299898,True,True
2891559,13.70200000,13.00000000,178.12600000,1627777300568,True,True
2891560,13.70000000,1.93000000,26.44100000,1627777300641,True,True
2891561,13.73300000,11.67600000,160.34650800,1627777305557,False,True
2891562,13.73300000,13.00000000,178.52900000,1627777306155,False,True
2891563,13.73300000,13.00000000,178.52900000,1627777306216,False,True
2891564,13.73400000,0.82000000,11.26188000,1627777306234,False,True
2891565,13.75000000,12.86200000,176.85250000,1627777307643,False,True
2891566,13.74500000,0.73500000,10.10257500,1627777317280,False,True
2891567,13.73000000,1.54100000,21.15793000,1627777318506,True,True
2891568,13.73000000,0.35000000,4.80550000,1627777318535,True,True
2891569,13.73700000,7.29100000,100.15646700,1627777323909,False,True
2891570,13.73200000,1.89100000,25.96721200,1627777326178,False,True
2891571,13.73300000,1.75000000,24.03275000,1627777326178,False,True
2891572,13.72200000,2.18700000,30.01001400,1627777328181,False,True
2891573,13.72200000,0.80200000,11.00504400,1627777328490,False,True
2891574,13.68800000,0.74500000,10.19756000,1627777338864,True,True
2891575,13.69100000,9.35100000,128.02454100,1627777370119,True,True
2891576,13.69100000,1.89100000,25.88968100,1627777370810,True,True
2891577,13.69000000,0.73100000,10.00739000,1627777370810,True,True
2891578,13.69000000,8.31600000,113.84604000,1627777370858,False,True
2891579,13.69000000,7.18200000,98.32158000,1627777370866,False,True
2891580,13.69000000,8.31600000,113.84604000,1627777370871,False,True
2891581,13.69100000,11.24200000,153.91422200,1627777374357,True,True
2891582,13.69000000,1.02100000,13.97749000,1627777374357,True,True
2891583,13.69000000,1.02100000,13.97749000,1627777374357,True,True
2891584,13.69000000,1.02100000,13.97749000,1627777374357,True,True
2891585,13.69000000,1.02100000,13.97749000,1627777374357,True,True
2891586,13.69000000,1.02100000,13.97749000,1627777374357,True,True
2891587,13.69000000,1.02100000,13.97749000,1627777374357,True,True
2891588,13.69000000,1.02100000,13.97749000,1627777374357,True,True
2891589,13.69000000,1.02100000,13.97749000,1627777374357,True,True
2891590,13.69000000,0.59000000,8.07710000,1627777374357,True,True
2891591,13.68900000,47.79000000,654.19731000,1627777374357,True,True
2891592,13.71100000,11.24200000,154.13906200,1627777387668,True,True
2891593,13.71000000,13.00000000,178.23000000,1627777387668,True,True
2891594,13.70900000,2.57000000,35.23213000,1627777387668,True,True
2891595,13.70900000,7.17900000,98.41691100,1627777387668,True,True
2891596,13.70800000,8.22200000,112.70717600,1627777387668,True,True
2891597,13.70600000,0.82000000,11.23892000,1627777387668,True,True
2891598,13.70000000,52.00000000,712.40000000,1627777387668,True,True
2891599,13.69500000,7.26100000,99.43939500,1627777387668,True,True
2891600,13.69200000,7.18900000,98.43178800,1627777387668,True,True
2891601,13.72500000,1.02000000,13.99950000,1627777406700,False,True
2891602,13.72500000,1.02000000,13.99950000,1627777406700,False,True
2891603,13.72500000,1.02000000,13.99950000,1627777406700,False,True
2891604,13.72500000,1.02000000,13.99950000,1627777406700,False,True
2891605,13.72500000,1.02000000,13.99950000,1627777406700,False,True
2891606,13.72500000,1.02000000,13.99950000,1627777406700,False,True
2891607,13.72500000,1.02000000,13.99950000,1627777406700,False,True
2891608,13.72500000,1.02000000,13.99950000,1627777406700,False,True
2891609,13.72500000,0.59100000,8.11147500,1627777406700,False,True
2891610,13.73200000,13.00000000,178.51600000,1627777410489,False,True
2891611,13.73400000,0.82000000,11.26188000,1627777414294,False,True
2891612,13.74300000,2.75700000,37.88945100,1627777415415,False,True
2891613,13.71100000,8.75100000,119.98496100,1627777437742,True,True
2891614,13.72400000,6.31400000,86.65333600,1627777449150,False,True
2891615,13.72400000,20.13200000,276.29156800,1627777449150,False,True
2891616,13.72400000,17.27300000,237.05465200,1627777449150,False,True
2891617,13.70700000,13.18800000,180.76791600,1627777479727,True,True
2891618,13.70600000,0.82000000,11.23892000,1627777479727,True,True
2891619,13.70600000,12.90000000,176.80740000,1627777479727,True,True
2891620,13.70100000,7.40200000,101.41480200,1627777479750,False,True
2891621,13.70100000,4.50000000,61.65450000,1627777479762,False,True
2891622,13.70100000,38.40000000,526.11840000,1627777479763,False,True
2891623,13.70100000,38.40000000,526.11840000,1627777479767,False,True
2891624,13.70100000,233.27000000,3196.03227000,1627777479773,False,True
2891625,13.72700000,13.00000000,178.45100000,1627777492879,False,True
2891626,13.72700000,116.34100000,1597.01290700,1627777492879,False,True
2891627,13.71500000,0.73700000,10.10795500,1627777504314,False,True
2891628,13.71500000,2.18800000,30.00842000,1627777504837,True,True
2891629,13.71100000,0.89300000,12.24392300,1627777564719,True,True
2891630,13.69900000,2.02600000,27.75417400,1627777582669,True,True
2891631,13.71100000,0.82300000,11.28415300,1627777600540,False,True
2891632,13.72300000,2.19900000,30.17687700,1627777616505,False,True
2891633,13.72300000,6.66400000,91.45007200,1627777617616,False,True
2891634,13.73300000,1.02000000,14.00766000,1627777617616,False,True
2891635,13.73300000,15.22600000,209.09865800,1627777617616,False,True
2891636,13.73300000,1.02000000,14.00766000,1627777617616,False,True
2891637,13.73300000,1.02000000,14.00766000,1627777617616,False,True
2891638,13.73300000,1.02000000,14.00766000,1627777617616,False,True
2891639,13.73300000,1.02000000,14.00766000,1627777617616,False,True
2891640,13.73300000,1.02000000,14.00766000,1627777617616,False,True
2891641,13.73300000,1.02000000,14.00766000,1627777617616,False,True
2891642,13.73300000,1.02000000,14.00766000,1627777617616,False,True
2891643,13.73300000,0.58700000,8.06127100,1627777617616,False,True
2891644,13.73400000,0.82000000,11.26188000,1627777617616,False,True
2891645,13.73400000,126.40900000,1736.10120600,1627777617616,False,True
2891646,13.73800000,68.95500000,947.30379000,1627777617616,False,True
2891647,13.73900000,32.03500000,440.12886500,1627777617616,False,True
2891648,13.73900000,0.73800000,10.13938200,1627777697079,False,True
2891649,13.73900000,2.30000000,31.59970000,1627777697079,False,True
2891650,13.75400000,0.95000000,13.06630000,1627777709569,False,True
2891651,13.75900000,7.83700000,107.82928300,1627777709569,False,True
2891652,13.75300000,8.41900000,115.78650700,1627777722126,True,True
2891653,13.76200000,4.60600000,63.38777200,1627777722281,False,True
2891654,13.75000000,2.00000000,27.50000000,1627777756101,True,True
2891655,13.76300000,0.82000000,11.28566000,1627777761691,False,True
2891656,13.74900000,13.00000000,178.73700000,1627777762678,True,True
2891657,13.75100000,15.24400000,209.62024400,1627777780599,True,True
2891658,13.74300000,1.01700000,13.97663100,1627777785381,True,True
2891659,13.74300000,1.01700000,13.97663100,1627777787059,True,True
2891660,13.74300000,1.01700000,13.97663100,1627777787059,True,True
2891661,13.74300000,1.01700000,13.97663100,1627777787059,True,True
2891662,13.74300000,1.01700000,13.97663100,1627777787059,True,True
2891663,13.74300000,1.01700000,13.97663100,1627777787059,True,True
2891664,13.74300000,1.01700000,13.97663100,1627777787059,True,True
2891665,13.74300000,1.01700000,13.97663100,1627777787059,True,True
2891666,13.74300000,0.58800000,8.08088400,1627777787059,True,True
2891667,13.74200000,4.11800000,56.58955600,1627777787059,True,True
2891668,13.74200000,505.19600000,6942.40343200,1627777787068,True,True
2891669,13.73600000,2.91200000,39.99923200,1627777788432,True,True
2891670,13.73400000,0.82000000,11.26188000,1627777790333,True,True
2891671,13.72600000,1.01800000,13.97306800,1627777790333,True,True
2891672,13.72600000,1.01800000,13.97306800,1627777790333,True,True
2891673,13.72600000,0.03700000,0.50786200,1627777790333,True,True
2891674,13.72800000,10.79200000,148.15257600,1627777821459,True,True
2891675,13.72800000,6.03500000,82.84848000,1627777821461,True,True
2891676,13.73400000,2.18400000,29.99505600,1627777822438,False,True
2891677,13.72200000,0.72900000,10.00333800,1627777824283,True,True
2891678,13.73000000,18.63900000,255.91347000,1627777824523,False,True
2891679,13.73100000,13.00000000,178.50300000,1627777824523,False,True
2891680,13.73400000,8.17800000,112.31665200,1627777824523,False,True
2891681,13.73600000,97.71600000,1342.22697600,1627777824530,True,True
2891682,13.70600000,0.82000000,11.23892000,1627777832459,True,True
2891683,13.70300000,3.00000000,41.10900000,1627777837362,True,True
2891684,13.70200000,0.95000000,13.01690000,1627777847707,True,True
2891685,13.70000000,2.64400000,36.22280000,1627777847720,True,True
2891686,13.68800000,0.97000000,13.27736000,1627777848419,True,True
2891687,13.68300000,1.46200000,20.00454600,1627777853663,True,True
2891688,13.67800000,0.82000000,11.21596000,1627777854273,True,True
2891689,13.67700000,0.95000000,12.99315000,1627777854273,True,True
2891690,13.67300000,0.77000000,10.52821000,1627777855317,True,True
2891691,13.68400000,11.82500000,161.81330000,1627777893557,False,True
2891692,13.68400000,1.17500000,16.07870000,1627777893581,False,True
2891693,13.67900000,4.50000000,61.55550000,1627777893616,True,True
2891694,13.67700000,4.50000000,61.54650000,1627777898330,False,True
2891695,13.66600000,11.82500000,161.60045000,1627777951482,True,True
2891696,13.67900000,11.82500000,161.75417500,1627777969239,False,True
2891697,13.67900000,1.17500000,16.07282500,1627777969244,False,True
2891698,13.69500000,1.02400000,14.02368000,1627777969257,False,True
2891699,13.68300000,11.67400000,159.73534200,1627777969266,False,True
2891700,13.69500000,1.02400000,14.02368000,1627777969281,False,True
2891701,13.69500000,1.02400000,14.02368000,1627777969281,False,True
2891702,13.69500000,1.02400000,14.02368000,1627777969281,False,True
2891703,13.69500000,1.02400000,14.02368000,1627777969281,False,True
2891704,13.69500000,1.02400000,14.02368000,1627777969281,False,True
2891705,13.69500000,1.02400000,14.02368000,1627777969281,False,True
2891706,13.69500000,1.02400000,14.02368000,1627777969281,False,True
2891707,13.69500000,0.13700000,1.87621500,1627777969281,False,True
2891708,13.69500000,0.45000000,6.16275000,1627777969281,False,True
2891709,13.70200000,7.18900000,98.50367800,1627777969282,False,True
2891710,13.70500000,13.00000000,178.16500000,1627777969282,False,True
2891711,13.70600000,0.82000000,11.23892000,1627777969282,False,True
2891712,13.70900000,8.42000000,115.42978000,1627777969282,False,True
2891713,13.71000000,63.17900000,866.18409000,1627777969282,False,True
2891714,13.71000000,89.36200000,1225.15302000,1627777969293,False,True
2891715,13.72900000,0.95000000,13.04255000,1627777969302,False,True
2891716,13.72800000,7.28700000,100.03593600,1627777969308,False,True
2891717,13.72800000,5.41100000,74.28220800,1627777969308,False,True
2891718,13.73400000,7.10000000,97.51140000,1627777969310,False,True
2891719,13.73400000,0.82000000,11.26188000,1627777969310,False,True
2891720,13.73400000,0.77000000,10.57518000,1627777969310,False,True
2891721,13.75400000,0.95000000,13.06630000,1627777969318,False,True
2891722,13.70000000,13.00000000,178.10000000,1627777969329,True,True
2891723,13.76000000,13.00000000,178.88000000,1627777969358,False,True
2891724,13.76300000,0.82000000,11.28566000,1627777969374,False,True
2891725,13.78000000,0.95000000,13.09100000,1627777969754,False,True
2891726,13.78900000,4.64300000,64.02232700,1627777969764,False,True
2891727,13.79000000,5.90800000,81.47132000,1627777969788,False,True
2891728,13.79100000,0.82000000,11.30862000,1627777969931,False,True
2891729,13.79200000,1.08800000,15.00569600,1627777969938,False,True
2891730,13.79500000,0.77000000,10.62215000,1627777969945,False,True
2891731,13.79500000,0.80000000,11.03600000,1627777969945,False,True
2891732,13.79600000,2.20400000,30.40638400,1627777969952,False,True
2891733,13.79900000,1.47300000,20.32592700,1627777969965,False,True
2891734,13.79900000,0.74100000,10.22505900,1627777969965,False,True
2891735,13.79900000,0.73600000,10.15606400,1627777969965,False,True
2891736,13.80000000,2.88100000,39.75780000,1627777970042,False,True
2891737,13.80000000,1.01800000,14.04840000,1627777970042,False,True
2891738,13.80000000,135.99800000,1876.77240000,1627777970042,False,True
2891739,13.80000000,1.85700000,25.62660000,1627777970042,False,True
2891740,13.80000000,30.00000000,414.00000000,1627777970042,False,True
2891741,13.80000000,18.89600000,260.76480000,1627777970042,False,True
2891742,13.80100000,0.74100000,10.22654100,1627777970062,False,True
2891743,13.80600000,0.95000000,13.11570000,1627777970062,False,True
2891744,13.80800000,1.27600000,17.61900800,1627777970062,False,True
2891745,13.81900000,0.82000000,11.33158000,1627777970062,False,True
2891746,13.82300000,1.44800000,20.01570400,1627777970062,False,True
2891747,13.82400000,5.37800000,74.34547200,1627777970062,False,True
2891748,13.82700000,7.29100000,100.81265700,1627777970062,False,True
2891749,13.82800000,1.87500000,25.92750000,1627777970062,False,True
2891750,13.82900000,1.66000000,22.95614000,1627777970062,False,True
2891751,13.82900000,2.40200000,33.21725800,1627777970062,False,True
2891752,13.83100000,0.95000000,13.13945000,1627777970062,False,True
2891753,13.83300000,1.47500000,20.40367500,1627777970062,False,True
2891754,13.84500000,0.73500000,10.17607500,1627777970062,False,True
2891755,13.84500000,4.62400000,64.01928000,1627777970062,False,True
2891756,13.84700000,0.82000000,11.35454000,1627777970062,False,True
2891757,13.84800000,0.73100000,10.12288800,1627777970062,False,True
2891758,13.84900000,16.18300000,224.11836700,1627777970062,False,True
2891759,13.84300000,1.08400000,15.00581200,1627777971147,False,True
2891760,13.84300000,1.26500000,17.51139500,1627777971203,False,True
2891761,13.84300000,1.44500000,20.00313500,1627777971239,False,True
2891762,13.82600000,0.73100000,10.10680600,1627777971611,False,True
2891763,13.82400000,0.73000000,10.09152000,1627777971749,False,True
2891764,13.78100000,0.78300000,10.79052300,1627777971821,True,True
2891765,13.78100000,1.11700000,15.39337700,1627777972003,True,True
2891766,13.82400000,2.16900000,29.98425600,1627777972016,False,True
2891767,13.82100000,0.73100000,10.10315100,1627777972132,False,True
2891768,13.82100000,0.73100000,10.10315100,1627777972277,False,True
2891769,13.76300000,0.73400000,10.10204200,1627777973030,True,True
2891770,13.76300000,0.00800000,0.11010400,1627777973030,True,True
2891771,13.77900000,0.95000000,13.09005000,1627777974902,True,True
2891772,13.80300000,0.82000000,11.31846000,1627777976212,False,True
2891773,13.79100000,0.82000000,11.30862000,1627777976379,True,True
2891774,13.76300000,0.82000000,11.28566000,1627777983653,True,True
2891775,13.75600000,4.62400000,63.60774400,1627777983665,True,True
2891776,13.78000000,0.73300000,10.10074000,1627777983880,False,True
2891777,13.75400000,0.95000000,13.06630000,1627777990714,True,True
2891778,13.74700000,13.00000000,178.71100000,1627777990722,True,True
2891779,13.75900000,1.45300000,19.99182700,1627777991926,False,True
2891780,13.75900000,0.44700000,6.15027300,1627777993487,False,True
2891781,13.76400000,4.18800000,57.64363200,1627777993591,False,True
2891782,13.75600000,1.88700000,25.95757200,1627778000429,True,True
2891783,13.74900000,3.00000000,41.24700000,1627778004785,True,True
2891784,13.74900000,10.00000000,137.49000000,1627778004785,True,True
2891785,13.76200000,1.45500000,20.02371000,1627778014260,True,True
2891786,13.75200000,8.38100000,115.25551200,1627778014309,True,True
2891787,13.74700000,8.38100000,115.21360700,1627778014400,True,True
2891788,13.74800000,8.38100000,115.22198800,1627778014422,True,True
2891789,13.76300000,1.88700000,25.97078100,1627778022550,False,True
2891790,13.77400000,6.49400000,89.44835600,1627778023175,False,True
2891791,13.79100000,0.82000000,11.30862000,1627778033074,False,True
2891792,13.80500000,13.00000000,179.46500000,1627778041608,False,True
2891793,13.80600000,0.95000000,13.11570000,1627778041632,False,True
2891794,13.79600000,0.72500000,10.00210000,1627778047830,True,True
2891795,13.79300000,1.19300000,16.45504900,1627778047830,True,True
2891796,13.80200000,5.02700000,69.38265400,1627778060953,False,True
2891797,13.79700000,13.00000000,179.36100000,1627778113102,True,True
2891798,13.79200000,13.00000000,179.29600000,1627778117628,True,True
2891799,13.78900000,11.82500000,163.05492500,1627778117694,True,True
2891800,13.79300000,6.31300000,87.07520900,1627778244385,True,True
2891801,13.79200000,13.00000000,179.29600000,1627778244394,True,True
2891802,13.78600000,13.00000000,179.21800000,1627778244523,True,True
2891803,13.77700000,0.86700000,11.94465900,1627778244523,True,True
2891804,13.77700000,12.13300000,167.15634100,1627778244588,True,True
2891805,13.79200000,8.22200000,113.39782400,1627778264820,True,True
2891806,13.78600000,1.98100000,27.31006600,1627778270734,True,True
2891807,13.79500000,8.22200000,113.42249000,1627778274831,False,True
2891808,13.78500000,736.28300000,10149.66115500,1627778278314,True,True
2891809,13.78000000,2.00000000,27.56000000,1627778288506,False,True
2891810,13.79900000,12.42000000,171.38358000,1627778294995,False,True
2891811,13.80000000,1.88000000,25.94400000,1627778294995,False,True
2891812,13.77700000,1.16200000,16.00887400,1627778324385,True,True
2891813,13.77700000,3.62900000,49.99673300,1627778407464,True,True
2891814,13.76900000,1.20200000,16.55033800,1627778421971,True,True
2891815,13.76300000,0.82000000,11.28566000,1627778422774,True,True
2891816,13.77900000,13.00000000,179.12700000,1627778470445,False,True
2891817,13.79100000,0.82000000,11.30862000,1627778471462,False,True
2891818,13.77000000,1.66600000,22.94082000,1627778474167,True,True
2891819,13.79100000,100.77600000,1389.80181600,1627778515362,False,True
2891820,13.79100000,166.50000000,2296.20150000,1627778515363,False,True
2891821,13.79100000,100.77600000,1389.80181600,1627778515367,False,True
2891822,13.79100000,141.26200000,1948.14424200,1627778515368,False,True
2891823,13.81200000,6.38900000,88.24486800,1627778515501,False,True
2891824,13.81200000,6.61100000,91.31113200,1627778515504,False,True
2891825,13.81900000,0.82000000,11.33158000,1627778515873,False,True
2891826,13.83000000,11.82500000,163.53975000,1627778515877,False,True
2891827,13.83100000,0.95000000,13.13945000,1627778535523,False,True
2891828,13.83000000,0.73800000,10.20654000,1627778537583,True,True
2891829,13.84500000,4.60000000,63.68700000,1627778539410,False,True
2891830,13.83600000,27.38000000,378.82968000,1627778539744,True,True
2891831,13.83500000,7.00500000,96.91417500,1627778539754,True,True
2891832,13.84500000,0.02400000,0.33228000,1627778545315,False,True
2891833,13.84700000,0.82000000,11.35454000,1627778546522,False,True
2891834,13.85000000,19.67800000,272.54030000,1627778546680,False,True
2891835,13.85000000,14.80000000,204.98000000,1627778546808,False,True
2891836,13.85000000,12.72100000,176.18585000,1627778546866,False,True
2891837,13.85100000,0.94800000,13.13074800,1627778547683,False,True
2891838,13.85600000,2.19700000,30.44163200,1627778550882,False,True
2891839,13.85700000,0.77000000,10.66989000,1627778550882,False,True
2891840,13.85800000,0.95000000,13.16510000,1627778550882,False,True
2891841,13.85800000,71.38300000,989.22561400,1627778550882,False,True
2891842,13.84900000,0.72200000,9.99897800,1627778551689,True,True
2891843,13.84900000,0.73800000,10.22056200,1627778551938,True,True
2891844,13.85800000,11.50000000,159.36700000,1627778552110,False,True
2891845,13.85800000,0.02700000,0.37416600,1627778556034,False,True
2891846,13.85900000,13.69000000,189.72971000,1627778556034,False,True
2891847,13.86000000,0.72200000,10.00692000,1627778556034,False,True
2891848,13.86000000,13.00000000,180.18000000,1627778556034,False,True
2891849,13.86200000,0.72900000,10.10539800,1627778556034,False,True
2891850,13.86700000,1.09400000,15.17049800,1627778556034,False,True
2891851,13.86800000,0.73700000,10.22071600,1627778556034,False,True
2891852,13.87600000,0.82000000,11.37832000,1627778556034,False,True
2891853,13.87700000,2.30000000,31.91710000,1627778556034,False,True
2891854,13.87700000,7.19800000,99.88664600,1627778556034,False,True
2891855,13.87900000,0.73000000,10.13167000,1627778556034,False,True
2891856,13.88100000,8.18500000,113.61598500,1627778556034,False,True
2891857,13.88300000,2.91400000,40.45506200,1627778556034,False,True
2891858,13.88400000,0.95000000,13.18980000,1627778556034,False,True
2891859,13.88900000,58.01500000,805.77033500,1627778556034,False,True
2891860,13.81500000,0.73800000,10.19547000,1627778557810,True,True
2891861,13.80600000,2.91900000,40.29971400,1627778558125,True,True
2891862,13.80900000,0.80200000,11.07481800,1627778558704,True,True
2891863,13.81600000,2.17400000,30.03598400,1627778558957,True,True
2891864,13.82900000,0.90400000,12.50141600,1627778559412,False,True
2891865,13.83100000,0.94800000,13.11178800,1627778560349,True,True
2891866,13.83100000,0.00200000,0.02766200,1627778560353,True,True
2891867,13.83300000,4.58700000,63.45197100,1627778563340,False,True
2891868,13.83300000,9.10300000,125.92179900,1627778563459,False,True
2891869,13.83300000,1.01200000,13.99899600,1627778563459,False,True
2891870,13.83300000,1.01200000,13.99899600,1627778563459,False,True
2891871,13.83300000,1.01200000,13.99899600,1627778563459,False,True
2891872,13.83300000,1.01200000,13.99899600,1627778563459,False,True
2891873,13.83300000,1.01200000,13.99899600,1627778563459,False,True
2891874,13.83300000,1.01200000,13.99899600,1627778563459,False,True
2891875,13.83300000,1.01200000,13.99899600,1627778563459,False,True
2891876,13.83300000,1.01200000,13.99899600,1627778563459,False,True
2891877,13.83300000,0.58600000,8.10613800,1627778563459,False,True
2891878,13.83400000,93.32600000,1291.07188400,1627778563459,False,True
2891879,13.82300000,2.17100000,30.00973300,1627778567343,False,True
2891880,13.82300000,0.73100000,10.10461300,1627778567452,False,True
2891881,13.82300000,0.73100000,10.10461300,1627778567474,False,True
2891882,13.82300000,1.44700000,20.00188100,1627778567494,False,True
2891883,13.82300000,0.73100000,10.10461300,1627778567513,False,True
2891884,13.82900000,13.69000000,189.31901000,1627778572296,False,True
2891885,13.83000000,8.22200000,113.71026000,1627778572296,False,True
2891886,13.84300000,7.79300000,107.87849900,1627778572296,False,True
2891887,13.84900000,7.55300000,104.60149700,1627778572296,False,True
2891888,13.85400000,73.85300000,1023.15946200,1627778572296,False,True
2891889,13.81300000,11.82500000,163.33872500,1627778583110,True,True
2891890,13.82700000,13.00000000,179.75100000,1627778583243,False,True
2891891,13.82800000,13.69000000,189.30532000,1627778583243,False,True
2891892,13.83600000,7.28100000,100.73991600,1627778583243,False,True
2891893,13.84100000,7.56800000,104.74868800,1627778583243,False,True
2891894,13.84300000,69.57200000,963.08519600,1627778583243,False,True
2891895,13.82500000,2.17000000,30.00025000,1627778586128,False,True
2891896,13.82300000,0.79600000,11.00310800,1627778587509,False,True
2891897,13.83400000,13.69000000,189.38746000,1627778595157,False,True
2891898,13.83500000,13.00000000,179.85500000,1627778595157,False,True
2891899,13.84200000,84.42100000,1168.55548200,1627778595157,False,True
2891900,13.83400000,1.08500000,15.00989000,1627778596216,True,True
2891901,13.83000000,20.27700000,280.43091000,1627778611558,False,True
2891902,13.83100000,13.00000000,179.80300000,1627778611558,False,True
2891903,13.83300000,1.01200000,13.99899600,1627778611558,False,True
2891904,13.83300000,1.01200000,13.99899600,1627778611558,False,True
2891905,13.83300000,1.01200000,13.99899600,1627778611558,False,True
2891906,13.83300000,1.01200000,13.99899600,1627778611558,False,True
2891907,13.83300000,1.01200000,13.99899600,1627778611558,False,True
2891908,13.83300000,1.01200000,13.99899600,1627778611558,False,True
2891909,13.83300000,1.01200000,13.99899600,1627778611558,False,True
2891910,13.83300000,1.01200000,13.99899600,1627778611558,False,True
2891911,13.83300000,0.58500000,8.09230500,1627778611558,False,True
2891912,13.84200000,69.15300000,957.21582600,1627778611558,False,True
2891913,13.83400000,3.08500000,42.67789000,1627778614065,True,True
2891914,13.83400000,96.75600000,1338.52250400,1627778614066,True,True
2891915,13.83200000,7.24100000,100.15751200,1627778619246,False,True
2891916,13.83200000,20.27700000,280.47146400,1627778624607,False,True
2891917,13.83300000,11.60000000,160.46280000,1627778624607,False,True
2891918,13.84000000,79.23400000,1096.59856000,1627778624607,False,True
2891919,13.85200000,3.61000000,50.00572000,1627778631811,False,True
2891920,13.84700000,0.82000000,11.35454000,1627778633286,True,True
2891921,13.82300000,1.85300000,25.61401900,1627778642671,True,True
2891922,13.81900000,0.82000000,11.33158000,1627778642867,True,True
2891923,13.81900000,1.01100000,13.97100900,1627778642867,True,True
2891924,13.81900000,1.01100000,13.97100900,1627778642867,True,True
2891925,13.81900000,1.01100000,13.97100900,1627778642867,True,True
2891926,13.81900000,1.01100000,13.97100900,1627778642867,True,True
2891927,13.81900000,1.01100000,13.97100900,1627778642867,True,True
2891928,13.81900000,1.01100000,13.97100900,1627778642867,True,True
2891929,13.81900000,1.01100000,13.97100900,1627778642867,True,True
2891930,13.81900000,1.01100000,13.97100900,1627778642867,True,True
2891931,13.81900000,0.58400000,8.07029600,1627778642867,True,True
2891932,13.81800000,17.30800000,239.16194400,1627778642867,True,True
2891933,13.81800000,1234.61900000,17059.96534200,1627778642976,True,True
2891934,13.80900000,13.00000000,179.51700000,1627778642988,True,True
2891935,13.80600000,3.42900000,47.34077400,1627778642988,True,True
2891936,13.80600000,0.83700000,11.55562200,1627778642988,True,True
2891937,13.80600000,1.62900000,22.48997400,1627778642988,True,True
2891938,13.82400000,8.22200000,113.66092800,1627778695478,False,True
2891939,13.83700000,1.85300000,25.63996100,1627778713582,False,True
2891940,13.84600000,6.31300000,87.40979800,1627778713649,False,True
2891941,13.84700000,0.82000000,11.35454000,1627778714077,False,True
2891942,13.82500000,13.00000000,179.72500000,1627778725745,True,True
2891943,13.82500000,45.33900000,626.81167500,1627778725745,True,True
2891944,13.82000000,8.22200000,113.62804000,1627778725793,True,True
2891945,13.81900000,2.67300000,36.93818700,1627778726032,True,True
2891946,13.82400000,79.15400000,1094.22489600,1627778727094,False,True
2891947,13.82400000,10.81700000,149.53420800,1627778749942,False,True
2891948,13.83900000,11.82500000,163.64617500,1627778750119,False,True
2891949,13.83900000,8.41900000,116.51054100,1627778750127,False,True
2891950,13.83400000,99.84100000,1381.20039400,1627778759033,False,True
2891951,13.82600000,6.31400000,87.29736400,1627778765288,True,True
2891952,13.82100000,5.51100000,76.16753100,1627778765288,True,True
2891953,13.84300000,11.82500000,163.69347500,1627778775372,False,True
2891954,13.83500000,45.18100000,625.07913500,1627778793278,True,True
2891955,13.83400000,45.18100000,625.03395400,1627778793440,True,True
2891956,13.83400000,22.59000000,312.51006000,1627778793471,True,True
2891957,13.83400000,22.59000000,312.51006000,1627778793617,True,True
2891958,13.83100000,11.82500000,163.55157500,1627778795725,True,True
2891959,13.83100000,10.76500000,148.89071500,1627778795726,True,True
2891960,13.83000000,13.00000000,179.79000000,1627778795737,True,True
2891961,13.83100000,8.41900000,116.44318900,1627778795739,True,True
2891962,13.83100000,13.00000000,179.80300000,1627778795748,True,True
2891963,13.83100000,1.17100000,16.19610100,1627778795757,True,True
2891964,13.82900000,22.59000000,312.39711000,1627778795783,True,True
2891965,13.82900000,22.59000000,312.39711000,1627778795798,True,True
2891966,13.82900000,5.72700000,79.19868300,1627778795812,True,True
2891967,13.82800000,144.27300000,1995.00704400,1627778795812,True,True
2891968,13.82800000,120.00000000,1659.36000000,1627778795813,True,True
2891969,13.81900000,0.72300000,9.99113700,1627778806258,True,True
2891970,13.83300000,4.98900000,69.01283700,1627778827236,False,True
2891971,13.83500000,8.41900000,116.47686500,1627778842478,False,True
2891972,13.83500000,1167.28500000,16149.38797500,1627778842488,False,True
2891973,13.83500000,31.04200000,429.46607000,1627778842495,False,True
2891974,13.85700000,11.82500000,163.85902500,1627778851370,False,True
2891975,13.85700000,0.47500000,6.58207500,1627778853021,False,True
2891976,13.84400000,36.13900000,500.30831600,1627778906136,False,True
2891977,13.84500000,1.44500000,20.00602500,1627778906911,False,True
2891978,13.82500000,2.42400000,33.51180000,1627778915985,True,True
2891979,13.82000000,9.40100000,129.92182000,1627778915985,True,True
2891980,13.83900000,1.00000000,13.83900000,1627778963769,False,True
2891981,13.83500000,0.73000000,10.09955000,1627778974237,False,True
2891982,13.81900000,0.09700000,1.34044300,1627779027805,True,True
2891983,13.81500000,1.10000000,15.19650000,1627779041647,True,True
2891984,13.83300000,4.78500000,66.19090500,1627779042905,False,True
2891985,13.81700000,0.73000000,10.08641000,1627779068826,True,True
2891986,13.82600000,2.00000000,27.65200000,1627779071756,False,True
2891987,13.82700000,0.82700000,11.43492900,1627779143675,False,True
2891988,13.82700000,588.43000000,8136.22161000,1627779171030,False,True
2891989,13.82700000,588.43000000,8136.22161000,1627779171031,False,True
2891990,13.82700000,151.96800000,2101.26153600,1627779171038,False,True
2891991,13.82700000,43.76900000,605.19396300,1627779173136,False,True
2891992,13.82000000,8.41900000,116.35058000,1627779192482,True,True
2891993,13.82000000,27.76000000,383.64320000,1627779192494,True,True
2891994,13.82700000,3.08900000,42.71160300,1627779254334,False,True
2891995,13.82700000,32.35300000,447.34493100,1627779254339,False,True
2891996,13.82700000,8.41900000,116.40951300,1627779254341,False,True
2891997,13.82700000,11.82500000,163.50427500,1627779254341,False,True
2891998,13.82700000,70.89000000,980.19603000,1627779254346,False,True
2891999,13.82700000,1.09800000,15.18204600,1627779281948,False,True
2892000,13.84700000,0.82000000,11.35454000,1627779295073,False,True
2892001,13.84900000,0.73100000,10.12361900,1627779296563,False,True
2892002,13.83800000,1.00000000,13.83800000,1627779321309,False,True
2892003,13.83800000,47.95300000,663.57361400,1627779321312,False,True
2892004,13.83700000,8.41900000,116.49370300,1627779321318,True,True
2892005,13.83700000,11.05600000,152.98187200,1627779321321,True,True
2892006,13.83800000,40.00000000,553.52000000,1627779321355,False,True
2892007,13.83800000,12.00000000,166.05600000,1627779321517,False,True
2892008,13.83800000,3.00000000,41.51400000,1627779321556,False,True
2892009,13.83200000,0.76900000,10.63680800,1627779321830,True,True
2892010,13.83800000,3.00000000,41.51400000,1627779332060,False,True
2892011,13.82800000,6.31300000,87.29616400,1627779332542,True,True
2892012,13.83800000,5.42000000,75.00196000,1627779343517,False,True
2892013,13.82000000,5.86000000,80.98520000,1627779419007,True,True
2892014,13.83200000,13.00000000,179.81600000,1627779487021,False,True
2892015,13.83200000,38.98100000,539.18519200,1627779487021,False,True
2892016,13.83700000,44.27200000,612.59166400,1627779487021,False,True
2892017,13.82000000,2.83600000,39.19352000,1627779537147,True,True
2892018,13.81900000,0.82000000,11.33158000,1627779538528,True,True
2892019,13.80500000,0.95000000,13.11475000,1627779582379,True,True
2892020,13.80500000,1.79800000,24.82139000,1627779582379,True,True
2892021,13.80100000,1.01300000,13.98041300,1627779584303,True,True
2892022,13.80100000,1.01300000,13.98041300,1627779584303,True,True
2892023,13.80100000,1.01300000,13.98041300,1627779584303,True,True
2892024,13.80100000,1.01300000,13.98041300,1627779584303,True,True
2892025,13.80100000,1.01300000,13.98041300,1627779584303,True,True
2892026,13.80100000,1.01300000,13.98041300,1627779584303,True,True
2892027,13.80100000,1.01300000,13.98041300,1627779584303,True,True
2892028,13.80100000,0.15800000,2.18055800,1627779584303,True,True
2892029,13.80100000,0.85500000,11.79985500,1627779584303,True,True
2892030,13.80100000,0.58000000,8.00458000,1627779584303,True,True
2892031,13.80000000,62.16600000,857.89080000,1627779584312,True,True
2892032,13.79500000,0.77000000,10.62215000,1627779584369,True,True
2892033,13.79100000,0.82000000,11.30862000,1627779586648,True,True
2892034,13.78500000,1.58000000,21.78030000,1627779586648,True,True
2892035,13.78500000,0.74300000,10.24225500,1627779587672,True,True
2892036,13.81400000,7.23900000,99.99954600,1627779596776,False,True
2892037,13.77900000,0.95000000,13.09005000,1627779623296,True,True
2892038,13.79300000,101.39600000,1398.55502800,1627779624394,True,True
2892039,13.77200000,13.00000000,179.03600000,1627779630082,True,True
2892040,13.77100000,1.89300000,26.06850300,1627779630082,True,True
2892041,13.76300000,0.82000000,11.28566000,1627779630082,True,True
2892042,13.75700000,8.42000000,115.83394000,1627779630082,True,True
2892043,13.75700000,7.06200000,97.15193400,1627779630082,True,True
2892044,13.75600000,4.62400000,63.60774400,1627779630082,True,True
2892045,13.75400000,0.95000000,13.06630000,1627779630082,True,True
2892046,13.73900000,2.08700000,28.67329300,1627779630082,True,True
2892047,13.73900000,41.14400000,565.27741600,1627779630082,True,True
2892048,13.75600000,13.00000000,178.82800000,1627779639619,True,True
2892049,13.73900000,13.00000000,178.60700000,1627779640745,True,True
2892050,13.73900000,13.00000000,178.60700000,1627779643571,True,True
2892051,13.73600000,1.45700000,20.01335200,1627779644222,True,True
2892052,13.73400000,0.77000000,10.57518000,1627779644381,True,True
2892053,13.73400000,0.82000000,11.26188000,1627779644381,True,True
2892054,13.72800000,0.95000000,13.04160000,1627779652162,True,True
2892055,13.71600000,1.99600000,27.37713600,1627779659056,True,True
2892056,13.70700000,1.13000000,15.48891000,1627779713289,True,True
2892057,13.70600000,0.82000000,11.23892000,1627779713310,True,True
2892058,13.70600000,7.29600000,99.99897600,1627779713310,True,True
2892059,13.72800000,8.41900000,115.57603200,1627779792559,False,True
2892060,13.72700000,1.09300000,15.00361100,1627779794574,True,True
2892061,13.73000000,3.64100000,49.99093000,1627779814658,False,True
2892062,13.70200000,0.95000000,13.01690000,1627779834624,True,True
2892063,13.70200000,1.04800000,14.35969600,1627779834632,False,True
2892064,13.70000000,4.64300000,63.60910000,1627779849792,True,True
2892065,13.70000000,19.54800000,267.80760000,1627779849792,True,True
2892066,13.70000000,0.80000000,10.96000000,1627779849872,False,True
2892067,13.70000000,75.60500000,1035.78850000,1627779849881,False,True
2892068,13.70000000,0.80000000,10.96000000,1627779849942,False,True
2892069,13.69500000,16.34700000,223.87216500,1627779865956,True,True
2892070,13.69500000,0.00100000,0.01369500,1627779865957,True,True
2892071,13.70500000,1.84400000,25.27202000,1627779945343,True,True
2892072,13.71400000,1.84400000,25.28861600,1627779948746,False,True
2892073,13.70500000,1.84400000,25.27202000,1627779959142,True,True
2892074,13.69100000,0.77500000,10.61052500,1627780031583,True,True
2892075,13.70900000,1.84400000,25.27939600,1627780075543,False,True
2892076,13.69400000,1.84400000,25.25173600,1627780081555,True,True
2892077,13.71000000,1.10000000,15.08100000,1627780097283,True,True
2892078,13.72500000,13.00000000,178.42500000,1627780120804,False,True
2892079,13.72500000,13.00000000,178.42500000,1627780120860,False,True
2892080,13.72600000,33.30000000,457.07580000,1627780120908,False,True
2892081,13.72600000,22.40000000,307.46240000,1627780120957,False,True
2892082,13.72600000,0.02800000,0.38432800,1627780121747,False,True
2892083,13.73400000,0.82000000,11.26188000,1627780175497,False,True
2892084,13.73500000,11.00500000,151.15367500,1627780175497,False,True
2892085,13.73500000,142.30000000,1954.49050000,1627780175561,False,True
2892086,13.72600000,16.81000000,230.73406000,1627780188285,True,True
2892087,13.70900000,11.82500000,162.10892500,1627780205194,True,True
2892088,13.72000000,0.82700000,11.34644000,1627780265801,True,True
2892089,13.70700000,1.14900000,15.74934300,1627780304093,True,True
2892090,13.70600000,0.82000000,11.23892000,1627780304093,True,True
2892091,13.69100000,0.83700000,11.45936700,1627780339534,True,True
2892092,13.68800000,0.90400000,12.37395200,1627780339625,True,True
2892093,13.68400000,3.40000000,46.52560000,1627780339763,True,True
2892094,13.68200000,0.97600000,13.35363200,1627780342941,True,True
2892095,13.67800000,0.82000000,11.21596000,1627780343939,True,True
2892096,13.67700000,0.95000000,12.99315000,1627780345091,True,True
2892097,13.67300000,0.77000000,10.52821000,1627780346821,True,True
2892098,13.67300000,2.30000000,31.44790000,1627780346821,True,True
2892099,13.67100000,1.05500000,14.42290500,1627780346852,True,True
2892100,13.66500000,1.47500000,20.15587500,1627780354805,True,True
2892101,13.66500000,19.50500000,266.53582500,1627780354805,True,True
2892102,13.66300000,2.20400000,30.11325200,1627780355358,True,True
2892103,13.65600000,2.16200000,29.52427200,1627780356458,True,True
2892104,13.65600000,0.73300000,10.00984800,1627780454410,True,True
2892105,13.66800000,11.82500000,161.62410000,1627780462770,False,True
2892106,13.66800000,7.07200000,96.66009600,1627780462817,False,True
2892107,13.67800000,11.82500000,161.74235000,1627780530758,True,True
2892108,13.69200000,1.02300000,14.00691600,1627780542449,False,True
2892109,13.69200000,1.02300000,14.00691600,1627780542449,False,True
2892110,13.69200000,1.02300000,14.00691600,1627780542449,False,True
2892111,13.69200000,1.02300000,14.00691600,1627780542449,False,True
2892112,13.69200000,1.02300000,14.00691600,1627780542449,False,True
2892113,13.69200000,1.02300000,14.00691600,1627780542449,False,True
2892114,13.69200000,1.02300000,14.00691600,1627780542449,False,True
2892115,13.69200000,1.02300000,14.00691600,1627780542449,False,True
2892116,13.69200000,0.58700000,8.03720400,1627780542449,False,True
2892117,13.69200000,0.73800000,10.10469600,1627780543549,True,True
2892118,13.69200000,7.68100000,105.16825200,1627780570090,True,True
2892119,13.69200000,14.31700000,196.02836400,1627780570143,True,True
2892120,13.69200000,25.95400000,355.36216800,1627780570143,True,True
2892121,13.69200000,104.25900000,1427.51422800,1627780570143,True,True
2892122,13.66800000,8.77100000,119.88202800,1627780629283,True,True
2892123,13.66800000,4.22900000,57.80197200,1627780629306,True,True
2892124,13.66400000,8.41900000,115.03721600,1627780663052,False,True
2892125,13.65900000,0.76900000,10.50377100,1627780666558,True,True
2892126,13.66800000,1.77700000,24.28803600,1627780675712,True,True
2892127,13.67400000,1.77700000,24.29869800,1627780695673,True,True
2892128,13.67600000,17.64400000,241.29934400,1627780708313,True,True
2892129,13.67600000,2.35600000,32.22065600,1627780708313,True,True
2892130,13.69700000,11.82500000,161.96702500,1627780747737,False,True
2892131,13.68000000,1.77500000,24.28200000,1627780774642,True,True
2892132,13.68000000,6.64400000,90.88992000,1627780831890,True,True
2892133,13.68000000,11.82500000,161.76600000,1627780831909,True,True
2892134,13.68000000,6.25500000,85.56840000,1627780833235,True,True
2892135,13.68000000,11.82500000,161.76600000,1627780833665,True,True
2892136,13.67200000,8.22200000,112.41118400,1627780840358,True,True
2892137,13.65200000,0.95000000,12.96940000,1627780939911,True,True
2892138,13.65200000,1.14200000,15.59058400,1627780939911,True,True
2892139,13.65000000,0.82000000,11.19300000,1627780940017,True,True
2892140,13.64800000,2.10600000,28.74268800,1627780940068,True,True
2892141,13.64500000,4.66200000,63.61299000,1627780940453,True,True
2892142,13.62800000,0.95000000,12.94660000,1627780945621,True,True
2892143,13.62400000,1.23500000,16.82564000,1627780947403,True,True
2892144,13.62400000,0.81000000,11.03544000,1627780947403,True,True
2892145,13.62100000,0.82000000,11.16922000,1627780951015,True,True
2892146,13.62000000,1.61600000,22.00992000,1627780951044,True,True
2892147,13.61700000,1.46900000,20.00337300,1627780951601,True,True
2892148,13.63200000,0.74100000,10.10131200,1627780992778,False,True
2892149,13.62800000,12.27100000,167.22918800,1627781030681,True,True
2892150,13.64500000,11.82500000,161.35212500,1627781050418,False,True
2892151,13.65000000,0.82000000,11.19300000,1627781063987,False,True
2892152,13.65000000,2.15500000,29.41575000,1627781107021,False,True
2892153,13.66600000,9.61600000,131.41225600,1627781151366,True,True
2892154,13.66600000,14.10600000,192.77259600,1627781151366,True,True
2892155,13.66100000,2.97500000,40.64147500,1627781151475,True,True
2892156,13.67400000,13.00000000,177.76200000,1627781255561,False,True
2892157,13.67400000,13.00000000,177.76200000,1627781255607,False,True
2892158,13.64600000,1.02400000,13.97350400,1627781337901,True,True
2892159,13.64600000,1.02400000,13.97350400,1627781337901,True,True
2892160,13.64600000,1.02400000,13.97350400,1627781337901,True,True
2892161,13.64600000,1.02400000,13.97350400,1627781337901,True,True
2892162,13.64600000,1.02400000,13.97350400,1627781337901,True,True
2892163,13.64600000,1.02400000,13.97350400,1627781337901,True,True
2892164,13.64600000,1.02400000,13.97350400,1627781337901,True,True
2892165,13.64600000,1.02400000,13.97350400,1627781337901,True,True
2892166,13.64600000,0.59200000,8.07843200,1627781337901,True,True
2892167,13.64500000,3.04100000,41.49444500,1627781337901,True,True
2892168,13.64500000,143.53200000,1958.49414000,1627781339068,True,True
2892169,13.65800000,7.39400000,100.98725200,1627781391004,False,True
2892170,13.65800000,11.82500000,161.50585000,1627781394969,False,True
2892171,13.66400000,0.78700000,10.75356800,1627781438841,True,True
2892172,13.67800000,0.82000000,11.21596000,1627781452967,False,True
2892173,13.68000000,0.95000000,12.99600000,1627781453011,False,True
2892174,13.65000000,0.82000000,11.19300000,1627781491173,True,True
2892175,13.64900000,0.82000000,11.19218000,1627781660112,False,True
2892176,13.65000000,2.64400000,36.09060000,1627781660158,False,True
2892177,13.65000000,4.82500000,65.86125000,1627781660158,False,True
2892178,13.65000000,32.25800000,440.32170000,1627781660214,False,True
2892179,13.65000000,70.00000000,955.50000000,1627781660215,False,True
2892180,13.65000000,20.00000000,273.00000000,1627781660216,False,True
2892181,13.65000000,10.00000000,136.50000000,1627781660217,False,True
2892182,13.65000000,30.00000000,409.50000000,1627781660219,False,True
2892183,13.65000000,50.00000000,682.50000000,1627781660230,False,True
2892184,13.65000000,40.00000000,546.00000000,1627781660234,False,True
2892185,13.65000000,10.00000000,136.50000000,1627781660236,False,True
2892186,13.65000000,54.06200000,737.94630000,1627781660246,False,True
2892187,13.65000000,7.46900000,101.95185000,1627781660248,False,True
2892188,13.65400000,11.82500000,161.45855000,1627781688129,True,True
2892189,13.65400000,11.82500000,161.45855000,1627781735096,False,True
2892190,13.65400000,43.71800000,596.92557200,1627781758681,False,True
2892191,13.65400000,3.64800000,49.80979200,1627781759184,True,True
2892192,13.63900000,8.22200000,112.13985800,1627781764885,True,True
2892193,13.62800000,0.95000000,12.94660000,1627781814323,True,True
2892194,13.62100000,0.82000000,11.16922000,1627781818344,True,True
2892195,13.61900000,19.39900000,264.19498100,1627781818344,True,True
2892196,13.61800000,12.01300000,163.59303400,1627781818344,True,True
2892197,13.62300000,21.34800000,290.82380400,1627781929278,False,True
2892198,13.61200000,0.77000000,10.48124000,1627781935217,True,True
2892199,13.60500000,3.67600000,50.01198000,1627781935405,True,True
2892200,13.60300000,0.95000000,12.92285000,1627781937081,True,True
2892201,13.60000000,0.77200000,10.49920000,1627781937081,True,True
2892202,13.61600000,11.66400000,158.81702400,1627781961768,False,True
2892203,13.60200000,100.98000000,1373.52996000,1627782062506,True,True
2892204,13.60200000,25.83700000,351.43487400,1627782062506,True,True
2892205,13.60100000,13.00000000,176.81300000,1627782062506,True,True
2892206,13.60000000,140.00000000,1904.00000000,1627782062515,False,True
2892207,13.60000000,20.18300000,274.48880000,1627782062516,False,True
2892208,13.60000000,0.77800000,10.58080000,1627782084193,True,True
2892209,13.60800000,4.74300000,64.54274400,1627782221542,True,True
2892210,13.61000000,8.40000000,114.32400000,1627782221558,False,True
2892211,13.61000000,41.97100000,571.22531000,1627782221567,False,True
2892212,13.61000000,5.18300000,70.54063000,1627782221568,False,True
2892213,13.61600000,8.41900000,114.63310400,1627782300786,False,True
2892214,13.62000000,0.74200000,10.10604000,1627782310388,False,True
2892215,13.62000000,2.93800000,40.01556000,1627782346369,True,True
2892216,13.61600000,0.80700000,10.98811200,1627782385950,True,True
2892217,13.61200000,11.82500000,160.96190000,1627782385950,True,True
2892218,13.62400000,5.50000000,74.93200000,1627782418757,False,True
2892219,13.62400000,1.46800000,20.00003200,1627782424194,False,True
2892220,13.61000000,4.67400000,63.61314000,1627782442993,True,True
2892221,13.62100000,11.82500000,161.06832500,1627782497613,False,True
2892222,13.62100000,8.41900000,114.67519900,1627782497774,False,True
2892223,13.61100000,8.41900000,114.59100900,1627782514235,True,True
2892224,13.61100000,6.10000000,83.02710000,1627782529701,False,True
2892225,13.61100000,2.40000000,32.66640000,1627782529753,False,True
2892226,13.61100000,6.10000000,83.02710000,1627782529802,False,True
2892227,13.60400000,11.82500000,160.86730000,1627782551047,True,True
2892228,13.60800000,14.69700000,199.99677600,1627782551960,False,True
2892229,13.61100000,8.41900000,114.59100900,1627782554038,False,True
2892230,13.61100000,11.82500000,160.95007500,1627782563433,False,True
2892231,13.61100000,9.22700000,125.58869700,1627782563507,False,True
2892232,13.60600000,21.97800000,299.03266800,1627782568389,True,True
2892233,13.61100000,70.01300000,952.94694300,1627782602225,False,True
2892234,13.61100000,13.03900000,177.47382900,1627782602236,False,True
2892235,13.61100000,20.00000000,272.22000000,1627782602241,False,True
2892236,13.61100000,70.01300000,952.94694300,1627782602415,False,True
2892237,13.61200000,8.41900000,114.59942800,1627782623643,True,True
2892238,13.61200000,2.59500000,35.32314000,1627782623660,True,True
2892239,13.61700000,1.11200000,15.14210400,1627782693267,False,True
2892240,13.61900000,8.41900000,114.65836100,1627782781506,False,True
2892241,13.61900000,2.59500000,35.34130500,1627782781512,False,True
2892242,13.64700000,13.00000000,177.41100000,1627782782830,False,True
2892243,13.64700000,13.00000000,177.41100000,1627782784881,False,True
2892244,13.65000000,0.82000000,11.19300000,1627782790117,False,True
2892245,13.65500000,0.95000000,12.97225000,1627782802070,False,True
2892246,13.65000000,10.00000000,136.50000000,1627782803050,False,True
2892247,13.63900000,7.54600000,102.91989400,1627782805751,True,True
2892248,13.62100000,0.82000000,11.16922000,1627782845698,True,True
2892249,13.61400000,11.82500000,160.98555000,1627782845882,True,True
2892250,13.60300000,0.95000000,12.92285000,1627782878898,True,True
2892251,13.60000000,14.66600000,199.45760000,1627782878898,True,True
2892252,13.59300000,0.82000000,11.14626000,1627782878898,True,True
2892253,13.59300000,4.91200000,66.76881600,1627782878898,True,True
2892254,13.59100000,0.73600000,10.00297600,1627782878898,True,True
2892255,13.59000000,4.68000000,63.60120000,1627782878898,True,True
2892256,13.59000000,7.84200000,106.57278000,1627782878898,True,True
2892257,13.58800000,0.85200000,11.57697600,1627782878898,True,True
2892258,13.58700000,1.02800000,13.96743600,1627782878898,True,True
2892259,13.58700000,1.02800000,13.96743600,1627782878898,True,True
2892260,13.58700000,1.02800000,13.96743600,1627782878898,True,True
2892261,13.58700000,1.02800000,13.96743600,1627782878898,True,True
2892262,13.58700000,1.02800000,13.96743600,1627782878898,True,True
2892263,13.58700000,1.02800000,13.96743600,1627782878898,True,True
2892264,13.58700000,1.02800000,13.96743600,1627782878898,True,True
2892265,13.58700000,1.02800000,13.96743600,1627782878898,True,True
2892266,13.58700000,0.03700000,0.50271900,1627782878898,True,True
2892267,13.61900000,11.82500000,161.04467500,1627782927746,False,True
2892268,13.61900000,13.00000000,177.04700000,1627782982837,False,True
2892269,13.61900000,1.02800000,14.00033200,1627782982837,False,True
2892270,13.62100000,0.82000000,11.16922000,1627782982870,False,True
2892271,13.61900000,0.87300000,11.88938700,1627783020833,True,True
2892272,13.61900000,11.82500000,161.04467500,1627783020866,True,True
2892273,13.61900000,3.27900000,44.65670100,1627783047427,True,True
2892274,13.64200000,11.82500000,161.31665000,1627783102253,False,True
2892275,13.64200000,21.36400000,291.44768800,1627783173894,True,True
2892276,13.65000000,0.82000000,11.19300000,1627783213258,False,True
2892277,13.65500000,0.95000000,12.97225000,1627783221809,False,True
2892278,13.65000000,11.82500000,161.41125000,1627783267009,True,True
2892279,13.62200000,26.54800000,361.63685600,1627783315290,True,True
2892280,13.62200000,6.26900000,85.39631800,1627783315290,True,True
2892281,13.63800000,51.30000000,699.62940000,1627783346855,False,True
2892282,13.62100000,0.82000000,11.16922000,1627783367028,True,True
2892283,13.61900000,35.70300000,486.23915700,1627783369698,True,True
2892284,13.61900000,29.88900000,407.05829100,1627783369920,True,True
2892285,13.60300000,0.95000000,12.92285000,1627783417473,True,True
2892286,13.60000000,1.02000000,13.87200000,1627783418285,True,True
2892287,13.59300000,0.82000000,11.14626000,1627783428877,True,True
2892288,13.58400000,1.33800000,18.17539200,1627783432037,True,True
2892289,13.57800000,0.95000000,12.89910000,1627783495920,True,True
2892290,13.57800000,2.94600000,40.00078800,1627783495920,True,True
2892291,13.58400000,8.41900000,114.36369600,1627783496902,False,True
2892292,13.57600000,1.84200000,25.00699200,1627783511127,True,True
2892293,13.57600000,1.47400000,20.01102400,1627783511127,True,True
2892294,13.57600000,2.57900000,35.01250400,1627783511127,True,True
2892295,13.57300000,0.73700000,10.00330100,1627783513937,True,True
2892296,13.57100000,2.22400000,30.18190400,1627783514061,True,True
2892297,13.58400000,6.63200000,90.08908800,1627783533870,False,True
2892298,13.58400000,100.15300000,1360.47835200,1627783548195,False,True
2892299,13.58800000,8.41900000,114.39737200,1627783664010,True,True
2892300,13.58800000,2.10000000,28.53480000,1627783666427,True,True
2892301,13.58800000,38.66700000,525.40719600,1627783668873,True,True
2892302,13.59900000,3.67600000,49.98992400,1627783691025,False,True
2892303,13.59300000,309.81300000,4211.28810900,1627783700901,True,True
2892304,13.58800000,2.10000000,28.53480000,1627783708056,True,True
2892305,13.59800000,8.41900000,114.48156200,1627783719887,False,True
2892306,13.60300000,11.82500000,160.85547500,1627783719905,False,True
2892307,13.60300000,1.91300000,26.02253900,1627783739421,True,True
2892308,13.60300000,29.40600000,400.00981800,1627783801915,True,True
2892309,13.60300000,4.71300000,64.11093900,1627783809902,True,True
2892310,13.60300000,4.71300000,64.11093900,1627783848269,False,True
2892311,13.60300000,1.16100000,15.79308300,1627783848284,False,True
2892312,13.60000000,8.41900000,114.49840000,1627783876475,True,True
2892313,13.62100000,0.82000000,11.16922000,1627783976996,False,True
2892314,13.63000000,0.95000000,12.94850000,1627783997754,False,True
2892315,13.63000000,0.98500000,13.42555000,1627784029693,False,True
2892316,13.60800000,3.67400000,49.99579200,1627784083402,False,True
2892317,13.59300000,0.82000000,11.14626000,1627784083631,True,True
2892318,13.58800000,11.00500000,149.53594000,1627784083631,True,True
2892319,13.60000000,50.00000000,680.00000000,1627784083638,True,True
2892320,13.60000000,53.13400000,722.62240000,1627784083642,True,True
2892321,13.60000000,91.49400000,1244.31840000,1627784083642,True,True
2892322,13.60000000,10.00000000,136.00000000,1627784083643,True,True
2892323,13.60000000,20.00000000,272.00000000,1627784083645,True,True
2892324,13.60000000,1.77000000,24.07200000,1627784083696,True,True
2892325,13.60000000,10.05500000,136.74800000,1627784085124,True,True
2892326,13.60900000,1.08300000,14.73854700,1627784144691,False,True
2892327,13.58900000,13.00000000,176.65700000,1627784428213,True,True
2892328,13.58600000,7.50700000,101.99010200,1627784428510,True,True
2892329,13.58400000,0.73700000,10.01140800,1627784428829,True,True
2892330,13.58400000,2.00000000,27.16800000,1627784428829,True,True
2892331,13.58100000,6.90000000,93.70890000,1627784480466,True,True
2892332,13.59700000,1.14700000,15.59575900,1627784496839,False,True
2892333,13.60700000,11.82500000,160.90277500,1627784581387,False,True
2892334,13.60200000,22.02200000,299.54324400,1627784600085,True,True
2892335,13.58600000,0.98500000,13.38221000,1627784601467,True,True
2892336,13.58600000,11.82500000,160.65445000,1627784609747,True,True
2892337,13.61100000,11.82500000,160.95007500,1627784791648,False,True
2892338,13.61100000,1.17500000,15.99292500,1627784791659,False,True
2892339,13.62100000,0.82000000,11.16922000,1627784793719,False,True
2892340,13.62100000,6.42400000,87.50130400,1627784793719,False,True
2892341,13.62100000,6.57600000,89.57169600,1627784793721,False,True
2892342,13.62700000,2.20400000,30.03390800,1627784809951,True,True
2892343,13.63600000,28.18800000,384.37156800,1627784815700,True,True
2892344,13.63600000,4.01400000,54.73490400,1627784815714,True,True
2892345,13.63600000,7.54300000,102.85634800,1627784815718,True,True
2892346,13.63500000,4.01400000,54.73089000,1627784815720,True,True
2892347,13.61200000,13.00000000,176.95600000,1627784821906,True,True
2892348,13.61100000,1.02700000,13.97849700,1627784821906,True,True
2892349,13.61100000,0.97300000,13.24350300,1627784821906,True,True
2892350,13.65000000,0.82000000,11.19300000,1627784880926,False,True
2892351,13.65500000,0.95000000,12.97225000,1627784887263,False,True
2892352,13.65800000,51.44700000,702.66312600,1627784887263,False,True
2892353,13.66500000,52.01800000,710.82597000,1627784887263,False,True
2892354,13.66600000,8.42000000,115.06772000,1627784887263,False,True
2892355,13.66600000,59.56800000,814.05628800,1627784887263,False,True
2892356,13.65300000,5.59700000,76.41584100,1627784952239,True,True
2892357,13.64000000,25.81900000,352.17116000,1627784968094,True,True
2892358,13.64000000,3.19400000,43.56616000,1627784968101,False,True
2892359,13.64000000,20.94500000,285.68980000,1627784968108,False,True
2892360,13.67200000,1.97400000,26.98852800,1627785035947,False,True
2892361,13.67000000,0.73900000,10.10213000,1627785071131,False,True
2892362,13.67000000,0.73900000,10.10213000,1627785071986,False,True
2892363,13.66600000,2.00000000,27.33200000,1627785074489,False,True
2892364,13.65300000,11.82500000,161.44672500,1627785081087,True,True
2892365,13.64500000,14.65700000,199.99476500,1627785142100,True,True
2892366,13.64000000,8.41900000,114.83516000,1627785186789,True,True
2892367,13.64000000,2.57800000,35.16392000,1627785186907,True,True
2892368,13.64000000,1.46600000,19.99624000,1627785186907,True,True
2892369,13.62600000,4.00000000,54.50400000,1627785187040,True,True
2892370,13.64000000,10.90000000,148.67600000,1627785198914,True,True
2892371,13.64000000,0.09700000,1.32308000,1627785198922,True,True
2892372,13.64000000,0.73400000,10.01176000,1627785268992,True,True
2892373,13.64300000,8.41900000,114.86041700,1627785273607,False,True
2892374,13.64300000,3.66400000,49.98795200,1627785286445,False,True
2892375,13.62600000,8.41900000,114.71729400,1627785299030,True,True
2892376,13.64300000,168.56800000,2299.77322400,1627785334391,False,True
2892377,13.64400000,11.82500000,161.34030000,1627785334412,False,True
2892378,13.64400000,8.41900000,114.86883600,1627785334427,False,True
2892379,13.64400000,31.04200000,423.53704800,1627785334959,False,True
2892380,13.64400000,3.00000000,40.93200000,1627785350045,False,True
2892381,13.66600000,13.00000000,177.65800000,1627785373205,False,True
2892382,13.66600000,55.27000000,755.31982000,1627785373205,False,True
2892383,13.66800000,92.03100000,1257.87970800,1627785373205,False,True
2892384,13.67300000,0.77000000,10.52821000,1627785373205,False,True
2892385,13.67800000,0.82000000,11.21596000,1627785373205,False,True
2892386,13.67800000,4.68000000,64.01304000,1627785373205,False,True
2892387,13.68000000,0.95000000,12.99600000,1627785373205,False,True
2892388,13.68000000,32.83400000,449.16912000,1627785373205,False,True
2892389,13.65100000,23.66500000,323.05091500,1627785373205,True,True
2892390,13.65000000,1.02400000,13.97760000,1627785373205,True,True
2892391,13.65000000,1.02400000,13.97760000,1627785373205,True,True
2892392,13.65000000,1.02400000,13.97760000,1627785373205,True,True
2892393,13.65000000,1.02400000,13.97760000,1627785373205,True,True
2892394,13.65000000,1.02400000,13.97760000,1627785373205,True,True
2892395,13.65000000,1.02400000,13.97760000,1627785373205,True,True
2892396,13.65000000,1.02400000,13.97760000,1627785373205,True,True
2892397,13.65000000,1.02400000,13.97760000,1627785373205,True,True
2892398,13.65000000,0.59200000,8.08080000,1627785373205,True,True
2892399,13.64900000,63.87600000,871.84352400,1627785373205,True,True
2892400,13.64600000,2.65000000,36.16190000,1627785373205,True,True
2892401,13.65000000,0.82000000,11.19300000,1627785377176,True,True
2892402,13.64600000,11.00500000,150.17423000,1627785377176,True,True
2892403,13.64700000,8.41900000,114.89409300,1627785424854,True,True
2892404,13.64700000,0.90900000,12.40512300,1627785431848,True,True
2892405,13.64700000,4.62700000,63.14466900,1627785506362,False,True
2892406,13.65600000,6.02400000,82.26374400,1627785537248,False,True
2892407,13.65300000,3.35300000,45.77850900,1627785639598,False,True
2892408,13.64700000,4.62700000,63.14466900,1627785643327,True,True
2892409,13.64700000,58.64900000,800.38290300,1627785646089,True,True
2892410,13.64700000,10.00000000,136.47000000,1627785646103,True,True
2892411,13.65200000,2.19500000,29.96614000,1627785674199,False,True
2892412,13.64000000,3.33900000,45.54396000,1627785781052,True,True
2892413,13.63900000,61.97600000,845.29066400,1627785781052,True,True
2892414,13.65500000,8.41900000,114.96144500,1627785802379,False,True
2892415,13.66000000,11.82500000,161.52950000,1627785802381,False,True
2892416,13.66000000,1.93700000,26.45942000,1627785900321,True,True
2892417,13.66000000,0.73700000,10.06742000,1627785924299,False,True
2892418,13.67200000,13.00000000,177.73600000,1627785944444,False,True
2892419,13.67200000,125.83100000,1720.36143200,1627785944444,False,True
2892420,13.67700000,6.31300000,86.34290100,1627785944483,False,True
2892421,13.67700000,6.68700000,91.45809900,1627785944485,False,True
2892422,13.67800000,0.82000000,11.21596000,1627785944621,False,True
2892423,13.69400000,4.00000000,54.77600000,1627785990448,True,True
2892424,13.70400000,0.95000000,13.01880000,1627785993330,False,True
2892425,13.70600000,0.82000000,11.23892000,1627785993515,False,True
2892426,13.70600000,94.54000000,1295.76524000,1627786028345,True,True
2892427,13.69300000,1.14700000,15.70587100,1627786028769,True,True
2892428,13.70100000,11.44500000,156.80794500,1627786037857,True,True
2892429,13.70000000,8.41900000,115.34030000,1627786037874,True,True
2892430,13.70300000,13.00000000,178.13900000,1627786055247,True,True
2892431,13.70300000,27.98700000,383.50586100,1627786055247,True,True
2892432,13.70200000,53.55300000,733.78320600,1627786055247,True,True
2892433,13.71500000,55.97500000,767.69712500,1627786087755,False,True
2892434,13.71600000,13.00000000,178.30800000,1627786087755,False,True
2892435,13.72100000,25.43100000,348.93875100,1627786087755,False,True
2892436,13.71400000,11.82500000,162.16805000,1627786094230,False,True
2892437,13.71100000,27.98700000,383.72975700,1627786097574,True,True
2892438,13.71100000,13.00000000,178.24300000,1627786097574,True,True
2892439,13.70700000,53.41900000,732.21423300,1627786097574,True,True
2892440,13.72300000,8.26200000,113.37942600,1627786112952,False,True
2892441,13.72800000,58.68100000,805.57276800,1627786112952,False,True
2892442,13.72900000,0.95000000,13.04255000,1627786112952,False,True
2892443,13.73300000,4.66200000,64.02324600,1627786112952,False,True
2892444,13.73400000,0.82000000,11.26188000,1627786112952,False,True
2892445,13.73400000,0.77000000,10.57518000,1627786112952,False,True
2892446,13.73500000,0.05400000,0.74169000,1627786112952,False,True
2892447,13.73500000,20.09700000,276.03229500,1627786112952,False,True
2892448,13.73500000,8.41900000,115.63496500,1627786133410,False,True
2892449,13.71500000,11.82500000,162.17987500,1627786207991,True,True
2892450,13.71500000,1.17500000,16.11512500,1627786208013,True,True
2892451,13.71300000,1.19700000,16.41446100,1627786215502,True,True
2892452,13.72200000,11.82500000,162.26265000,1627786227087,False,True
2892453,13.72200000,9.99500000,137.15139000,1627786269416,False,True
2892454,13.71200000,11.82500000,162.14440000,1627786283515,True,True
2892455,13.70600000,0.82000000,11.23892000,1627786284462,True,True
2892456,13.70600000,7.59900000,104.15189400,1627786284462,True,True
2892457,13.73400000,0.82000000,11.26188000,1627786471349,False,True
2892458,13.73500000,0.73300000,10.06775500,1627786471349,False,True
2892459,13.72700000,1.55300000,21.31803100,1627786478484,True,True
2892460,13.72700000,6.31300000,86.65855100,1627786478598,True,True
2892461,13.72300000,10.00000000,137.23000000,1627786479402,True,True
2892462,13.72300000,7.69200000,105.55731600,1627786479413,True,True
2892463,13.73300000,3.42900000,47.09045700,1627786574913,False,True
2892464,13.73300000,27.19200000,373.42773600,1627786581672,False,True
2892465,13.73400000,13.00000000,178.54200000,1627786581672,False,True
2892466,13.73700000,3.49600000,48.02455200,1627786581672,False,True
2892467,13.74800000,11.82500000,162.57010000,1627786736775,False,True
2892468,13.74600000,7.13900000,98.13269400,1627786740561,False,True
2892469,13.75000000,3.84400000,52.85500000,1627786755214,False,True
2892470,13.75100000,1.27300000,17.50502300,1627786756441,False,True
2892471,13.72500000,11.82500000,162.29812500,1627786762184,True,True
2892472,13.72300000,3.84400000,52.75121200,1627786799518,True,True
2892473,13.73900000,1.01900000,14.00004100,1627786848445,False,True
2892474,13.73900000,30.69200000,421.67738800,1627786848445,False,True
2892475,13.73900000,1.01900000,14.00004100,1627786848448,False,True
2892476,13.73900000,1.01900000,14.00004100,1627786848448,False,True
2892477,13.73900000,1.01900000,14.00004100,1627786848448,False,True
2892478,13.73900000,1.01900000,14.00004100,1627786848448,False,True
2892479,13.73900000,1.01900000,14.00004100,1627786848448,False,True
2892480,13.73900000,1.01900000,14.00004100,1627786848448,False,True
2892481,13.73900000,1.01900000,14.00004100,1627786848448,False,True
2892482,13.73900000,0.58800000,8.07853200,1627786848448,False,True
2892483,13.74000000,11.82500000,162.47550000,1627786848623,False,True
2892484,13.74000000,8.41900000,115.67706000,1627786848663,False,True
2892485,13.73100000,7.28200000,99.98914200,1627786862871,True,True
2892486,13.74200000,8.41900000,115.69389800,1627786887178,True,True
2892487,13.72700000,11.82500000,162.32177500,1627786986179,True,True
2892488,13.70800000,13.00000000,178.20400000,1627786994983,True,True
2892489,13.70600000,0.82000000,11.23892000,1627786994983,True,True
2892490,13.70600000,7.18000000,98.40908000,1627786994983,True,True
2892491,13.70600000,5.96500000,81.75629000,1627786997617,True,True
2892492,13.72500000,13.16900000,180.74452500,1627787002763,False,True
2892493,13.71500000,29.49800000,404.56507000,1627787160026,False,True
2892494,13.71800000,13.00000000,178.33400000,1627787160026,False,True
2892495,13.72200000,41.92300000,575.26740600,1627787160026,False,True
2892496,13.72500000,30.46100000,418.07722500,1627787160026,False,True
2892497,13.72700000,6.87000000,94.30449000,1627787160026,False,True
2892498,13.73300000,52.00000000,714.11600000,1627787160026,False,True
2892499,13.73400000,0.82000000,11.26188000,1627787160026,False,True
2892500,13.73400000,8.10400000,111.30033600,1627787160026,False,True
2892501,13.73800000,364.72300000,5010.56457400,1627787160026,False,True
2892502,13.73900000,152.09200000,2089.59198800,1627787160026,False,True
2892503,13.74500000,6.87400000,94.48313000,1627787160026,False,True
2892504,13.74900000,7.43000000,102.15507000,1627787160026,False,True
2892505,13.75000000,14.25300000,195.97875000,1627787160026,False,True
2892506,13.70600000,0.82000000,11.23892000,1627787201567,True,True
2892507,13.70200000,13.00000000,178.12600000,1627787201644,True,True
2892508,13.70200000,13.00000000,178.12600000,1627787202880,True,True
2892509,13.70000000,0.73000000,10.00100000,1627787239171,True,True
2892510,13.70200000,3.60100000,49.34090200,1627787249786,True,True
2892511,13.70100000,0.73000000,10.00173000,1627787287704,False,True
2892512,13.69800000,8.41900000,115.32346200,1627787343971,False,True
2892513,13.70000000,11.82500000,162.00250000,1627787343994,False,True
2892514,13.70700000,0.95900000,13.14501300,1627787373881,False,True
2892515,13.69500000,8.41900000,115.29820500,1627787377934,True,True
2892516,13.69500000,11.82500000,161.94337500,1627787377935,True,True
2892517,13.70500000,8.41900000,115.38239500,1627787391456,False,True
2892518,13.70500000,11.82500000,162.06162500,1627787391471,False,True
2892519,13.69300000,13.00000000,178.00900000,1627787481574,True,True
2892520,13.69100000,4.60000000,62.97860000,1627787482864,True,True
2892521,13.70400000,5.90400000,80.90841600,1627787491763,False,True
2892522,13.68900000,170.00000000,2327.13000000,1627787515118,True,True
2892523,13.68500000,62.08600000,849.64691000,1627787515549,True,True
2892524,13.68400000,13.00000000,177.89200000,1627787515594,True,True
2892525,13.68200000,1.02200000,13.98300400,1627787515624,True,True
2892526,13.68200000,1.02200000,13.98300400,1627787515624,True,True
2892527,13.68200000,1.02200000,13.98300400,1627787515624,True,True
2892528,13.68200000,1.02200000,13.98300400,1627787515624,True,True
2892529,13.68200000,1.02200000,13.98300400,1627787515624,True,True
2892530,13.68200000,1.02200000,13.98300400,1627787515624,True,True
2892531,13.68200000,1.02200000,13.98300400,1627787515624,True,True
2892532,13.68200000,0.15400000,2.10702800,1627787515624,True,True
2892533,13.68200000,0.86800000,11.87597600,1627787515663,True,True
2892534,13.68200000,0.58700000,8.03133400,1627787515663,True,True
2892535,13.67800000,0.82000000,11.21596000,1627787515663,True,True
2892536,13.68100000,9.55000000,130.65355000,1627787565821,True,True
2892537,13.67700000,0.95000000,12.99315000,1627787573746,True,True
2892538,13.67700000,13.00000000,177.80100000,1627787573746,True,True
2892539,13.67300000,0.77000000,10.52821000,1627787573828,True,True
2892540,13.66800000,8.41900000,115.07089200,1627787573950,True,True
2892541,13.66800000,0.00100000,0.01366800,1627787573962,True,True
2892542,13.65200000,0.95000000,12.96940000,1627787581267,True,True
2892543,13.65000000,0.82000000,11.19300000,1627787582145,True,True
2892544,13.64500000,4.66200000,63.61299000,1627787590010,True,True
2892545,13.64000000,2.20000000,30.00800000,1627787593701,True,True
2892546,13.63900000,60.04700000,818.98103300,1627787620890,True,True
2892547,13.63900000,44.52400000,607.26283600,1627787620890,True,True
